{"host":"121m0oxswv9tg9hk","time":1608681767,"event":{"mods":["AchievementEnabler","BaseMod","Better Third Choice","Downfall","Hermit","Hubris","Infinite Spire","MarisaÅiñ∂âJÅ@ñÇóùçπÅj","Minty Spire (QoL Compilation)","Replay The Spire","Shade Mod","StSLib","The Construct","The Cursed","The Gatherer","The Hierophant","The Mystic"],"gold_per_floor":[14,14,26,41,41,41,60,91,114,127,142,142,170,183,183,281,331,345,365,28,28,1,26,26,42,42,42,68,79,89,101,101,204,204,237,237,271,305,305,77,99,28,28,42,42,62,62,91,91,97,97,97,18,56,106,106],"floor_reached":55,"playtime":4450,"items_purged":["Strike_MRS"],"score":1134,"play_id":"48d9336c-1b5c-48bc-94cd-6e3bf163b93d","local_time":"20201223010247","is_ascension_mode":true,"campfire_choices":[{"data":"StarDustReverie","floor":6.0,"key":"SMITH"},{"floor":12.0,"key":"REST"},{"data":"Singularity","floor":15.0,"key":"SMITH"},{"floor":24.0,"key":"REST"},{"data":"SatelliteIllusion","floor":27.0,"key":"SMITH"},{"floor":32.0,"key":"REST"},{"floor":45,"key":"RECALL"},{"floor":47,"key":"REST"},{"floor":49,"key":"REST"},{"floor":52,"key":"REST"}],"circlet_count":0,"master_deck":["Defend_MRS","Defend_MRS","Defend_MRS","Defend_MRS","MasterSpark","UpSweep","OpenUniverse","StarDustReverie+1","GalacticHalo","RefractionSpark","ShootingEcho","Singularity+1","MachineGunSpark","ChargeUpSpray+1","DoubleSpark","SatelliteIllusion+1","IllusionStar","EnergyFlow","J.A.X.","MysteriousBeam","EarthLightRay+1","OrrerysSun","MillisecondPulsars","DoubleSpark+1","EnergyRecoil+1","DarkMatter","BinaryStars","EarthLightRay","Acceleration","IllusionStar","Orbital"],"relics":["BewitchedHakkero","infinitespire:Lucky Rock","Bag of Preparation","Happy Flower","Tiny House","Membership Card","Orichalcum","Sundial","Replay:Ringing Soul","Torii","infinitespire:EvilPickle","Replay:Grab Bag","Fusion Hammer","Painkiller Herb","ExperimentalFamiliar","SimpleLauncher","Blood Vial","infinitespire:Midas Blood","Art of War"],"acts_visited":["Exordium","TheCity","TheBeyond","TheEnding"],"potions_floor_usage":[41,54,55,55,55],"damage_taken":[{"damage":9.0,"enemies":"Jaw Worm","floor":1.0,"turns":3.0},{"damage":10.0,"enemies":"infinitespire:Voidling","floor":3.0,"turns":5.0},{"damage":0.0,"enemies":"Small Slimes","floor":4.0,"turns":4.0},{"damage":13.0,"enemies":"Exordium Thugs","floor":7.0,"turns":3.0},{"damage":7.0,"enemies":"Replay:BlueRogue","floor":8.0,"turns":4.0},{"damage":0.0,"enemies":"Large Slime","floor":10.0,"turns":1.0},{"damage":0.0,"enemies":"Exordium Wildlife","floor":11.0,"turns":2.0},{"damage":17.0,"enemies":"Gremlin Nob","floor":13.0,"turns":5.0},{"damage":9.0,"enemies":"Red Slaver","floor":14.0,"turns":4.0},{"damage":17.0,"enemies":"Hexaghost","floor":16.0,"turns":5.0},{"damage":11.0,"enemies":"Spheric Guardian","floor":18.0,"turns":3.0},{"damage":23.0,"enemies":"2 Thieves","floor":19.0,"turns":4.0},{"damage":44.0,"enemies":"Replay:Snechameleon","floor":23.0,"turns":5.0},{"damage":7.0,"enemies":"Cultist and Chosen","floor":25.0,"turns":4.0},{"damage":29.0,"enemies":"Slavers","floor":28.0,"turns":3.0},{"damage":11.0,"enemies":"Shelled Parasite and Fungi","floor":29.0,"turns":5.0},{"damage":12.0,"enemies":"Snake Plant","floor":30.0,"turns":3.0},{"damage":11.0,"enemies":"Sentry and Sphere","floor":31.0,"turns":5.0},{"damage":28.0,"enemies":"Pondfish","floor":33.0,"turns":7.0},{"damage":4,"enemies":"3 Shapes","floor":35,"turns":3},{"damage":1,"enemies":"Orb Walker","floor":37,"turns":2},{"damage":39,"enemies":"Spire Growth","floor":38,"turns":5},{"damage":0,"enemies":"3 Darklings","floor":41,"turns":2},{"damage":7,"enemies":"Sphere and 2 Shapes","floor":44,"turns":3},{"damage":0,"enemies":"Maw","floor":46,"turns":4},{"damage":12,"enemies":"Reptomancer","floor":48,"turns":4},{"damage":22,"enemies":"Donu and Deca","floor":50,"turns":6},{"damage":38,"enemies":"Shield and Spear","floor":54,"turns":5},{"damage":84,"enemies":"The Heart","floor":55,"turns":5}],"seed_played":"9162044283468479079","potions_obtained":[{"floor":4.0,"key":"ColorlessPotion"},{"floor":5.0,"key":"Ancient Potion"},{"floor":5.0,"key":"Cursed Concoction"},{"floor":8.0,"key":"ColorlessPotion"},{"floor":17.0,"key":"Flashbang"},{"floor":23.0,"key":"sneckomod:MuddlingPotion"},{"floor":25.0,"key":"BottledSpark"},{"floor":28.0,"key":"BlessingOfTheForge"},{"floor":29.0,"key":"Block Potion"},{"floor":33.0,"key":"SpeedPotion"},{"floor":37,"key":"FearPotion"},{"floor":38,"key":"Adrenaline Potion"},{"floor":46,"key":"Ancient Potion"},{"floor":48,"key":"SpeedPotion"}],"is_trial":false,"path_per_floor":["M","?","M","M","?","R","M","E","T","M","M","R","E","M","R","B",null,"M","M","$","?","$","E","R","M","T","R","E","M","M","M","R","B",null,"?","?","?","?","?","T","?","T","T","?","T","?","T","E","T","B",null,"T","T","E","B"],"character_chosen":"MARISA","items_purchased":["Membership Card","Orichalcum","FairyPotion","EnergyFlow","MysteriousBeam","SimpleLauncher","Blood Vial","BinaryStars","Acceleration","Block Potion","IllusionStar"],"campfire_rested":6,"item_purchase_floors":[20,20,20,20,22,40,40,42,53,53,53],"current_hp_per_floor":[66,66,56,56,56,56,43,36,36,36,36,58,41,32,32,15,80,69,46,46,46,46,2,26,19,19,19,26,21,18,13,38,19,89,88,88,90,57,57,57,68,71,71,72,72,80,101,95,104,92,104,104,107,72,0,0],"gold":106,"neow_bonus":"TRANSFORM_TWO_CARDS","is_daily":false,"chose_seed":false,"campfire_upgraded":3,"win_rate":0.0,"timestamp":1608681767,"path_taken":["M","?","M","M","?","R","M","E","T","M","M","R","E","M","R","BOSS","M","?","$","?","?","E","R","M","T","R","E","M","M","M","R","BOSS","?","?","?","?","?","T","?","T","T","?","T","?","T","E","T","BOSS","T","T","E","BOSS"],"items_purchased_type":["Relic","Relic","Potion","Card","Card","Relic","Relic","Card","Card","Potion","Card"],"build_version":"2020-12-13","purchased_purges":1,"victory":false,"max_hp_per_floor":[75,75,75,75,75,75,75,75,75,75,75,75,75,75,75,75,80,80,80,80,80,80,80,80,80,80,80,83,83,86,86,86,89,89,92,92,95,95,95,95,98,101,101,101,101,101,101,104,104,104,104,104,107,110,110,110],"card_choices":[{"not_picked":["WitchLeyline","WitchOfGreed"],"picked":"GalacticHalo","floor":1.0},{"not_picked":["EventHorizon","OortCloud"],"picked":"RefractionSpark","floor":3.0},{"not_picked":["Acceleration","SporeBomb"],"picked":"ShootingEcho","floor":4.0},{"not_picked":["Robbery","LuminesStrike"],"picked":"Singularity","floor":7.0},{"not_picked":["IllusionStar","AbsoluteMagnitude"],"picked":"MachineGunSpark","floor":8.0},{"not_picked":["AsteroidBelt","NonDirectionalLaser"],"picked":"ChargeUpSpray","floor":10.0},{"not_picked":["EventHorizon","LuminesStrike","UnstableBomb"],"picked":"SKIP","floor":11.0},{"not_picked":["IllusionStar","Orbital","SporeBomb"],"picked":"SKIP","floor":13.0},{"not_picked":["EnergyRecoil","GravityBeat"],"picked":"DoubleSpark","floor":14.0},{"not_picked":["BigCrunch","JA"],"picked":"SatelliteIllusion","floor":16.0},{"not_picked":["SporeBomb","MagicChant"],"picked":"IllusionStar","floor":17.0},{"not_picked":["OneTimeOff","GravityBeat","MilkyWay"],"picked":"SKIP","floor":18.0},{"not_picked":["JA","GravityBeat","PowerUp+1"],"picked":"SKIP","floor":19.0},{"not_picked":["GravityBeat","LuminesStrike","SporeBomb+1"],"picked":"SKIP","floor":23.0},{"not_picked":["WitchOfGreed","PowerUp","OortCloud"],"picked":"SKIP","floor":25.0},{"not_picked":["OneTimeOff","WitchOfGreed"],"picked":"EarthLightRay+1","floor":28.0},{"not_picked":["MysteriousBeam","FairyDestructionRay+1","WitchLeyline"],"picked":"SKIP","floor":29.0},{"not_picked":["WitchOfGreed+1","LuminesStrike"],"picked":"OrrerysSun","floor":30.0},{"not_picked":["TreasureHunter","ShootingEcho","LuminesStrike"],"picked":"SKIP","floor":31.0},{"not_picked":["JA","StarDustReverie"],"picked":"MillisecondPulsars","floor":33.0},{"not_picked":["WitchOfGreed+1","OpenUniverse+1"],"picked":"DoubleSpark+1","floor":35},{"not_picked":["Occultation+1","OpenUniverse"],"picked":"EnergyRecoil+1","floor":37},{"not_picked":["MeteoricShower+1","ChargingUp+1","DC"],"picked":"SKIP","floor":38},{"not_picked":["Occultation+1","MachineGunSpark+1"],"picked":"DarkMatter","floor":41},{"not_picked":["ShootingEcho","MilkyWay","RefractionSpark+1"],"picked":"SKIP","floor":44},{"not_picked":["WitchLeyline","UnstableBomb+1","Occultation"],"picked":"SKIP","floor":46},{"not_picked":["GrandCross","AsteroidBelt"],"picked":"EarthLightRay","floor":48},{"not_picked":["DC+1","RefractionSpark"],"picked":"Orbital","floor":54}],"player_experience":2904404,"relics_obtained":[{"floor":8.0,"key":"infinitespire:Lucky Rock"},{"floor":9.0,"key":"Bag of Preparation"},{"floor":13.0,"key":"Happy Flower"},{"floor":23.0,"key":"Sundial"},{"floor":26.0,"key":"Replay:Ringing Soul"},{"floor":28.0,"key":"Torii"},{"floor":48,"key":"infinitespire:Midas Blood"},{"floor":54,"key":"Art of War"}],"event_choices":[{"damage_healed":0.0,"max_hp_gain":0.0,"max_hp_loss":0.0,"gold_gain":0.0,"event_name":"Lab","player_choice":"Got Potions","floor":5.0,"gold_loss":0.0,"damage_taken":0.0},{"damage_healed":0.0,"max_hp_gain":0.0,"max_hp_loss":0.0,"gold_gain":0.0,"event_name":"Drug Dealer","player_choice":"Obtain J.A.X.","floor":21.0,"gold_loss":0.0,"damage_taken":0.0,"cards_obtained":["J.A.X."]},{"cards_removed":["Strike_MRS"],"damage_healed":0,"gold_gain":0,"player_choice":"Offered Basic","damage_taken":0,"max_hp_gain":0,"max_hp_loss":0,"event_name":"Bonfire Elementals","floor":36,"gold_loss":0},{"cards_removed":["Strike_MRS"],"damage_healed":0,"gold_gain":0,"player_choice":"Card Removal","damage_taken":0,"max_hp_gain":0,"max_hp_loss":0,"event_name":"Wheel of Change","floor":39,"gold_loss":0}],"is_beta":false,"boss_relics":[{"not_picked":["Replay:Drink Me","Black Star"],"picked":"Tiny House"},{"not_picked":["Kintsugi","Empty Cage"],"picked":"Replay:Grab Bag"},{"not_picked":["Sozu","RampagingMagicTools"],"picked":"Fusion Hammer"},{"not_picked":["Coffee Dripper","infinitespire:Cupcake"],"picked":"Painkiller Herb"},{"not_picked":["hubris:HollowSoul","Calling Bell"],"picked":"ExperimentalFamiliar"},{"not_picked":["construct:WeddingRing","Ring of Chaos"],"picked":"BewitchedHakkero"}],"items_purged_floors":[20],"is_endless":false,"potions_floor_spawned":[4,8,10,23,25,28,29,33,37,38,46,48],"killed_by":"The Heart","ascension_level":4}}