{"host":"cijwx898anu8dehj","time":1608689820,"event":{"mods":["AchievementEnabler","AlwaysNeverKeys","BaseMod","Colored Map","Colored Powertips","Highlight Path","Minty Spire (QoL Compilation)","Rare Cards Sparkle","Relic Stats","Slay-I"],"gold_per_floor":[114,114,133,152,171,171,246,246,246,265,265,284,284,284,284,409,409,428,447,466,466,485,485,504,542,542,298,213,232,232,251,251,376,376,395,414,414,433,54,54,73,73,73,111,111,130,149,168,168,168],"floor_reached":51,"playtime":3347,"items_purged":[],"score":720,"play_id":"9d7fd22f-d0e5-4c69-85eb-36f9b2c850b6","local_time":"20201223001700","daily_mods":["SealedDeck","Red Cards","Night Terrors"],"is_ascension_mode":false,"campfire_choices":[{"data":"Conclude","floor":6,"key":"SMITH"},{"data":"Shockwave","floor":8,"key":"SMITH"},{"data":"SandsOfTime","floor":11,"key":"SMITH"},{"data":"SignatureMove","floor":13,"key":"SMITH"},{"floor":15,"key":"REST"},{"data":"Ragnarok","floor":23,"key":"SMITH"},{"data":"Bandage Up","floor":30,"key":"SMITH"},{"data":"Shrug It Off","floor":32,"key":"SMITH"},{"data":"Apotheosis","floor":40,"key":"SMITH"},{"data":"Metallicize","floor":42,"key":"SMITH"},{"floor":49,"key":"REST"}],"circlet_count":0,"master_deck":["Twin Strike","CutThroughFate","SignatureMove+1","FollowUp+1","FollowUp","Evaluate+1","Shockwave+1","Shrug It Off","Conclude+1","Blood for Blood","Consecrate","WindmillStrike","Consecrate","SandsOfTime+1","Ragnarok+1","Shrug It Off+1","WheelKick","FollowUp","Halt+1","CutThroughFate","Bandage Up+1","Metallicize+1","Shrug It Off","CutThroughFate+1","Apotheosis+1","ThirdEye","Twin Strike+1","Shockwave+1","Shrug It Off","Iron Wave+1"],"relics":["PureWater","Golden Idol","Blue Candle","Runic Pyramid","MutagenicStrength","StrikeDummy","StoneCalendar","Ancient Tea Set","Question Card","SlaversCollar","Lee\u0027s Waffle","Smiling Mask","Dead Branch"],"acts_visited":["Exordium","TheCity","TheBeyond"],"potions_floor_usage":[5,16,25,33,33,38,47,50,50,50,50],"damage_taken":[{"damage":0,"enemies":"2 Louse","floor":1,"turns":2},{"damage":0,"enemies":"Jaw Worm","floor":3,"turns":1},{"damage":0,"enemies":"Small Slimes","floor":4,"turns":2},{"damage":0,"enemies":"2 Fungi Beasts","floor":5,"turns":1},{"damage":4,"enemies":"Gremlin Gang","floor":10,"turns":3},{"damage":9,"enemies":"Red Slaver","floor":12,"turns":2},{"damage":14,"enemies":"Hexaghost","floor":16,"turns":5},{"damage":14,"enemies":"Shell Parasite","floor":18,"turns":3},{"damage":0,"enemies":"3 Byrds","floor":19,"turns":3},{"damage":0,"enemies":"Snecko","floor":20,"turns":3},{"damage":3,"enemies":"Shelled Parasite and Fungi","floor":22,"turns":3},{"damage":3,"enemies":"Snake Plant","floor":24,"turns":3},{"damage":0,"enemies":"Slavers","floor":25,"turns":4},{"damage":10,"enemies":"Centurion and Healer","floor":29,"turns":5},{"damage":0,"enemies":"Snecko","floor":31,"turns":2},{"damage":2,"enemies":"Collector","floor":33,"turns":7},{"damage":27,"enemies":"3 Darklings","floor":35,"turns":5},{"damage":5,"enemies":"3 Shapes","floor":36,"turns":5},{"damage":12,"enemies":"Transient","floor":38,"turns":5},{"damage":15,"enemies":"Maw","floor":41,"turns":6},{"damage":23,"enemies":"Nemesis","floor":44,"turns":5},{"damage":23,"enemies":"Writhing Mass","floor":46,"turns":7},{"damage":0,"enemies":"Jaw Worm Horde","floor":47,"turns":3},{"damage":9,"enemies":"3 Darklings","floor":48,"turns":7},{"damage":16,"enemies":"Donu and Deca","floor":50,"turns":7}],"seed_played":"4926568582952100995","potions_obtained":[{"floor":1,"key":"EntropicBrew"},{"floor":3,"key":"Dexterity Potion"},{"floor":4,"key":"ColorlessPotion"},{"floor":18,"key":"StancePotion"},{"floor":19,"key":"DistilledChaos"},{"floor":25,"key":"GamblersBrew"},{"floor":29,"key":"Block Potion"},{"floor":31,"key":"LiquidMemories"},{"floor":35,"key":"BottledMiracle"},{"floor":38,"key":"CultistPotion"},{"floor":44,"key":"AttackPotion"}],"is_trial":false,"path_per_floor":["M","?","M","M","M","R","?","R","T","M","R","M","R","?","R","B",null,"M","M","M","?","M","R","M","E","T","$","?","M","R","M","R","B",null,"M","M","?","M","$","R","M","R","T","E","?","M","M","M","R","B",null],"character_chosen":"WATCHER","items_purchased":["Ancient Tea Set","Bandage Up","Lee\u0027s Waffle","Apotheosis","ThirdEye"],"campfire_rested":2,"item_purchase_floors":[27,27,39,39,39],"current_hp_per_floor":[72,54,54,54,54,54,43,43,43,39,39,30,30,16,67,53,67,53,53,53,53,50,50,47,47,47,47,47,41,41,41,41,45,67,46,41,41,35,74,74,65,65,65,48,48,31,31,28,69,59],"gold":168,"neow_bonus":"","is_daily":true,"chose_seed":false,"campfire_upgraded":9,"win_rate":0.0,"timestamp":1608689820,"path_taken":["M","?","M","M","M","R","?","R","T","M","R","M","R","?","R","BOSS","M","M","M","?","M","R","M","E","T","$","?","M","R","M","R","BOSS","M","M","?","M","$","R","M","R","T","E","?","M","M","?","R","BOSS"],"items_purchased_type":["Relic","Card","Relic","Card","Card"],"build_version":"2020-12-13","purchased_purges":0,"victory":true,"max_hp_per_floor":[72,72,72,72,72,72,72,72,72,72,72,72,72,72,67,67,67,67,67,67,67,67,67,67,67,67,67,67,67,67,67,67,67,67,67,67,67,67,74,74,74,74,74,74,74,74,74,74,69,69],"relic_stats":{"Lee\u0027s Waffle":39,"counters":[25,99],"Golden Idol":167,"Blue Candle":[0],"Dead Branch":[19],"StoneCalendar":[49],"Question Card":11,"Smiling Mask":0,"obtain_stats":[{"Lee\u0027s Waffle":39,"Golden Idol":2,"Blue Candle":9,"Dead Branch":44,"StoneCalendar":26,"Ancient Tea Set":27,"Question Card":28,"Smiling Mask":43,"SlaversCollar":34,"MutagenicStrength":21,"PureWater":0,"StrikeDummy":25,"Runic Pyramid":17},{"Lee\u0027s Waffle":19,"Golden Idol":1,"Blue Candle":4,"Dead Branch":21,"StoneCalendar":13,"Ancient Tea Set":13,"Question Card":13,"Smiling Mask":20,"SlaversCollar":16,"MutagenicStrength":10,"PureWater":0,"StrikeDummy":13,"Runic Pyramid":7},{"Lee\u0027s Waffle":64,"Golden Idol":2,"Blue Candle":6,"Dead Branch":75,"StoneCalendar":35,"Ancient Tea Set":35,"Question Card":35,"Smiling Mask":70,"SlaversCollar":49,"MutagenicStrength":25,"PureWater":0,"StrikeDummy":35,"Runic Pyramid":16}]},"card_choices":[{"not_picked":["Wallop","Sword Boomerang"],"picked":"Blood for Blood","floor":1},{"not_picked":["Second Wind","SashWhip"],"picked":"Consecrate","floor":3},{"not_picked":["Burning Pact","Crescendo"],"picked":"WindmillStrike","floor":4},{"not_picked":["Study","Evolve"],"picked":"Consecrate","floor":5},{"not_picked":["Iron Wave","Evolve"],"picked":"SandsOfTime","floor":10},{"not_picked":["WaveOfTheHand","JustLucky","Pommel Strike"],"picked":"SKIP","floor":12},{"not_picked":["Offering","Brutality"],"picked":"Ragnarok","floor":16},{"not_picked":["Havoc","Armaments"],"picked":"Shrug It Off","floor":18},{"not_picked":["Consecrate","Anger+1"],"picked":"WheelKick","floor":19},{"not_picked":["Havoc+1","Warcry"],"picked":"FollowUp","floor":20},{"not_picked":["Twin Strike","Heavy Blade"],"picked":"Halt+1","floor":22},{"not_picked":["Halt","Iron Wave"],"picked":"CutThroughFate","floor":24},{"not_picked":["Alpha","BowlingBash","ConjureBlade"],"picked":"SKIP","floor":25},{"not_picked":["Heavy Blade+1","Havoc+1","MentalFortress"],"picked":"Metallicize","floor":29},{"not_picked":["Thunderclap+1","PathToVictory+1","Sever Soul"],"picked":"Shrug It Off","floor":31},{"not_picked":["Berserk","Exhume","Devotion"],"picked":"Reaper","floor":33},{"not_picked":["Feel No Pain","Warcry+1","PathToVictory+1","EmptyFist+1"],"picked":"SKIP","floor":35},{"not_picked":["Dropkick","PathToVictory","CarveReality","EmptyFist+1"],"picked":"SKIP","floor":36},{"not_picked":["BowlingBash+1","Thunderclap","SignatureMove"],"picked":"CutThroughFate+1","floor":38},{"not_picked":["Pommel Strike","Thunderclap","FlurryOfBlows","Entrench+1"],"picked":"SKIP","floor":41},{"not_picked":["PathToVictory+1","Weave+1","Corruption"],"picked":"Twin Strike+1","floor":44},{"not_picked":["Clash+1","Body Slam+1","Twin Strike"],"picked":"Shockwave+1","floor":46},{"not_picked":["Twin Strike+1","Body Slam+1","Shockwave"],"picked":"Shrug It Off","floor":47},{"not_picked":["Thunderclap+1","Consecrate+1","SashWhip+1"],"picked":"Iron Wave+1","floor":48}],"player_experience":914420,"relics_obtained":[{"floor":9,"key":"Blue Candle"},{"floor":25,"key":"StrikeDummy"},{"floor":26,"key":"StoneCalendar"},{"floor":43,"key":"Smiling Mask"},{"floor":44,"key":"Dead Branch"}],"event_choices":[{"damage_healed":0,"gold_gain":0,"player_choice":"Take Damage","damage_taken":18,"relics_obtained":["Golden Idol"],"max_hp_gain":0,"max_hp_loss":0,"event_name":"Golden Idol","floor":2,"gold_loss":0},{"damage_healed":0,"gold_gain":75,"player_choice":"Gather Gold","damage_taken":11,"max_hp_gain":0,"max_hp_loss":0,"event_name":"World of Goop","floor":7,"gold_loss":0},{"damage_healed":0,"gold_gain":0,"player_choice":"Entered Light","damage_taken":14,"max_hp_gain":0,"max_hp_loss":0,"event_name":"Shining Light","floor":14,"gold_loss":0,"cards_upgraded":["FollowUp","Evaluate"]},{"damage_healed":0,"gold_gain":0,"player_choice":"Inject Mutagens","damage_taken":0,"relics_obtained":["MutagenicStrength"],"max_hp_gain":0,"max_hp_loss":0,"event_name":"Drug Dealer","floor":21,"gold_loss":0},{"damage_healed":0,"gold_gain":0,"player_choice":"Obtained Relic","damage_taken":0,"relics_obtained":["Question Card"],"max_hp_gain":0,"max_hp_loss":0,"event_name":"Addict","floor":28,"gold_loss":85},{"cards_removed":["Reaper"],"damage_healed":0,"gold_gain":0,"player_choice":"Removed Attack","damage_taken":0,"max_hp_gain":0,"max_hp_loss":0,"event_name":"Falling","floor":37,"gold_loss":0},{"cards_removed":["EmptyFist"],"damage_healed":0,"gold_gain":0,"player_choice":"Card Removal","damage_taken":0,"max_hp_gain":0,"max_hp_loss":0,"event_name":"Wheel of Change","floor":45,"gold_loss":0}],"is_beta":false,"boss_relics":[{"not_picked":["Busted Crown","Ectoplasm"],"picked":"Runic Pyramid"},{"not_picked":["VioletLotus","Astrolabe"],"picked":"SlaversCollar"}],"items_purged_floors":[],"is_endless":false,"potions_floor_spawned":[1,3,4,18,19,25,29,31,35,38,44],"ascension_level":0}}