{"host":"of0s4io1nhspfcuu","time":1608746100,"event":{"mods":["ATMod(阿瑾Mod)","Act Like it!","Ascension Reborn","BaseMod","CapriCore","Gensokyo","Minty Spire (QoL Compilation)","MostiFishMod","Pale of the Ancients","Remilia（蕾米莉亚）","RumiaBox-露米娅的神秘盒子","Ryuuou龙王","StSLib","Waifu the Spire","noobMod","【遗物卡牌】REMEMod","篝火指南"],"gold_per_floor":[109,324,324,324,324,349,131,131,131,249,249,300,300,350,350,483,483,588,588,588,588,588,307,16,16,16,16,91,91,221,170,170,415,415,464,464,464,464,556,733,861,861,444,444,436,135,37,37,283],"floor_reached":50,"playtime":2305,"items_purged":["Writhe"],"score":1628,"play_id":"b7801609-82a9-48f1-85a6-a3d54700d23e","local_time":"20201224015500","daily_mods":["Heirloom","Time Dilation","Flight"],"is_ascension_mode":true,"campfire_choices":[{"data":"AT_FamilyPortrait","floor":8.0,"key":"SMITH"},{"data":"TricksterDevil","floor":15.0,"key":"SMITH"},{"data":"DemonKingCradle","floor":25.0,"key":"SMITH"},{"data":"MastersStateliness","floor":27.0,"key":"SMITH"},{"data":"CharismaGuard","floor":29.0,"key":"SMITH"},{"data":"FavorOfDestiny","floor":32.0,"key":"SMITH"},{"data":"TransientEternity","floor":44.0,"key":"SMITH"}],"circlet_count":1,"master_deck":["Jack Of All Trades","AT_FamilyPortrait+1","FitfulNightmare","NightDance","TricksterDevil+1","TwelveNightmare+1","MiserableFate","RedRainbow","DemonKingCradle+1","BloodHunter","MastersStateliness+1","CharismaGuard+1","REME_BattleFury","Gensokyo:ImpossibleRequest","Regret","VampirishNight+1","FavorOfDestiny+1","TransientEternity+1","HeartBreak+1","EquivalentExchange+1","KillingBlow+1","CurseOfVladTepes+1","BloodyCatastrophe+1","BloodyHallows+1","ChaoticDestiny+1","KillingBlow+1","ForecastOfChange+1","DemonKingCradle+1","RedRainbow","DevilSight","REME_Flogging","AT_CelerityRune","BloodyTrap+1","AT_LightSaberMaster"],"relics":["ScarletHat","DaveBox","ice","REME_ComplimentaryCards","AT_ATBox","Transparent","Mango","Circlet","REME_ArchaeologicalTools","PreservedInsect","AT_MibuBalloonWealth","Tiny Chest","Boot","Blue Candle","Dream Catcher","RhineSuit","Enchiridion","Juzu Bracelet","GodSword1","FairyMaid","MagicDraw4","AT_ArchangelStaff","Baka2","AT_TrinityForce","SumBook","paleoftheancients:Timepiece","Meat on the Bone","Gremlin Horn","AT_ChloranthyRing","REME_IWantAll"],"acts_visited":["Exordium","TheCity","TheBeyond","paleoftheancients:PaleOfTheAncients"],"potions_floor_usage":[49,49,49],"damage_taken":[{"damage":16.0,"enemies":"Jaw Worm","floor":1.0,"turns":2.0},{"damage":16.0,"enemies":"Cultist","floor":2.0,"turns":2.0},{"damage":8.0,"enemies":"2 Louse","floor":4.0,"turns":1.0},{"damage":33.0,"enemies":"3 Sentries","floor":6.0,"turns":4.0},{"damage":16.0,"enemies":"Lagavulin","floor":10.0,"turns":2.0},{"damage":26.0,"enemies":"Red Slaver","floor":12.0,"turns":2.0},{"damage":24.0,"enemies":"Hexaghost","floor":16.0,"turns":3.0},{"damage":31.0,"enemies":"3 Byrds","floor":18.0,"turns":3.0},{"damage":55.0,"enemies":"Slavers","floor":30.0,"turns":4.0},{"damage":53.0,"enemies":"Automaton","floor":33.0,"turns":6.0},{"damage":18.0,"enemies":"Orb Walker","floor":35.0,"turns":2.0},{"damage":112.0,"enemies":"Donu and Deca","floor":39.0,"turns":3.0},{"damage":28.0,"enemies":"Donu and Deca","floor":40.0,"turns":2.0},{"damage":122.0,"enemies":"Donu and Deca","floor":41.0,"turns":3.0},{"damage":70.0,"enemies":"Donu and Deca","floor":45.0,"turns":5.0},{"damage":235,"enemies":"paleoftheancients:N","floor":49,"turns":10}],"seed_played":"2283115710144889043","potions_obtained":[{"floor":2.0,"key":"SkillPotion"},{"floor":12.0,"key":"Swift Potion"},{"floor":18.0,"key":"Strength Potion"}],"is_trial":true,"path_per_floor":["M","M","?","M","?","E","$","R","T","E","?","M","?","T","R","B",null,"M","?","?","?","T","R","$","R","T","R","?","R","E","$","R","B",null,"M","?","T","?","B","M","M","?","$","R","M","R","$","?","B",null],"character_chosen":"REMILIA","items_purchased":["AT_MibuBalloonWealth","TwelveNightmare","CharismaGuard","REME_BattleFury","FairyMaid","FavorOfDestiny","AT_ChloranthyRing","REME_Flogging","AT_CelerityRune","REME_IWantAll","AT_LightSaberMaster"],"campfire_rested":0,"item_purchase_floors":[7,7,23,23,24,31,43,43,43,46,47],"current_hp_per_floor":[89,89,89,89,89,89,89,89,89,89,89,89,89,89,89,89,89,89,73,73,73,73,73,73,73,73,73,65,65,75,75,75,89,89,89,89,89,89,89,89,53,53,53,53,114,114,114,114,108],"gold":283,"neow_bonus":"","is_daily":false,"chose_seed":false,"campfire_upgraded":7,"win_rate":0.0,"timestamp":1608746100,"path_taken":["M","M","?","?","?","E","$","R","T","E","?","?","?","?","R","BOSS","M","?","?","?","?","R","$","R","T","R","?","R","E","?","R","BOSS","M","?","?","?","BOSS","M","M","?","$","R","M","R","$","?","BOSS"],"items_purchased_type":["Relic","Card","Card","Card","Relic","Card","Relic","Card","Card","Relic","Card"],"build_version":"2020-12-22","purchased_purges":1,"victory":true,"max_hp_per_floor":[89,89,89,89,89,89,89,89,89,89,89,89,89,89,89,89,89,89,89,89,89,89,89,89,89,89,89,89,89,89,89,89,89,89,89,89,89,89,89,89,105,105,105,105,114,114,114,114,108],"card_choices":[{"not_picked":["CharismaGuard","BombardNight"],"picked":"FitfulNightmare","floor":1.0},{"not_picked":["EndlessAdversity","BombardNight","Maim","BloodHunter"],"picked":"NightDance","floor":2.0},{"not_picked":["RedRainbow","VampireFantasy","BadLadyScramble","BloodyTrap"],"picked":"ScarletDevil","floor":4.0},{"not_picked":["FavorOfDestiny","MiserableFate","UnstableMagic","CharismaGuard"],"picked":"TricksterDevil","floor":6.0},{"not_picked":["ScarletGensokyo","UnderTheZenith","NightLord","NightDance"],"picked":"MiserableFate","floor":10.0},{"not_picked":["UnstableMagic","Septette","BloodHunter","BombardNight"],"picked":"RedRainbow","floor":12.0},{"not_picked":["TricksterDevil","ChaoticDestiny","HeartBreak","ScarletMeister"],"picked":"DemonKingCradle","floor":16.0},{"not_picked":["ScarletImprint+1","ReincarnationDial","SuperhumanBloodyKnife","ScarletSymphony"],"picked":"BloodHunter","floor":18.0},{"not_picked":["ScarletDevil","VampireSweep","UltimateOffering","MastersStateliness+1"],"picked":"VampirishNight+1","floor":30.0},{"not_picked":["EquivalentExchange","KillingBlow","HeartBreak","BatForm"],"picked":"TransientEternity","floor":33.0},{"not_picked":["DiffusionOfMisfortune+1","RedNightlessCastle","MastersStateliness","SuperhumanBloodyKnife","StarOfDavid"],"picked":"SKIP","floor":35.0},{"not_picked":["DiffusionOfMisfortune+1","NightDance+1","EndlessAdversity","GlobalNightmare+1"],"picked":"RedRainbow","floor":40.0},{"not_picked":["StarOfDavid+1","UnstableMagic+1","VampireFantasy","FitfulNightmare"],"picked":"DevilSight","floor":41.0},{"not_picked":["Stigmanizer","EquivalentExchange","FitfulNightmare","VampirishNight"],"picked":"BloodyTrap+1","floor":45.0}],"player_experience":49441,"relics_obtained":[{"floor":1.0,"key":"Baka"},{"floor":1.0,"key":"SynthV:TestCard"},{"floor":6.0,"key":"REME_ArchaeologicalTools"},{"floor":6.0,"key":"PreservedInsect"},{"floor":9.0,"key":"Tiny Chest"},{"floor":10.0,"key":"Boot"},{"floor":14.0,"key":"Dream Catcher"},{"floor":19.0,"key":"Enchiridion"},{"floor":22.0,"key":"GodSword1"},{"floor":26.0,"key":"MagicDraw4"},{"floor":30.0,"key":"AT_ArchangelStaff"},{"floor":33.0,"key":"Baka2"},{"floor":37.0,"key":"SumBook"}],"event_choices":[{"damage_healed":0.0,"max_hp_gain":0.0,"max_hp_loss":0.0,"gold_gain":0.0,"event_name":"Purifier","player_choice":"Ignored","floor":3.0,"gold_loss":0.0,"damage_taken":0.0},{"damage_healed":0.0,"max_hp_gain":0.0,"max_hp_loss":0.0,"gold_gain":0.0,"event_name":"The Cleric","player_choice":"Leave","floor":5.0,"gold_loss":0.0,"damage_taken":0.0},{"damage_healed":0.0,"max_hp_gain":0.0,"max_hp_loss":0.0,"gold_gain":0.0,"event_name":"WeMeetAgain","player_choice":"Gave Potion","floor":11.0,"gold_loss":0.0,"damage_taken":0.0,"relics_obtained":["Blue Candle"]},{"damage_healed":0.0,"max_hp_gain":0.0,"max_hp_loss":0.0,"gold_gain":0.0,"event_name":"Living Wall","player_choice":"Grow","floor":13.0,"gold_loss":0.0,"damage_taken":0.0,"cards_upgraded":["TwelveNightmare"]},{"damage_healed":0.0,"max_hp_gain":0.0,"max_hp_loss":0.0,"gold_gain":0.0,"event_name":"Cursed Tome","player_choice":"Obtained Book","floor":19.0,"gold_loss":0.0,"damage_taken":16.0},{"damage_healed":0.0,"max_hp_gain":0.0,"max_hp_loss":0.0,"gold_gain":0.0,"event_name":"The Mausoleum","player_choice":"Opened","floor":20.0,"gold_loss":0.0,"damage_taken":0.0,"relics_obtained":["Juzu Bracelet"],"cards_obtained":["Writhe"]},{"damage_healed":0.0,"max_hp_gain":0.0,"max_hp_loss":0.0,"gold_gain":0.0,"event_name":"The Library","player_choice":"Read","floor":21.0,"gold_loss":0.0,"damage_taken":0.0,"cards_obtained":["MastersStateliness"]},{"damage_healed":0.0,"max_hp_gain":0.0,"max_hp_loss":0.0,"gold_gain":75.0,"event_name":"FaceTrader","player_choice":"Touch","floor":28.0,"gold_loss":0.0,"damage_taken":8.0},{"cards_removed":["ScarletDevil"],"damage_healed":0.0,"max_hp_gain":0.0,"max_hp_loss":0.0,"gold_gain":0.0,"event_name":"Falling","player_choice":"Removed Attack","floor":36.0,"gold_loss":0.0,"damage_taken":0.0},{"damage_healed":0.0,"max_hp_gain":0.0,"max_hp_loss":0.0,"gold_gain":0.0,"event_name":"SecretPortal","player_choice":"Took Portal","floor":38.0,"gold_loss":0.0,"damage_taken":0.0},{"damage_healed":0.0,"max_hp_gain":0.0,"max_hp_loss":0.0,"gold_gain":0.0,"event_name":"Purifier","player_choice":"Ignored","floor":42.0,"gold_loss":0.0,"damage_taken":0.0}],"is_beta":false,"boss_relics":[{"not_picked":["HereWithMe","Philosopher\u0027s Stone"],"picked":"RhineSuit"},{"not_picked":["MoonlightInvasionPlan","ChiXiaoBlade"],"picked":"AT_TrinityForce"}],"items_purged_floors":[23],"is_endless":false,"potions_floor_spawned":[2,6,12,18,35],"ascension_level":0}}