{"host":"raai0vtvcfkt8csp","time":1608732665,"event":{"mods":["2.2 Compatiblity","AchievementEnabler","BaseMod","Block Reminder","DeckTracker","Defective Defect","GifTheSpireLib","Minty Spire (QoL Compilation)","Quick Restart","Random Character Button","Rare Cards Sparkle","StSLib","Unceasing Turn Reminder"],"gold_per_floor":[111,122,134,144,219,219,235,235,235],"floor_reached":8,"playtime":397,"items_purged":[],"score":53,"play_id":"c6a8c2db-991c-459f-9afa-ad4e4a861017","local_time":"20201223151105","is_ascension_mode":true,"campfire_choices":[{"data":"Rampage","floor":6,"key":"SMITH"}],"circlet_count":0,"master_deck":["Strike_R","Strike_R","Strike_R","Strike_R","Strike_R","Defend_R","Defend_R","Defend_R","Defend_R","Bash","Offering","Rampage+1","Heavy Blade","Evolve","Feed"],"relics":["Burning Blood"],"acts_visited":["Exordium"],"potions_floor_usage":[8],"damage_taken":[{"damage":6,"enemies":"Small Slimes","floor":1,"turns":3},{"damage":6,"enemies":"Jaw Worm","floor":2,"turns":5},{"damage":6,"enemies":"Cultist","floor":3,"turns":3},{"damage":10,"enemies":"Gremlin Gang","floor":4,"turns":5},{"damage":19,"enemies":"3 Louse","floor":7,"turns":3},{"damage":63,"enemies":"Lagavulin","floor":8,"turns":8}],"seed_played":"4381770151270334303","potions_obtained":[{"floor":3,"key":"ElixirPotion"},{"floor":7,"key":"GamblersBrew"}],"is_trial":false,"path_per_floor":["M","M","M","M","?","R","M","E"],"character_chosen":"IRONCLAD","items_purchased":[],"campfire_rested":0,"item_purchase_floors":[],"current_hp_per_floor":[80,80,80,76,65,65,55,0,0],"gold":235,"neow_bonus":"ONE_RANDOM_RARE_CARD","is_daily":false,"chose_seed":false,"campfire_upgraded":1,"win_rate":0.0,"timestamp":1608732665,"path_taken":["M","M","M","M","?","R","M","E"],"items_purchased_type":[],"build_version":"2020-12-22","purchased_purges":0,"victory":false,"max_hp_per_floor":[80,80,80,80,80,80,83,83,83],"card_choices":[{"not_picked":["Pommel Strike","Body Slam"],"picked":"Rampage","floor":1},{"not_picked":["Uppercut","Headbutt"],"picked":"Heavy Blade","floor":2},{"not_picked":["True Grit","Clothesline"],"picked":"Evolve","floor":3},{"not_picked":["Shrug It Off","Body Slam"],"picked":"Feed","floor":4},{"not_picked":["Battle Trance","Perfected Strike","Heavy Blade"],"picked":"SKIP","floor":7}],"player_experience":429011,"relics_obtained":[],"event_choices":[{"damage_healed":0,"gold_gain":75,"player_choice":"Gather Gold","damage_taken":11,"max_hp_gain":0,"max_hp_loss":0,"event_name":"World of Goop","floor":5,"gold_loss":0}],"is_beta":false,"boss_relics":[],"items_purged_floors":[],"is_endless":false,"potions_floor_spawned":[3,7],"killed_by":"Lagavulin","ascension_level":1}}