{"host":"2e3z4r48quhw80cc","time":1608697473,"event":{"mods":["BaseMod","Minty Spire (QoL Compilation)","Quick Restart","StSLib","SuperFastMode"],"gold_per_floor":[115,132,132,307,307,334,334,352,352,370,370,401,401,421,421,522,522,536,536,536,556,571,600,600,600,900,900,175,175,200,200,200,297,297,314,314,332,232,232,265,119,119,119,131,131,164,177,190,190,190],"floor_reached":51,"playtime":3487,"items_purged":["Stack","Steam Power"],"score":1164,"play_id":"aaad4693-4842-4438-ac24-ff78671b75c6","local_time":"20201223132433","is_ascension_mode":true,"campfire_choices":[{"data":"Zap","floor":7.0,"key":"SMITH"},{"data":"Capacitor","floor":13.0,"key":"SMITH"},{"data":"Consume","floor":15.0,"key":"SMITH"},{"data":"Loop","floor":24.0,"key":"SMITH"},{"data":"Lockon","floor":27.0,"key":"SMITH"},{"data":"Apotheosis","floor":29.0,"key":"SMITH"},{"data":"Seek","floor":32.0,"key":"SMITH"},{"floor":42.0,"key":"REST"},{"floor":49.0,"key":"REST"}],"circlet_count":0,"master_deck":["AscendersBane","Zap+1","Dualcast+1","Consume+1","Lockon+1","Core Surge+1","FTL","Chill","Capacitor+1","Biased Cognition","Loop+1","Biased Cognition","Self Repair","Self Repair","Hologram","Coolheaded+1","Core Surge+1","Seek+1","Apotheosis+1","Echo Form","Buffer","Madness","Madness","Storm+1"],"relics":["Cracked Core","NeowsBlessing","Question Card","Eternal Feather","Bottled Lightning","Sundial","Pandora\u0027s Box","Centennial Puzzle","Old Coin","Lee\u0027s Waffle","Potion Belt","Tiny Chest","MealTicket","Fusion Hammer","Whetstone","Runic Capacitor","Singing Bowl","Frozen Egg 2","Pen Nib"],"acts_visited":["Exordium","TheCity","TheBeyond"],"potions_floor_usage":[50,50,50,50],"damage_taken":[{"damage":0.0,"enemies":"Jaw Worm","floor":1.0,"turns":1.0},{"damage":0.0,"enemies":"2 Louse","floor":2.0,"turns":1.0},{"damage":0.0,"enemies":"3 Sentries","floor":6.0,"turns":1.0},{"damage":6.0,"enemies":"Small Slimes","floor":8.0,"turns":2.0},{"damage":6.0,"enemies":"Looter","floor":10.0,"turns":2.0},{"damage":18.0,"enemies":"Lagavulin","floor":12.0,"turns":5.0},{"damage":4.0,"enemies":"Large Slime","floor":14.0,"turns":5.0},{"damage":28.0,"enemies":"Hexaghost","floor":16.0,"turns":10.0},{"damage":27.0,"enemies":"Shell Parasite","floor":18.0,"turns":4.0},{"damage":10.0,"enemies":"Spheric Guardian","floor":21.0,"turns":4.0},{"damage":12.0,"enemies":"Snecko","floor":22.0,"turns":5.0},{"damage":5.0,"enemies":"Gremlin Leader","floor":23.0,"turns":8.0},{"damage":26.0,"enemies":"Slavers","floor":30.0,"turns":5.0},{"damage":24.0,"enemies":"Automaton","floor":33.0,"turns":9.0},{"damage":23.0,"enemies":"Orb Walker","floor":35.0,"turns":3.0},{"damage":9.0,"enemies":"3 Shapes","floor":37.0,"turns":5.0},{"damage":9.0,"enemies":"Reptomancer","floor":40.0,"turns":6.0},{"damage":5.0,"enemies":"Maw","floor":44.0,"turns":5.0},{"damage":22.0,"enemies":"Nemesis","floor":46.0,"turns":5.0},{"damage":36.0,"enemies":"Writhing Mass","floor":47.0,"turns":5.0},{"damage":23.0,"enemies":"3 Darklings","floor":48.0,"turns":5.0},{"damage":31,"enemies":"Donu and Deca","floor":50,"turns":5}],"seed_played":"3164366333097514522","potions_obtained":[{"floor":1.0,"key":"SkillPotion"},{"floor":2.0,"key":"Weak Potion"},{"floor":8.0,"key":"ColorlessPotion"},{"floor":16.0,"key":"Regen Potion"},{"floor":23.0,"key":"Fire Potion"},{"floor":30.0,"key":"Dexterity Potion"},{"floor":37.0,"key":"Energy Potion"},{"floor":40.0,"key":"DistilledChaos"},{"floor":48.0,"key":"GamblersBrew"}],"is_trial":false,"path_per_floor":["M","M","?","?","?","E","R","M","T","M","?","E","R","M","R","B",null,"M","?","?","M","M","E","R","?","T","R","$","R","E","?","R","B",null,"M","?","M","$","?","E","$","R","T","M","T","E","M","M","R","B",null],"character_chosen":"DEFECT","items_purchased":["Apotheosis","Lee\u0027s Waffle","Potion Belt","Tiny Chest","Runic Capacitor"],"campfire_rested":2,"item_purchase_floors":[28,28,28,28,41],"current_hp_per_floor":[68,68,65,65,50,50,59,53,53,47,40,22,31,27,36,8,58,57,57,57,54,56,65,75,75,75,75,82,82,66,50,62,55,79,76,76,87,87,76,87,87,87,87,89,89,91,57,64,93,89],"gold":190,"neow_bonus":"THREE_ENEMY_KILL","is_daily":false,"chose_seed":false,"campfire_upgraded":7,"win_rate":0.0,"timestamp":1608697473,"path_taken":["M","M","?","?","?","E","R","?","T","M","?","E","R","M","R","BOSS","M","?","?","M","?","E","R","?","T","R","$","R","E","?","R","BOSS","M","?","M","$","?","E","$","R","T","M","?","E","M","M","R","BOSS"],"items_purchased_type":["Card","Relic","Relic","Relic","Relic"],"build_version":"2020-12-13","purchased_purges":2,"victory":true,"max_hp_per_floor":[75,75,75,75,75,75,75,75,75,75,75,75,75,75,75,75,75,75,75,75,75,75,75,75,75,75,75,82,82,82,87,87,87,87,87,87,87,87,87,87,87,87,87,89,89,91,93,93,93,93],"card_choices":[{"not_picked":["Turbo","Heatsinks"],"picked":"Consume","floor":1.0},{"not_picked":["Consume","Redo"],"picked":"Lockon","floor":2.0},{"not_picked":["Loop","Coolheaded","Turbo"],"picked":"Core Surge","floor":6.0},{"not_picked":["Scrape","Cold Snap","Steam Power"],"picked":"FTL","floor":8.0},{"not_picked":["Reinforced Body","Barrage","Steam"],"picked":"Chill","floor":10.0},{"not_picked":["Go for the Eyes","White Noise","Rip and Tear"],"picked":"Capacitor","floor":12.0},{"not_picked":["Recycle","Coolheaded","Barrage"],"picked":"Conserve Battery","floor":14.0},{"not_picked":["Rainbow","Electrodynamics","Reboot"],"picked":"Biased Cognition","floor":16.0},{"not_picked":["Streamline+1","Redo","Compile Driver+1"],"picked":"Coolheaded+1","floor":18.0},{"not_picked":["Skim","Melter","Compile Driver"],"picked":"Seek","floor":21.0},{"not_picked":["Beam Cell+1","Rip and Tear","Ball Lightning","Rebound"],"picked":"SKIP","floor":22.0},{"not_picked":["Undo","Beam Cell","Doom and Gloom+1","Leap"],"picked":"SKIP","floor":23.0},{"not_picked":["Turbo","Scrape","Rebound","Conserve Battery"],"picked":"SKIP","floor":30.0},{"not_picked":["Amplify","Thunder Strike","Reboot"],"picked":"Echo Form","floor":33.0},{"not_picked":["Coolheaded","Skim+1","Redo+1","Streamline+1"],"picked":"SKIP","floor":35.0},{"not_picked":["Defragment","Heatsinks","Self Repair+1"],"picked":"Buffer","floor":37.0},{"not_picked":["Rebound","Hyperbeam","Reinforced Body+1","Coolheaded+1"],"picked":"SKIP","floor":40.0},{"not_picked":["Cold Snap","Compile Driver","Double Energy","Go for the Eyes+1"],"picked":"Singing Bowl","floor":44.0},{"not_picked":["Hologram+1","Auto Shields+1","Double Energy","Stack"],"picked":"Singing Bowl","floor":46.0},{"not_picked":["Consume","Gash","Stack+1","Steam Power"],"picked":"Singing Bowl","floor":47.0},{"not_picked":["Hologram","Sweeping Beam+1","Double Energy+1"],"picked":"Storm+1","floor":48.0}],"player_experience":72593,"relics_obtained":[{"floor":6.0,"key":"Eternal Feather"},{"floor":9.0,"key":"Bottled Lightning"},{"floor":12.0,"key":"Sundial"},{"floor":23.0,"key":"Centennial Puzzle"},{"floor":26.0,"key":"Old Coin"},{"floor":30.0,"key":"MealTicket"},{"floor":40.0,"key":"Whetstone"},{"floor":43.0,"key":"Singing Bowl"},{"floor":45.0,"key":"Frozen Egg 2"},{"floor":46.0,"key":"Pen Nib"}],"event_choices":[{"damage_healed":0.0,"max_hp_gain":0.0,"max_hp_loss":0.0,"gold_gain":0.0,"event_name":"Scrap Ooze","player_choice":"Success","floor":3.0,"gold_loss":0.0,"damage_taken":3.0,"relics_obtained":["Question Card"]},{"damage_healed":0.0,"max_hp_gain":0.0,"max_hp_loss":0.0,"gold_gain":175.0,"event_name":"Liars Game","player_choice":"AGREE","floor":4.0,"gold_loss":0.0,"damage_taken":0.0,"cards_obtained":["Doubt"]},{"damage_healed":0.0,"max_hp_gain":0.0,"max_hp_loss":0.0,"gold_gain":0.0,"event_name":"Shining Light","player_choice":"Entered Light","floor":5.0,"gold_loss":0.0,"damage_taken":15.0,"cards_upgraded":["Dualcast","Defend_B"]},{"cards_removed":["Doubt"],"damage_healed":0.0,"max_hp_gain":0.0,"max_hp_loss":0.0,"gold_gain":0.0,"event_name":"Golden Wing","player_choice":"Card Removal","floor":11.0,"gold_loss":0.0,"damage_taken":7.0},{"cards_removed":["Turbo"],"damage_healed":0.0,"max_hp_gain":0.0,"max_hp_loss":0.0,"gold_gain":0.0,"event_name":"Back to Basics","player_choice":"Elegance","floor":19.0,"gold_loss":0.0,"damage_taken":0.0},{"damage_healed":0.0,"max_hp_gain":0.0,"max_hp_loss":0.0,"gold_gain":0.0,"event_name":"Duplicator","player_choice":"Copied","floor":20.0,"gold_loss":0.0,"damage_taken":0.0,"cards_obtained":["Core Surge"]},{"damage_healed":0.0,"max_hp_gain":0.0,"max_hp_loss":0.0,"gold_gain":0.0,"event_name":"Vampires","player_choice":"Ignored","floor":25.0,"gold_loss":0.0,"damage_taken":0.0},{"damage_healed":0.0,"max_hp_gain":5.0,"max_hp_loss":0.0,"gold_gain":0.0,"event_name":"Forgotten Altar","player_choice":"Shed Blood","floor":31.0,"gold_loss":0.0,"damage_taken":21.0},{"cards_removed":["Conserve Battery"],"damage_healed":0.0,"max_hp_gain":0.0,"max_hp_loss":0.0,"gold_gain":0.0,"event_name":"Falling","player_choice":"Removed Skill","floor":36.0,"gold_loss":0.0,"damage_taken":0.0},{"damage_healed":0.0,"max_hp_gain":0.0,"max_hp_loss":0.0,"gold_gain":0.0,"event_name":"Winding Halls","player_choice":"Embrace Madness","floor":39.0,"gold_loss":0.0,"damage_taken":11.0,"cards_obtained":["Madness","Madness"]}],"is_beta":false,"boss_relics":[{"not_picked":["Sozu","FrozenCore"],"picked":"Pandora\u0027s Box"},{"not_picked":["SlaversCollar","Busted Crown"],"picked":"Fusion Hammer"}],"items_purged_floors":[28,38],"is_endless":false,"potions_floor_spawned":[1,2,8,16,23,30,37,40,48],"ascension_level":10}}