{"host":"ged1bqtamtf4sn4x","time":1608755410,"event":{"mods":["BaseMod","Colored Map","DeckTracker","Highlight Path","Keyboard Shortcuts","Minty Spire (QoL Compilation)","Permanent Neow","Quick Restart","SuperFastMode","everything is the same but u backflip on backflip"],"gold_per_floor":[116,96,109,129,148,148,183,183,234,234,246,259,35,49,49,121,121,136,186,199,214,214,214,214],"floor_reached":23,"playtime":671,"items_purged":["Strike_R"],"score":394,"play_id":"be89a602-4a18-484a-8aae-7418e82d30e7","local_time":"20201224053010","is_ascension_mode":true,"campfire_choices":[{"data":"Flex","floor":6.0,"key":"SMITH"},{"data":"Rampage","floor":8.0,"key":"SMITH"},{"data":"Bash","floor":10.0,"key":"SMITH"},{"data":"Flame Barrier","floor":15.0,"key":"SMITH"}],"circlet_count":0,"master_deck":["AscendersBane","Bash+1","Flex+1","Cleave","Shrug It Off","Rampage+1","Headbutt","Flame Barrier+1","Berserk","Impervious","Ghostly Armor","Iron Wave","Warcry","Infernal Blade","Feed","Evolve","Sentinel","Thunderclap"],"relics":["Burning Blood","White Beast Statue","Red Skull","Membership Card","Pandora\u0027s Box"],"acts_visited":["Exordium","TheCity"],"potions_floor_usage":[21,21,21,22,22],"damage_taken":[{"damage":9.0,"enemies":"Small Slimes","floor":1.0,"turns":4.0},{"damage":2.0,"enemies":"Cultist","floor":3.0,"turns":4.0},{"damage":12.0,"enemies":"Jaw Worm","floor":4.0,"turns":3.0},{"damage":6.0,"enemies":"Looter","floor":5.0,"turns":5.0},{"damage":18.0,"enemies":"Lagavulin","floor":7.0,"turns":9.0},{"damage":13.0,"enemies":"Large Slime","floor":11.0,"turns":6.0},{"damage":6.0,"enemies":"Lots of Slimes","floor":12.0,"turns":2.0},{"damage":6.0,"enemies":"Looter","floor":14.0,"turns":3.0},{"damage":3.0,"enemies":"Hexaghost","floor":16.0,"turns":7.0},{"damage":10.0,"enemies":"Chosen","floor":18.0,"turns":5.0},{"damage":16.0,"enemies":"3 Byrds","floor":20.0,"turns":3.0},{"damage":35,"enemies":"Cultist and Chosen","floor":21,"turns":7},{"damage":0,"enemies":"Snake Plant","floor":22,"turns":2},{"damage":33,"enemies":"Book of Stabbing","floor":23,"turns":5}],"seed_played":"-8080884163059793617","potions_obtained":[{"floor":1.0,"key":"PowerPotion"},{"floor":2.0,"key":"ElixirPotion"},{"floor":3.0,"key":"Dexterity Potion"},{"floor":11.0,"key":"Dexterity Potion"},{"floor":12.0,"key":"SkillPotion"},{"floor":14.0,"key":"Strength Potion"},{"floor":16.0,"key":"ColorlessPotion"},{"floor":18.0,"key":"EntropicBrew"},{"floor":20.0,"key":"ElixirPotion"},{"floor":21,"key":"SmokeBomb"}],"is_trial":false,"path_per_floor":["M","?","M","M","M","R","E","R","T","R","M","M","$","M","R","B",null,"M","?","M","M","M","E"],"character_chosen":"IRONCLAD","items_purchased":["Membership Card","Flame Barrier"],"campfire_rested":0,"item_purchase_floors":[13,13],"current_hp_per_floor":[47,47,51,45,45,45,33,33,33,33,26,26,26,26,26,29,64,60,60,53,27,33,0,0],"gold":214,"neow_bonus":"REMOVE_TWO","is_daily":false,"chose_seed":false,"campfire_upgraded":4,"win_rate":0.0,"timestamp":1608755410,"path_taken":["M","?","M","M","M","R","E","R","T","R","M","?","?","M","R","BOSS","M","?","M","M","M","E"],"items_purchased_type":["Relic","Card"],"build_version":"2020-12-22","purchased_purges":1,"victory":false,"max_hp_per_floor":[75,75,75,75,75,75,75,75,75,75,75,75,75,75,75,75,75,75,75,78,81,81,81,81],"card_choices":[{"not_picked":["Hemokinesis","Wild Strike"],"picked":"Flex","floor":1.0},{"not_picked":["Wild Strike","Reckless Charge"],"picked":"Cleave","floor":3.0},{"not_picked":["Flame Barrier","Twin Strike"],"picked":"Shrug It Off","floor":4.0},{"not_picked":["Warcry","Headbutt","Blood for Blood"],"picked":"SKIP","floor":5.0},{"not_picked":["Juggernaut","True Grit"],"picked":"Rampage","floor":7.0},{"not_picked":["Flame Barrier","Thunderclap"],"picked":"Headbutt","floor":11.0},{"not_picked":["Fire Breathing","Heavy Blade","Wild Strike"],"picked":"SKIP","floor":12.0},{"not_picked":["Perfected Strike","Clash","Dark Embrace"],"picked":"SKIP","floor":14.0},{"not_picked":["Demon Form","Bludgeon"],"picked":"Berserk","floor":16.0},{"not_picked":["Body Slam","Dropkick"],"picked":"Evolve","floor":18.0},{"not_picked":["Thunderclap","Flame Barrier"],"picked":"Sentinel","floor":20.0},{"not_picked":["Perfected Strike","Body Slam"],"picked":"Thunderclap","floor":21}],"player_experience":395521,"relics_obtained":[{"floor":7.0,"key":"White Beast Statue"},{"floor":9.0,"key":"Red Skull"}],"event_choices":[{"damage_healed":0.0,"max_hp_gain":0.0,"max_hp_loss":0.0,"gold_gain":0.0,"event_name":"The Woman in Blue","player_choice":"Bought 1 Potion","floor":2.0,"gold_loss":0.0,"damage_taken":0.0},{"damage_healed":0.0,"max_hp_gain":0.0,"max_hp_loss":0.0,"gold_gain":50.0,"event_name":"Nest","player_choice":"Stole From Cult","floor":19.0,"gold_loss":0.0,"damage_taken":0.0}],"is_beta":false,"boss_relics":[{"not_picked":["Astrolabe","Runic Dome"],"picked":"Pandora\u0027s Box"}],"items_purged_floors":[13],"is_endless":false,"potions_floor_spawned":[1,3,5,11,12,14,16,18,20,21,22],"killed_by":"Book of Stabbing","ascension_level":20}}