{"host":"tpbmol9dayg75a5s","time":1608744204,"event":{"mods":["2.2 Compatiblity","Act Like it!","BaseMod","Bestiary","Block Reminder","Colored Powertips","Downfall","Minty Spire (QoL Compilation)","Relic Stats","StSLib"],"gold_per_floor":[99,99,114,389,402,414,414,424,1,34,34,61,61,74,90,192,192,192,192,23,23,23,23,23,23,23,23,23,23,23,23,23,23,23,23,23,23,23,23,23,23,23,23,23,23,23,23,23,23,23,23,23,23,23,23,23],"floor_reached":55,"playtime":5067,"items_purged":["Regret"],"score":1081,"play_id":"8ccd1b9b-7cc1-4499-bd5e-2a8e0a1c719e","local_time":"20201223142324","is_ascension_mode":true,"campfire_choices":[{"floor":1,"key":"RECALL"},{"data":"sneckomod:PureSnecko","floor":11,"key":"SMITH"},{"floor":13,"key":"REST"},{"data":"sneckomod:Restock","floor":18,"key":"SMITH"},{"floor":26,"key":"REST"},{"data":"sneckomod:WideSting","floor":35,"key":"SMITH"},{"data":"sneckomod:UnknownRarePower","floor":42,"key":"SMITH"},{"floor":46,"key":"REST"},{"floor":54,"key":"REST"}],"circlet_count":0,"master_deck":["sneckomod:Strike","sneckomod:Strike","sneckomod:Strike","sneckomod:Defend","sneckomod:Defend","sneckomod:Defend","sneckomod:TailWhip","sneckomod:SnekBite+1","sneckomod:Unknown","sneckomod:Unknown","sneckomod:UnknownRarePower","sneckomod:SnakeSap","sneckomod:IronFang+1","sneckomod:SoulDraw","sneckomod:UnknownClassGUARDIAN","sneckomod:UnknownClassTHE_CHAMP_GRAY","sneckomod:QuickBite","sneckomod:UnknownWeak","sneckomod:PureSnecko+1","sneckomod:UnknownRarePower+1","sneckomod:UnknownUncommonAttack","sneckomod:DiceCrush","sneckomod:Restock+1","sneckomod:WideSting+1","sneckomod:UnknownRareAttack","sneckomod:UnknownClassGREEN+1","sneckomod:SnekBeam","sneckomod:Nope","sneckomod:RainOfDice+1","sneckomod:DiceBlock","sneckomod:UnknownDexterity","sneckomod:Unknown0Cost","sneckomod:Bewildered","sneckomod:UnknownDexterity+1","sneckomod:UnknownRareSkill","sneckomod:SoulDraw","sneckomod:WideSting+1","sneckomod:UnknownDexterity+1","sneckomod:ImprovisedAttack+1","sneckomod:UnknownClassPURPLE+1","sneckomod:SerpentIdol+1","sneckomod:QuickBite+1","sneckomod:SnekBeam+1","sneckomod:UnknownStrength+1","sneckomod:QuickBite+1"],"relics":["sneckomod:SneckoSoul","downfall:ShatteredFragment","Whetstone","Mummified Hand","Lantern","Letter Opener","downfall:Hecktoplasm","downfall:HeartBlessingRed","downfall:HeartBlessingGreen","Pen Nib","Blue Candle","TungstenRod","sneckomod:BabySnecko","sneckomod:SneckoTalon","downfall:HeartBlessingBlue","Molten Egg 2","Prayer Wheel","hexamod:BolsterEngine"],"acts_visited":["Exordium","TheCity","TheBeyond","TheEnding"],"potions_floor_usage":[10,23,25,33,39,45,47],"damage_taken":[{"damage":4,"enemies":"Jaw Worm","floor":3,"turns":2},{"damage":3,"enemies":"Cultist","floor":5,"turns":3},{"damage":10,"enemies":"2 Louse","floor":6,"turns":3},{"damage":10,"enemies":"Large Slime","floor":8,"turns":3},{"damage":1,"enemies":"downfall:FleeingMerchant","floor":9,"turns":4},{"damage":0,"enemies":"Lagavulin","floor":10,"turns":6},{"damage":23,"enemies":"3 Sentries","floor":12,"turns":7},{"damage":8,"enemies":"Exordium Thugs","floor":14,"turns":2},{"damage":8,"enemies":"Red Slaver","floor":15,"turns":3},{"damage":20,"enemies":"downfall:Silent","floor":16,"turns":6},{"damage":12,"enemies":"Shell Parasite","floor":19,"turns":3},{"damage":0,"enemies":"downfall:FleeingMerchant","floor":20,"turns":4},{"damage":0,"enemies":"3 Byrds","floor":21,"turns":3},{"damage":5,"enemies":"Sentry and Sphere","floor":22,"turns":3},{"damage":27,"enemies":"Book of Stabbing","floor":23,"turns":4},{"damage":22,"enemies":"Snake Plant","floor":25,"turns":2},{"damage":0,"enemies":"downfall:FleeingMerchant","floor":27,"turns":2},{"damage":1,"enemies":"Snecko","floor":28,"turns":3},{"damage":3,"enemies":"Centurion and Healer","floor":30,"turns":2},{"damage":27,"enemies":"Snake Plant","floor":32,"turns":3},{"damage":0,"enemies":"downfall:Defect","floor":33,"turns":5},{"damage":27,"enemies":"3 Darklings","floor":36,"turns":3},{"damage":0,"enemies":"Orb Walker","floor":37,"turns":1},{"damage":0,"enemies":"Writhing Mass","floor":38,"turns":5},{"damage":0,"enemies":"3 Darklings","floor":39,"turns":2},{"damage":0,"enemies":"Sphere and 2 Shapes","floor":40,"turns":3},{"damage":12,"enemies":"Giant Head","floor":43,"turns":7},{"damage":26,"enemies":"Maw","floor":44,"turns":6},{"damage":0,"enemies":"3 Darklings","floor":45,"turns":1},{"damage":25,"enemies":"Jaw Worm Horde","floor":47,"turns":4},{"damage":0,"enemies":"Spire Growth","floor":49,"turns":3},{"damage":11,"enemies":"downfall:Watcher","floor":50,"turns":4},{"damage":106,"enemies":"downfall:CharBossMerchant","floor":52,"turns":8},{"damage":69,"enemies":"downfall:NeowBoss","floor":55,"turns":16}],"seed_played":"2578551021485243023","potions_obtained":[{"floor":3,"key":"FearPotion"},{"floor":8,"key":"hexamod:EctoCoolerPotion"},{"floor":10,"key":"FearPotion"},{"floor":12,"key":"sneckomod:DiceRollPotion"},{"floor":15,"key":"champ:CounterPotion"},{"floor":22,"key":"PowerPotion"},{"floor":25,"key":"Explosive Potion"},{"floor":30,"key":"SneckoOil"},{"floor":32,"key":"EssenceOfSteel"},{"floor":37,"key":"FairyPotion"},{"floor":43,"key":"SmokeBomb"},{"floor":49,"key":"sneckomod:OffclassReductionPotion"},{"floor":52,"key":"GamblersBrew"}],"is_trial":false,"path_per_floor":["R","?","M","?","M","M","T","M","$","E","R","E","R","M","M","B",null,"R","M","$","M","M","E","T","M","R","$","M","?","M","?","M","B",null,"R","M","M","M","M","M","T","R","E","M","M","R","M","$","M","B",null,"E","$","R","B"],"character_chosen":"THE_SNECKO","items_purchased":["Mummified Hand","sneckomod:QuickBite","sneckomod:UnknownWeak","Pen Nib"],"campfire_rested":4,"item_purchase_floors":[9,9,9,20],"current_hp_per_floor":[82,61,57,57,54,44,44,35,36,46,46,24,52,45,41,21,77,77,65,66,67,62,35,35,13,42,42,42,42,40,40,14,15,80,90,68,68,69,69,70,70,70,58,32,32,66,41,41,42,31,94,34,34,68,0,0],"gold":23,"neow_bonus":"ONE_RANDOM_RARE_CARD","is_daily":false,"chose_seed":false,"campfire_upgraded":4,"win_rate":0.0,"timestamp":1608744204,"path_taken":["R","?","M","?","M","M","T","M","$","E","R","E","R","?","M","BOSS","R","M","$","M","M","E","T","M","R","$","M","?","M","?","M","BOSS","R","M","M","M","M","M","T","R","E","M","M","R","M","$","M","BOSS","E","$","R","BOSS"],"items_purchased_type":["Relic","Card","Card","Relic"],"build_version":"2020-12-22","purchased_purges":1,"victory":false,"max_hp_per_floor":[91,91,91,91,91,91,91,92,94,94,94,95,95,96,96,96,96,96,96,97,98,98,98,98,98,98,98,99,99,100,100,101,102,102,112,112,112,113,113,114,114,114,114,114,114,114,114,114,115,115,115,115,115,115,115,115],"relic_stats":{"counters":[34,136],"Mummified Hand":[86],"Blue Candle":[11],"Prayer Wheel":3,"Pen Nib":[34],"Whetstone":["sneckomod:SnekBite","sneckomod:IronFang"],"Letter Opener":[195],"obtain_stats":[{"Lantern":10,"downfall:ShatteredFragment":2,"downfall:HeartBlessingRed":18,"Blue Candle":23,"downfall:HeartBlessingGreen":18,"Pen Nib":20,"Whetstone":7,"Letter Opener":12,"sneckomod:SneckoSoul":0,"sneckomod:SneckoTalon":34,"sneckomod:BabySnecko":31,"Mummified Hand":9,"downfall:HeartBlessingBlue":35,"Molten Egg 2":41,"Prayer Wheel":43,"downfall:Hecktoplasm":17,"hexamod:BolsterEngine":52,"TungstenRod":29},{"Lantern":6,"downfall:ShatteredFragment":0,"downfall:HeartBlessingRed":10,"Blue Candle":15,"downfall:HeartBlessingGreen":10,"Pen Nib":12,"Whetstone":3,"Letter Opener":7,"sneckomod:SneckoSoul":0,"sneckomod:SneckoTalon":21,"sneckomod:BabySnecko":19,"Mummified Hand":5,"downfall:HeartBlessingBlue":21,"Molten Egg 2":26,"Prayer Wheel":27,"downfall:Hecktoplasm":10,"hexamod:BolsterEngine":33,"TungstenRod":18},{"Lantern":21,"downfall:ShatteredFragment":0,"downfall:HeartBlessingRed":39,"Blue Candle":56,"downfall:HeartBlessingGreen":39,"Pen Nib":46,"Whetstone":8,"Letter Opener":28,"sneckomod:SneckoSoul":0,"sneckomod:SneckoTalon":73,"sneckomod:BabySnecko":65,"Mummified Hand":15,"downfall:HeartBlessingBlue":73,"Molten Egg 2":87,"Prayer Wheel":94,"downfall:Hecktoplasm":39,"hexamod:BolsterEngine":120,"TungstenRod":63}],"TungstenRod":51},"card_choices":[{"not_picked":["sneckomod:SoulCleanse","sneckomod:UnknownBlock"],"picked":"sneckomod:SnakeSap","floor":3},{"not_picked":["sneckomod:MasterEye","sneckomod:Nope"],"picked":"sneckomod:IronFang","floor":5},{"not_picked":["sneckomod:Unknown1Cost","sneckomod:SoulRoll"],"picked":"sneckomod:SoulDraw","floor":6},{"not_picked":["sneckomod:SoulDraw","sneckomod:UnknownUncommonSkill"],"picked":"sneckomod:UnknownClassGUARDIAN","floor":8},{"not_picked":["sneckomod:SoulDraw","sneckomod:DiceCrush"],"picked":"sneckomod:UnknownClassTHE_CHAMP_GRAY","floor":9},{"not_picked":["sneckomod:UnknownVulnerable","sneckomod:UnknownBlock"],"picked":"sneckomod:PureSnecko","floor":10},{"not_picked":["sneckomod:TrashToTreasure","sneckomod:UnknownEthereal"],"picked":"sneckomod:UnknownRarePower","floor":12},{"not_picked":["sneckomod:Unknown1Cost","sneckomod:Rotation"],"picked":"sneckomod:UnknownUncommonAttack","floor":14},{"not_picked":["sneckomod:SoulDraw","sneckomod:UnknownCommonAttack"],"picked":"sneckomod:DiceCrush","floor":15},{"not_picked":["sneckomod:SerpentMind","sneckomod:MorePower"],"picked":"sneckomod:Restock","floor":16},{"not_picked":["sneckomod:UnknownX","sneckomod:UnknownClassBLUE+1"],"picked":"sneckomod:WideSting","floor":19},{"not_picked":["sneckomod:Unknown1Cost+1","sneckomod:DiceCrush"],"picked":"sneckomod:UnknownRareAttack","floor":20},{"not_picked":["sneckomod:UnknownClassSLIMEBOUND","sneckomod:IronFang+1"],"picked":"sneckomod:UnknownClassGREEN+1","floor":21},{"not_picked":["sneckomod:IronFang","sneckomod:Unknown1Cost"],"picked":"sneckomod:SnekBeam","floor":22},{"not_picked":["sneckomod:UnknownBlock+1","sneckomod:MorePower"],"picked":"sneckomod:Nope","floor":23},{"not_picked":["sneckomod:UnknownStrike","sneckomod:UnknownX"],"picked":"sneckomod:RainOfDice+1","floor":25},{"not_picked":["sneckomod:SoulRoll","sneckomod:UnknownVulnerable"],"picked":"sneckomod:DiceBlock","floor":27},{"not_picked":["sneckomod:PureSnecko+1","sneckomod:DiceBoulder"],"picked":"sneckomod:UnknownDexterity","floor":28},{"not_picked":["sneckomod:UnknownUncommonSkill","sneckomod:WideSting"],"picked":"sneckomod:Unknown0Cost","floor":30},{"not_picked":["sneckomod:RainOfDice","sneckomod:Unknown2Cost"],"picked":"sneckomod:UnknownDexterity+1","floor":32},{"not_picked":["sneckomod:Unknown3Cost","sneckomod:Cheat"],"picked":"sneckomod:UnknownRareSkill","floor":33},{"not_picked":["sneckomod:DiceBoulder+1","sneckomod:SoulRoll"],"picked":"sneckomod:SoulDraw","floor":36},{"not_picked":["sneckomod:MasterEye+1","sneckomod:UnknownCommonSkill+1"],"picked":"sneckomod:WideSting+1","floor":37},{"not_picked":["sneckomod:DiceCrush+1","sneckomod:MixItUp+1"],"picked":"sneckomod:UnknownDexterity+1","floor":38},{"not_picked":["sneckomod:DiceCrush","sneckomod:SoulDraw+1"],"picked":"sneckomod:ImprovisedAttack+1","floor":39},{"not_picked":["sneckomod:ImprovisedGuard","sneckomod:UnknownClassBLUE+1"],"picked":"sneckomod:UnknownClassPURPLE+1","floor":40},{"not_picked":["sneckomod:UnknownStrike+1","sneckomod:DiceBoulder+1","sneckomod:UnknownWeak"],"picked":"SKIP","floor":43},{"not_picked":["sneckomod:Unknown3Cost","sneckomod:RainOfDice+1"],"picked":"sneckomod:SerpentIdol+1","floor":44},{"not_picked":["sneckomod:UnknownCommonAttack+1","sneckomod:DiceCrush+1"],"picked":"sneckomod:QuickBite+1","floor":44},{"not_picked":["sneckomod:UnknownClassHEXA_GHOST_PURPLE+1","sneckomod:DiceBlock+1"],"picked":"sneckomod:SnekBeam+1","floor":47},{"not_picked":["sneckomod:UnknownWeak","sneckomod:Unknown2Cost","sneckomod:WideSting+1"],"picked":"SKIP","floor":47},{"not_picked":["sneckomod:WideSting+1","sneckomod:DiceBoulder+1"],"picked":"sneckomod:UnknownStrength+1","floor":49},{"not_picked":["sneckomod:RainOfDice+1","sneckomod:ImprovisedGuard","sneckomod:QuickBite+1"],"picked":"SKIP","floor":49},{"not_picked":["sneckomod:SoulCleanse","sneckomod:Unknown2Cost+1"],"picked":"sneckomod:QuickBite+1","floor":52}],"player_experience":965692,"relics_obtained":[{"floor":7,"key":"Whetstone"},{"floor":10,"key":"Lantern"},{"floor":12,"key":"Letter Opener"},{"floor":23,"key":"Blue Candle"},{"floor":41,"key":"Molten Egg 2"},{"floor":43,"key":"Prayer Wheel"},{"floor":52,"key":"hexamod:BolsterEngine"}],"event_choices":[],"is_beta":false,"boss_relics":[{"not_picked":["Tiny House","Black Star"],"picked":"downfall:Hecktoplasm"},{"not_picked":["Velvet Choker","Sozu"],"picked":"sneckomod:SneckoTalon"}],"items_purged_floors":[9],"is_endless":false,"potions_floor_spawned":[3,8,10,12,15,22,25,30,32,37,43,44,49,52],"killed_by":"downfall:NeowBoss","ascension_level":7}}