{"host":"vyt5ne9ydo1z9gg1","time":1608693675,"event":{"mods":["BaseMod","Curses Come First","DeckTracker","GifTheSpireLib","Minty Spire (QoL Compilation)","StSLib"],"gold_per_floor":[113,123,139,139,154,190,211,211,211,244,244,267,306,319,319,439,439,452,490,67,87,87,131,149,149,149,164,178,221,221,320,320,445,445,470,73,94,114,135,135,159,159,159,159,175,175,175,200,200,200,200,200,52,90,90,90],"floor_reached":55,"playtime":4493,"items_purged":["Biased Cognition","Compile Driver+1"],"score":742,"play_id":"4b617bbf-9aae-49ea-ad1b-f11c2fc5151e","local_time":"20201223142115","is_ascension_mode":true,"campfire_choices":[{"floor":8,"key":"REST"},{"floor":11,"key":"REST"},{"data":"Defragment","floor":15,"key":"SMITH"},{"data":"Echo Form","floor":25,"key":"SMITH"},{"floor":30,"key":"RECALL"},{"data":"Rainbow","floor":32,"key":"SMITH"},{"data":"Conserve Battery","floor":40,"key":"SMITH"},{"data":"Electrodynamics","floor":42,"key":"SMITH"},{"data":"Fission","floor":44,"key":"SMITH"},{"data":"Streamline","floor":46,"key":"SMITH"},{"data":"Chill","floor":49,"key":"SMITH"},{"data":"Stack","floor":52,"key":"SMITH"}],"circlet_count":0,"master_deck":["Zap","Dualcast","Redo","Leap+1","Defragment+1","Genetic Algorithm+1","Cold Snap","Doom and Gloom","Chill+1","Redo","Coolheaded","Conserve Battery+1","Echo Form+1","Rainbow+1","Redo","Streamline+1","Fission+1","Heatsinks","Ball Lightning+1","Electrodynamics+1","Stack+1","Cold Snap+1","Self Repair","Force Field+1","Storm+1"],"relics":["Cracked Core","Golden Idol","Matryoshka","Nunchaku","Pocketwatch","Calipers","Mango","Pandora\u0027s Box","Red Mask","Thread and Needle","MutagenicStrength","Bronze Scales","MealTicket","Eternal Feather","Bag of Marbles","Sozu","War Paint","Lee\u0027s Waffle","Vajra","Strawberry"],"acts_visited":["Exordium","TheCity","TheBeyond","TheEnding"],"potions_floor_usage":[6,6,13,13,29,55,55],"damage_taken":[{"damage":6,"enemies":"Jaw Worm","floor":1,"turns":4},{"damage":0,"enemies":"2 Louse","floor":2,"turns":3},{"damage":0,"enemies":"Small Slimes","floor":3,"turns":4},{"damage":13,"enemies":"Blue Slaver","floor":5,"turns":4},{"damage":9,"enemies":"Gremlin Nob","floor":6,"turns":4},{"damage":8,"enemies":"Looter","floor":7,"turns":3},{"damage":18,"enemies":"3 Sentries","floor":10,"turns":5},{"damage":2,"enemies":"Exordium Thugs","floor":12,"turns":4},{"damage":5,"enemies":"Gremlin Nob","floor":13,"turns":3},{"damage":11,"enemies":"Lots of Slimes","floor":14,"turns":3},{"damage":10,"enemies":"Hexaghost","floor":16,"turns":12},{"damage":12,"enemies":"Shell Parasite","floor":18,"turns":4},{"damage":12,"enemies":"Masked Bandits","floor":19,"turns":4},{"damage":1,"enemies":"Spheric Guardian","floor":21,"turns":4},{"damage":7,"enemies":"Book of Stabbing","floor":23,"turns":7},{"damage":2,"enemies":"Snake Plant","floor":24,"turns":4},{"damage":0,"enemies":"Centurion and Healer","floor":27,"turns":6},{"damage":0,"enemies":"Snecko","floor":28,"turns":3},{"damage":18,"enemies":"Gremlin Leader","floor":29,"turns":7},{"damage":31,"enemies":"Automaton","floor":33,"turns":13},{"damage":0,"enemies":"Orb Walker","floor":35,"turns":4},{"damage":0,"enemies":"3 Darklings","floor":37,"turns":5},{"damage":9,"enemies":"Transient","floor":38,"turns":5},{"damage":9,"enemies":"4 Shapes","floor":39,"turns":5},{"damage":0,"enemies":"3 Darklings","floor":41,"turns":3},{"damage":1,"enemies":"Sphere and 2 Shapes","floor":45,"turns":3},{"damage":0,"enemies":"Spire Growth","floor":48,"turns":4},{"damage":17,"enemies":"Time Eater","floor":50,"turns":16},{"damage":25,"enemies":"Shield and Spear","floor":54,"turns":8},{"damage":86,"enemies":"The Heart","floor":55,"turns":5}],"seed_played":"6787673594823452816","potions_obtained":[{"floor":1,"key":"EssenceOfSteel"},{"floor":2,"key":"FearPotion"},{"floor":3,"key":"DistilledChaos"},{"floor":5,"key":"Fire Potion"},{"floor":12,"key":"SteroidPotion"},{"floor":16,"key":"Weak Potion"},{"floor":18,"key":"ColorlessPotion"},{"floor":19,"key":"Swift Potion"},{"floor":24,"key":"Dexterity Potion"},{"floor":28,"key":"PowerPotion"}],"is_trial":false,"path_per_floor":["M","M","M","?","M","E","M","R","T","E","R","M","E","M","R","B",null,"M","?","$","M","?","E","M","R","T","M","M","E","R","?","R","B",null,"M","$","M","M","M","R","M","R","T","R","M","R","?","M","R","B",null,"R","$","E","B"],"character_chosen":"DEFECT","items_purchased":["Stack","Thread and Needle","War Paint","Lee\u0027s Waffle","Vajra"],"campfire_rested":2,"item_purchase_floors":[20,20,36,36,53],"current_hp_per_floor":[69,69,69,51,38,29,21,43,43,25,47,45,54,43,43,33,89,77,65,65,64,64,57,55,55,55,55,55,44,59,59,74,50,89,89,96,96,87,85,96,96,96,96,96,95,96,96,96,96,86,96,96,96,85,0,0],"gold":90,"neow_bonus":"TRANSFORM_CARD","is_daily":false,"chose_seed":false,"campfire_upgraded":9,"win_rate":0.0,"timestamp":1608693675,"path_taken":["M","M","M","?","M","E","M","R","T","E","R","M","E","M","R","BOSS","M","?","$","M","?","E","M","R","T","M","M","E","R","?","R","BOSS","M","$","M","M","M","R","M","R","T","R","M","R","?","M","R","BOSS","R","$","E","BOSS"],"items_purchased_type":["Card","Relic","Relic","Relic","Relic"],"build_version":"2020-12-13","purchased_purges":2,"victory":false,"max_hp_per_floor":[75,75,75,75,75,75,75,75,75,75,75,75,89,89,89,89,89,89,89,89,89,89,89,89,89,89,89,89,89,89,89,89,89,89,89,96,96,96,96,96,96,96,96,96,96,96,96,96,96,96,96,96,96,103,103,103],"card_choices":[{"not_picked":["Reprogram","Consume"],"picked":"Leap","floor":1},{"not_picked":["Darkness","Capacitor"],"picked":"Defragment","floor":2},{"not_picked":["Redo","Aggregate"],"picked":"Genetic Algorithm","floor":3},{"not_picked":["Blizzard","Stack"],"picked":"Cold Snap","floor":5},{"not_picked":["Heatsinks","Steam Power","Compile Driver"],"picked":"SKIP","floor":6},{"not_picked":["Streamline","Leap"],"picked":"Doom and Gloom","floor":7},{"not_picked":["Beam Cell","Leap"],"picked":"Chill","floor":10},{"not_picked":["Gash","Steam Power"],"picked":"Redo","floor":12},{"not_picked":["Barrage","Meteor Strike"],"picked":"Coolheaded","floor":13},{"not_picked":["Chill","Rebound"],"picked":"Conserve Battery","floor":14},{"not_picked":["Meteor Strike","Rainbow"],"picked":"Echo Form","floor":16},{"not_picked":["Leap","Redo"],"picked":"Ball Lightning+1","floor":18},{"not_picked":["Compile Driver+1","Cold Snap"],"picked":"Electrodynamics","floor":19},{"not_picked":["Gash+1","Static Discharge"],"picked":"Cold Snap+1","floor":21},{"not_picked":["Fusion","Go for the Eyes"],"picked":"Compile Driver+1","floor":23},{"not_picked":["Leap","Ball Lightning","Coolheaded"],"picked":"SKIP","floor":24},{"not_picked":["Heatsinks","Beam Cell+1","Turbo"],"picked":"SKIP","floor":27},{"not_picked":["Cold Snap","Stack"],"picked":"Self Repair","floor":28},{"not_picked":["Gash","Static Discharge"],"picked":"Force Field+1","floor":29},{"not_picked":["Rebound+1","Conserve Battery","Redo"],"picked":"SKIP","floor":35},{"not_picked":["Gash+1","Go for the Eyes+1","Sunder+1"],"picked":"SKIP","floor":37},{"not_picked":["Compile Driver+1","Hologram+1","Rebound"],"picked":"SKIP","floor":38},{"not_picked":["Rebound+1","Steam+1","Sweeping Beam+1"],"picked":"SKIP","floor":39},{"not_picked":["Sunder","Hologram+1","Gash+1"],"picked":"SKIP","floor":41},{"not_picked":["Hologram+1","Steam","Gash+1"],"picked":"SKIP","floor":45},{"not_picked":["Leap","Gash","Genetic Algorithm+1"],"picked":"SKIP","floor":48},{"not_picked":["Barrage+1","Sweeping Beam"],"picked":"Storm+1","floor":54}],"player_experience":138866,"relics_obtained":[{"floor":6,"key":"Matryoshka"},{"floor":9,"key":"Nunchaku"},{"floor":9,"key":"Pocketwatch"},{"floor":10,"key":"Calipers"},{"floor":13,"key":"Mango"},{"floor":19,"key":"Red Mask"},{"floor":23,"key":"Bronze Scales"},{"floor":26,"key":"MealTicket"},{"floor":26,"key":"Eternal Feather"},{"floor":29,"key":"Bag of Marbles"},{"floor":54,"key":"Strawberry"}],"event_choices":[{"damage_healed":0,"gold_gain":0,"player_choice":"Take Damage","damage_taken":18,"relics_obtained":["Golden Idol"],"max_hp_gain":0,"max_hp_loss":0,"event_name":"Golden Idol","floor":4,"gold_loss":0},{"damage_healed":0,"gold_gain":0,"player_choice":"Fought Bandits","damage_taken":0,"max_hp_gain":0,"max_hp_loss":0,"event_name":"Masked Bandits","floor":19,"gold_loss":0},{"damage_healed":0,"gold_gain":0,"player_choice":"Inject Mutagens","damage_taken":0,"relics_obtained":["MutagenicStrength"],"max_hp_gain":0,"max_hp_loss":0,"event_name":"Drug Dealer","floor":22,"gold_loss":0},{"damage_healed":0,"gold_gain":99,"player_choice":"Stole From Cult","damage_taken":0,"max_hp_gain":0,"max_hp_loss":0,"event_name":"Nest","floor":31,"gold_loss":0},{"cards_removed":["Chaos"],"damage_healed":0,"gold_gain":0,"player_choice":"Removed Skill","damage_taken":0,"max_hp_gain":0,"max_hp_loss":0,"event_name":"Falling","floor":47,"gold_loss":0}],"is_beta":false,"boss_relics":[{"not_picked":["Runic Pyramid","Snecko Eye"],"picked":"Pandora\u0027s Box"},{"not_picked":["Runic Dome","Fusion Hammer"],"picked":"Sozu"}],"items_purged_floors":[20,36],"is_endless":false,"potions_floor_spawned":[1,2,3,5,12,16,18,19,24,28,35,41,45],"killed_by":"The Heart","ascension_level":1}}