{"host":"5fvgtb0bbibro7vz","time":1608734256,"event":{"mods":["AchievementEnabler","BaseMod","Bestiary","Colored Map","Colored Powertips","Highlight Path","Minty Spire (QoL Compilation)","Quick Restart","StSLib"],"gold_per_floor":[119,194,51,1,1,31,31,31,81,81,110,130,140,140,140,140,140],"floor_reached":16,"playtime":563,"items_purged":[],"score":166,"play_id":"4503deea-e248-4d87-b8d6-2d4672aa79b7","local_time":"20201223153736","is_ascension_mode":true,"campfire_choices":[{"data":"Perfected Strike","floor":7,"key":"SMITH"},{"data":"Perfected Strike","floor":15,"key":"SMITH"}],"circlet_count":0,"master_deck":["Strike_R","Strike_R","Strike_R","Strike_R","Strike_R","Defend_R","Defend_R","Defend_R","Defend_R","Perfected Strike+1","Reaper","Perfected Strike+1","Shrug It Off","Sword Boomerang","True Grit+1"],"relics":["Burning Blood","NeowsBlessing","Blood Vial","Nunchaku","Orichalcum","Shuriken"],"acts_visited":["Exordium"],"potions_floor_usage":[16,16],"damage_taken":[{"damage":0,"enemies":"Jaw Worm","floor":1,"turns":1},{"damage":0,"enemies":"Gremlin Nob","floor":6,"turns":1},{"damage":0,"enemies":"2 Louse","floor":10,"turns":1},{"damage":62,"enemies":"Lagavulin","floor":11,"turns":7},{"damage":1,"enemies":"Cultist","floor":12,"turns":4},{"damage":7,"enemies":"Blue Slaver","floor":13,"turns":2},{"damage":38,"enemies":"The Guardian","floor":16,"turns":12}],"seed_played":"-3401855954912479013","potions_obtained":[{"floor":6,"key":"BlessingOfTheForge"},{"floor":12,"key":"ElixirPotion"},{"floor":13,"key":"AttackPotion"}],"is_trial":false,"path_per_floor":["M","?","$","?","?","E","R","$","T","M","E","M","M","?","R","B"],"character_chosen":"IRONCLAD","items_purchased":["Blood Vial"],"campfire_rested":0,"item_purchase_floors":[3],"current_hp_per_floor":[80,69,69,69,69,77,77,77,77,80,24,35,36,36,36,0,0],"gold":140,"neow_bonus":"THREE_ENEMY_KILL","is_daily":false,"chose_seed":false,"campfire_upgraded":2,"win_rate":0.0,"timestamp":1608734256,"path_taken":["M","?","$","?","?","E","R","$","T","?","E","M","M","?","R","BOSS"],"items_purchased_type":["Relic"],"build_version":"2020-12-22","purchased_purges":0,"victory":false,"max_hp_per_floor":[80,80,80,80,80,80,80,80,80,80,80,80,80,80,80,80,80],"card_choices":[{"not_picked":["Wild Strike","Heavy Blade"],"picked":"Perfected Strike","floor":1},{"not_picked":["Combust","Disarm"],"picked":"Reaper","floor":6},{"not_picked":["Clash","Anger"],"picked":"Perfected Strike","floor":10},{"not_picked":["Shockwave","Corruption"],"picked":"Shrug It Off","floor":11},{"not_picked":["Warcry","Fire Breathing"],"picked":"Sword Boomerang","floor":12},{"not_picked":["Wild Strike","Warcry"],"picked":"True Grit","floor":13}],"player_experience":302702,"relics_obtained":[{"floor":6,"key":"Nunchaku"},{"floor":9,"key":"Orichalcum"},{"floor":11,"key":"Shuriken"}],"event_choices":[{"damage_healed":0,"gold_gain":75,"player_choice":"Gather Gold","damage_taken":11,"max_hp_gain":0,"max_hp_loss":0,"event_name":"World of Goop","floor":2,"gold_loss":0},{"cards_removed":["Bash"],"damage_healed":0,"gold_gain":0,"player_choice":"Card Removal","damage_taken":0,"max_hp_gain":0,"max_hp_loss":0,"event_name":"The Cleric","floor":4,"gold_loss":50},{"damage_healed":0,"gold_gain":0,"player_choice":"Ignored","damage_taken":0,"max_hp_gain":0,"max_hp_loss":0,"event_name":"WeMeetAgain","floor":5,"gold_loss":0},{"damage_healed":0,"gold_gain":0,"player_choice":"Upgraded","damage_taken":0,"max_hp_gain":0,"max_hp_loss":0,"event_name":"Upgrade Shrine","floor":14,"gold_loss":0,"cards_upgraded":["True Grit"]}],"is_beta":false,"boss_relics":[],"items_purged_floors":[],"is_endless":false,"potions_floor_spawned":[6,12,13],"killed_by":"The Guardian","ascension_level":5}}