{"host":"flm17o2q7bfjyna6","time":1608739338,"event":{"mods":["2.2 Compatiblity","Act Like it!","BaseMod","Better Altar","Better Match","Better Note","Better Sensory Stone","Better Skull","Better Third Choice","Better Vampires","Colored Map","Colored Powertips","DeckTracker","Hermit","Ironclad Rager","Minty Spire (QoL Compilation)","Quick Restart","Replay The Spire","Reworked Bosses","Somnambulant","Spicy Shops","StSLib","The Marked","Wandering Minibosses"],"gold_per_floor":[111,64,14,14,27,27,57,3,30,60,235,235,235,255,255,358,358],"floor_reached":16,"playtime":506,"items_purged":[],"score":181,"play_id":"9c8eb750-618d-46da-99e1-73fc11a0049b","local_time":"20201223110218","is_ascension_mode":false,"campfire_choices":[{"floor":6,"key":"REST"},{"floor":12,"key":"REST"},{"floor":15,"key":"REST"}],"circlet_count":0,"master_deck":["somnambulantmod: SomnambulantStrike","somnambulantmod: SomnambulantStrike","somnambulantmod: SomnambulantStrike","somnambulantmod: SomnambulantStrike","somnambulantmod: Defend_Somnambulant","somnambulantmod: Defend_Somnambulant","somnambulantmod: Defend_Somnambulant","somnambulantmod: Defend_Somnambulant+1","somnambulantmod: Defend_Somnambulant","somnambulantmod: QuickNap","somnambulantmod: PrimingPunch","somnambulantmod: Overshare","somnambulantmod: TrepanningBlow","somnambulantmod: HorrificThought+1","somnambulantmod: Nosebleed","somnambulantmod: Harden+1","Doubt"],"relics":["somnambulantmod: DreamJournal","NeowsBlessing","betterThird:SlimedRelic","ReplayTheSpireMod:Shallot","Lizard Tail","Orichalcum","Smiling Mask","Regal Pillow"],"acts_visited":["Exordium"],"potions_floor_usage":[],"damage_taken":[{"damage":0,"enemies":"2 Louse","floor":1,"turns":1},{"damage":0,"enemies":"Small Slimes","floor":5,"turns":2},{"damage":0,"enemies":"3 Sentries","floor":7,"turns":2},{"damage":20,"enemies":"Lagavulin","floor":10,"turns":7},{"damage":1,"enemies":"Cultist","floor":14,"turns":4},{"damage":27,"enemies":"Fading Forest","floor":16,"turns":11}],"seed_played":"4155189645455867443","potions_obtained":[{"floor":1,"key":"Energy Potion"},{"floor":14,"key":"Fire Potion"},{"floor":16,"key":"Reflective Coating"}],"is_trial":false,"path_per_floor":["M","?","?","?","M","R","E","$","T","E","?","R","?","M","R","B"],"character_chosen":"THE_SOMNAMBULANT","items_purchased":["somnambulantmod: Nosebleed"],"campfire_rested":3,"item_purchase_floors":[8],"current_hp_per_floor":[70,59,59,59,59,72,72,72,72,52,52,74,56,55,76,55,55],"gold":358,"neow_bonus":"THREE_ENEMY_KILL","is_daily":false,"chose_seed":false,"campfire_upgraded":0,"win_rate":0.0,"timestamp":1608739338,"path_taken":["M","?","?","?","?","R","E","$","T","E","?","R","?","M","R","BOSS"],"items_purchased_type":["Card"],"build_version":"2020-12-22","purchased_purges":0,"victory":false,"max_hp_per_floor":[70,70,70,70,70,72,72,72,72,72,72,74,74,74,76,76,76],"card_choices":[{"not_picked":["somnambulantmod: UnthoughtKnown","somnambulantmod: Pinch"],"picked":"somnambulantmod: Overshare","floor":1},{"not_picked":["somnambulantmod: Stumble","somnambulantmod: LeechFears"],"picked":"somnambulantmod: TrepanningBlow","floor":5},{"not_picked":["somnambulantmod: Wake","somnambulantmod: BadIdea"],"picked":"somnambulantmod: HorrificThought","floor":7},{"not_picked":["somnambulantmod: Stumble","somnambulantmod: NightHaunts"],"picked":"somnambulantmod: Harden","floor":10},{"not_picked":["somnambulantmod: SickeningSwathe","somnambulantmod: HeadSmack","somnambulantmod: Blink"],"picked":"SKIP","floor":14}],"player_experience":1608774,"relics_obtained":[{"floor":7,"key":"Lizard Tail"},{"floor":9,"key":"Orichalcum"},{"floor":10,"key":"Smiling Mask"}],"event_choices":[{"damage_healed":0,"gold_gain":0,"player_choice":"Slimed","damage_taken":11,"max_hp_gain":0,"max_hp_loss":0,"event_name":"betterThird:BetterGoop","floor":2,"gold_loss":47},{"cards_removed":["somnambulantmod: SomnambulantStrike"],"damage_healed":0,"gold_gain":0,"player_choice":"Card Removal","damage_taken":0,"max_hp_gain":0,"max_hp_loss":0,"event_name":"The Cleric","floor":3,"gold_loss":50},{"damage_healed":0,"gold_gain":0,"player_choice":"Gave Potion","damage_taken":0,"relics_obtained":["ReplayTheSpireMod:Shallot"],"max_hp_gain":0,"max_hp_loss":0,"event_name":"WeMeetAgain","floor":4,"gold_loss":0},{"damage_healed":0,"gold_gain":175,"player_choice":"AGREE","damage_taken":60,"max_hp_gain":0,"max_hp_loss":0,"event_name":"betterThird:BetterSerpent","floor":11,"gold_loss":0},{"damage_healed":0,"gold_gain":0,"player_choice":"Relic ","damage_taken":18,"max_hp_gain":0,"max_hp_loss":0,"event_name":"betterThird:BetterScrap","floor":13,"gold_loss":0,"cards_obtained":["Life Link"]}],"is_beta":false,"boss_relics":[],"items_purged_floors":[],"is_endless":false,"potions_floor_spawned":[1,14,16],"killed_by":"Fading Forest","ascension_level":0}}