{"host":"uuxww4b5od0o4ivw","time":1608713479,"event":{"mods":["BaseMod","Downfall","Minty Spire (QoL Compilation)","StSLib"],"gold_per_floor":[99,118,118,131,148,248,248,280,297,297,137,137,122,197,207,207,207],"floor_reached":16,"playtime":618,"items_purged":[],"score":150,"play_id":"d99af874-8ea8-406c-a21f-f832eb99ce4f","local_time":"20201222225119","is_ascension_mode":false,"campfire_choices":[{"floor":1,"key":"RECALL"}],"circlet_count":0,"master_deck":["Slimebound:Strike_Slimebound","Slimebound:Strike_Slimebound","Slimebound:Strike_Slimebound","Slimebound:Tackle","Slimebound:Defend_Slimebound","Slimebound:Defend_Slimebound","Slimebound:Defend_Slimebound","Slimebound:Defend_Slimebound","Slimebound:Split","Slimebound:CorrosiveSpit","Slimebound:Schlurp","Slimebound:SplitMire","Slimebound:SlimeSpikes","Slimebound:LeechLife","Slimebound:AcidTongue","Slimebound:Schlurp","Slimebound:DisruptingSlam"],"relics":["Slimebound:AbsorbEndCombat","Blood Vial","Pear","Happy Flower"],"acts_visited":["Exordium"],"potions_floor_usage":[16],"damage_taken":[{"damage":12,"enemies":"Small Slimes","floor":2,"turns":4},{"damage":19,"enemies":"Jaw Worm","floor":4,"turns":4},{"damage":13,"enemies":"2 Louse","floor":5,"turns":3},{"damage":22,"enemies":"Lagavulin","floor":8,"turns":7},{"damage":18,"enemies":"Large Slime","floor":9,"turns":4},{"damage":4,"enemies":"downfall:FleeingMerchant","floor":11,"turns":4},{"damage":11,"enemies":"downfall:FleeingMerchant","floor":13,"turns":4},{"damage":46,"enemies":"2 Fungi Beasts","floor":15,"turns":8},{"damage":94,"enemies":"downfall:Defect","floor":16,"turns":6}],"seed_played":"-4336479791744796691","potions_obtained":[{"floor":4,"key":"Regen Potion"},{"floor":5,"key":"Strength Potion"},{"floor":8,"key":"champ:CounterPotion"}],"is_trial":false,"path_per_floor":["R","M","?","M","M","?","T","E","M","?","$","?","$","?","M","B"],"character_chosen":"SLIMEBOUND","items_purchased":["Happy Flower"],"campfire_rested":0,"item_purchase_floors":[11],"current_hp_per_floor":[66,58,58,49,48,48,48,38,32,35,57,62,81,81,47,0,0],"gold":207,"neow_bonus":"TEN_PERCENT_HP_BONUS","is_daily":false,"chose_seed":false,"campfire_upgraded":0,"win_rate":0.0,"timestamp":1608713479,"path_taken":["R","M","?","M","M","?","T","E","M","?","$","?","$","?","M","BOSS"],"items_purchased_type":["Relic"],"build_version":"2020-12-22","purchased_purges":0,"victory":false,"max_hp_per_floor":[66,66,66,66,66,66,66,66,66,76,76,81,81,81,81,81,81],"card_choices":[{"not_picked":["Slimebound:SplitBruiser","Slimebound:BestDefense"],"picked":"Slimebound:Schlurp","floor":2},{"not_picked":["Slimebound:GoopSpray","Slimebound:SplitBruiser"],"picked":"Slimebound:SplitMire","floor":4},{"not_picked":["Slimebound:SplitAcid","Slimebound:PressTheAttack"],"picked":"Slimebound:SlimeSpikes","floor":5},{"not_picked":["Slimebound:Darklings","Slimebound:PressTheAttack","Slimebound:BestDefense"],"picked":"SKIP","floor":8},{"not_picked":["Slimebound:PressTheAttack","Slimebound:RollThrough"],"picked":"Slimebound:LeechLife","floor":9},{"not_picked":["Slimebound:Gluttony","Slimebound:Equalize"],"picked":"Slimebound:AcidTongue","floor":11},{"not_picked":["Slimebound:ForwardTackle","Slimebound:SplitLeeching"],"picked":"Slimebound:Schlurp","floor":13},{"not_picked":["Slimebound:Grow","Slimebound:GrowthPunch"],"picked":"Slimebound:DisruptingSlam","floor":15}],"player_experience":56243,"relics_obtained":[{"floor":8,"key":"Blood Vial"}],"event_choices":[{"damage_healed":0,"gold_gain":0,"player_choice":"Success","damage_taken":7,"relics_obtained":["Pear"],"max_hp_gain":0,"max_hp_loss":0,"event_name":"Scrap Ooze","floor":10,"gold_loss":0},{"damage_healed":0,"gold_gain":0,"player_choice":"Donut","damage_taken":0,"max_hp_gain":5,"max_hp_loss":0,"event_name":"Big Fish","floor":12,"gold_loss":0}],"is_beta":false,"boss_relics":[],"items_purged_floors":[],"is_endless":false,"potions_floor_spawned":[4,5,8,15],"killed_by":"downfall:Defect","ascension_level":0}}