{"host":"zc4856jdpoxvjh7b","time":1608749005,"event":{"mods":["BaseMod","DeckTracker","Minty Spire (QoL Compilation)","Quick Restart","StSLib","SuperFastMode","everything is the same but u backflip on backflip"],"gold_per_floor":[112,122,136,136,136,136,152,26,26,26,50,70,83,126,126,247,247,261,276,126,147,72,115,131,131,158,158,158,174,49,62,62,62,62],"floor_reached":33,"playtime":876,"items_purged":["Strike_R","Strike_R","Defend_R"],"score":285,"play_id":"5ad9b796-2e99-42b7-bfd4-cc387010c008","local_time":"20201224034325","is_ascension_mode":true,"campfire_choices":[{"data":"Bash","floor":6,"key":"SMITH"},{"floor":15,"key":"REST"},{"floor":25,"key":"REST"},{"floor":27,"key":"REST"},{"floor":32,"key":"REST"}],"circlet_count":0,"master_deck":["Strike_R","Defend_R","Defend_R","Defend_R","Bash+1","Dropkick","Cleave","Headbutt+1","Thunderclap","Spot Weakness","Berserk+1","Carnage+1","Pommel Strike+1","Shrug It Off","Battle Trance","Ghostly Armor","Inflame+1"],"relics":["Burning Blood","Bronze Scales","Golden Idol","Frozen Egg 2","Mercury Hourglass","SlaversCollar","Whetstone","Dream Catcher","Bottled Flame"],"acts_visited":["Exordium","TheCity"],"potions_floor_usage":[7,19],"damage_taken":[{"damage":7,"enemies":"Jaw Worm","floor":1,"turns":5},{"damage":10,"enemies":"2 Louse","floor":2,"turns":2},{"damage":0,"enemies":"Cultist","floor":3,"turns":2},{"damage":18,"enemies":"Large Slime","floor":7,"turns":4},{"damage":14,"enemies":"Exordium Thugs","floor":11,"turns":3},{"damage":0,"enemies":"Looter","floor":12,"turns":2},{"damage":0,"enemies":"2 Fungi Beasts","floor":13,"turns":1},{"damage":32,"enemies":"Gremlin Nob","floor":14,"turns":4},{"damage":27,"enemies":"Slime Boss","floor":16,"turns":9},{"damage":35,"enemies":"2 Thieves","floor":18,"turns":3},{"damage":21,"enemies":"Shell Parasite","floor":19,"turns":5},{"damage":3,"enemies":"Snecko","floor":21,"turns":4},{"damage":28,"enemies":"Book of Stabbing","floor":23,"turns":4},{"damage":24,"enemies":"Cultist and Chosen","floor":24,"turns":5},{"damage":29,"enemies":"Shelled Parasite and Fungi","floor":29,"turns":6},{"damage":20,"enemies":"Chosen and Byrds","floor":31,"turns":7},{"damage":75,"enemies":"Automaton","floor":33,"turns":6}],"seed_played":"1423268778663546065","potions_obtained":[{"floor":1,"key":"LiquidMemories"},{"floor":3,"key":"ElixirPotion"},{"floor":12,"key":"SteroidPotion"},{"floor":13,"key":"BloodPotion"},{"floor":19,"key":"SpeedPotion"}],"is_trial":false,"path_per_floor":["M","M","M","?","?","R","M","$","T","$","M","M","M","E","R","B",null,"M","M","$","M","?","E","M","R","T","R","T","M","$","M","R","B"],"character_chosen":"IRONCLAD","items_purchased":["Thunderclap","Shrug It Off"],"campfire_rested":4,"item_purchase_floors":[8,20],"current_hp_per_floor":[79,75,80,60,60,60,48,48,48,48,40,46,52,26,50,29,80,51,52,52,55,55,33,15,39,39,63,63,40,40,26,50,0,0],"gold":62,"neow_bonus":"RANDOM_COMMON_RELIC","is_daily":false,"chose_seed":false,"campfire_upgraded":1,"win_rate":0.0,"timestamp":1608749005,"path_taken":["M","M","M","?","?","R","M","$","T","$","M","?","M","E","R","BOSS","M","M","$","M","?","E","M","R","T","R","?","M","$","M","R","BOSS"],"items_purchased_type":["Card","Card"],"build_version":"2020-12-22","purchased_purges":3,"victory":false,"max_hp_per_floor":[80,80,80,80,80,80,80,80,80,80,80,80,80,80,80,80,80,80,80,80,80,80,80,80,80,80,80,80,80,80,80,80,80,80],"card_choices":[{"not_picked":["Dual Wield","Sever Soul"],"picked":"Dropkick","floor":1},{"not_picked":["Disarm","Sword Boomerang"],"picked":"Cleave","floor":2},{"not_picked":["Heavy Blade","Perfected Strike"],"picked":"Headbutt","floor":3},{"not_picked":["Clothesline","Cleave","Reckless Charge"],"picked":"SKIP","floor":7},{"not_picked":["Intimidate","Sword Boomerang","Whirlwind"],"picked":"SKIP","floor":11},{"not_picked":["Pommel Strike","Headbutt"],"picked":"Spot Weakness","floor":12},{"not_picked":["Clash","Heavy Blade","Twin Strike"],"picked":"SKIP","floor":13},{"not_picked":["Twin Strike","Hemokinesis","Fire Breathing+1"],"picked":"SKIP","floor":14},{"not_picked":["Limit Break","Reaper"],"picked":"Berserk+1","floor":16},{"not_picked":["True Grit","Combust+1"],"picked":"Carnage+1","floor":18},{"not_picked":["Iron Wave","Burning Pact"],"picked":"Pommel Strike","floor":19},{"not_picked":["Whirlwind","Clash","Blood for Blood"],"picked":"SKIP","floor":21},{"not_picked":["Pommel Strike","Thunderclap"],"picked":"Battle Trance","floor":23},{"not_picked":["Armaments+1","Anger","Infernal Blade"],"picked":"SKIP","floor":24},{"not_picked":["Body Slam","Twin Strike+1"],"picked":"Ghostly Armor","floor":29},{"not_picked":["Sword Boomerang+1","Flex","Iron Wave+1"],"picked":"SKIP","floor":31},{"not_picked":["True Grit","Combust+1"],"picked":"Inflame+1","floor":32}],"player_experience":2721,"relics_obtained":[{"floor":9,"key":"Frozen Egg 2"},{"floor":14,"key":"Mercury Hourglass"},{"floor":23,"key":"Whetstone"},{"floor":26,"key":"Dream Catcher"},{"floor":28,"key":"Bottled Flame"}],"event_choices":[{"damage_healed":0,"gold_gain":0,"player_choice":"Take Damage","damage_taken":20,"relics_obtained":["Golden Idol"],"max_hp_gain":0,"max_hp_loss":0,"event_name":"Golden Idol","floor":4,"gold_loss":0},{"cards_removed":["Strike_R"],"damage_healed":0,"gold_gain":0,"player_choice":"Offered Basic","damage_taken":0,"max_hp_gain":0,"max_hp_loss":0,"event_name":"Bonfire Elementals","floor":5,"gold_loss":0},{"cards_removed":["Strike_R"],"damage_healed":0,"gold_gain":0,"player_choice":"Gave Gold","damage_taken":0,"max_hp_gain":0,"max_hp_loss":0,"event_name":"Beggar","floor":22,"gold_loss":75}],"is_beta":false,"boss_relics":[{"not_picked":["Astrolabe","Runic Cube"],"picked":"SlaversCollar"}],"items_purged_floors":[8,20,30],"is_endless":false,"potions_floor_spawned":[1,3,12,13,14,19,23,24,29],"killed_by":"Automaton","ascension_level":1}}