{"host":"cijwx898anu8dehj","time":1608729351,"event":{"mods":["AchievementEnabler","AlwaysNeverKeys","BaseMod","Colored Map","Colored Powertips","Highlight Path","Minty Spire (QoL Compilation)","Rare Cards Sparkle","Relic Stats","Slay-I"],"gold_per_floor":[117,134,149,163,173,173,201,201,201,276,287,60,89,100,100,200,200,212,212,212,232,250,250,250,285,285,285,296,296,36,47,47,47,47],"floor_reached":33,"playtime":2154,"items_purged":["Defend_B","Defend_B"],"score":434,"play_id":"ce630936-c553-431f-9b79-403844d6746d","local_time":"20201223111551","is_ascension_mode":true,"campfire_choices":[{"data":"Go for the Eyes","floor":6.0,"key":"SMITH"},{"floor":8.0,"key":"REST"},{"floor":15.0,"key":"REST"},{"floor":23,"key":"REST"},{"floor":27,"key":"REST"},{"floor":32,"key":"REST"}],"circlet_count":0,"master_deck":["Strike_B","Strike_B","Strike_B","Strike_B","Defend_B","Defend_B","Zap","Dualcast","Gash","Go for the Eyes+1","Streamline","Scrape","Fission","Go for the Eyes","Gash","Gash","Electrodynamics","Leap+1","Streamline","Conserve Battery+1","Leap+1","Coolheaded+1","Hologram+1","Bandage Up+1","Beam Cell+1"],"relics":["Cracked Core","PreservedInsect","Singing Bowl","Anchor","StrikeDummy","Black Star","Toxic Egg 2","Blood Vial","Lantern"],"acts_visited":["Exordium","TheCity"],"potions_floor_usage":[21,22,29,31],"damage_taken":[{"damage":1.0,"enemies":"Cultist","floor":1.0,"turns":4.0},{"damage":7.0,"enemies":"Small Slimes","floor":2.0,"turns":3.0},{"damage":4.0,"enemies":"Jaw Worm","floor":3.0,"turns":4.0},{"damage":0.0,"enemies":"3 Louse","floor":4.0,"turns":2.0},{"damage":7.0,"enemies":"Exordium Thugs","floor":5.0,"turns":3.0},{"damage":40.0,"enemies":"3 Sentries","floor":7.0,"turns":7.0},{"damage":10.0,"enemies":"Lots of Slimes","floor":11.0,"turns":3.0},{"damage":16.0,"enemies":"Gremlin Nob","floor":13.0,"turns":3.0},{"damage":0.0,"enemies":"2 Fungi Beasts","floor":14.0,"turns":3.0},{"damage":18.0,"enemies":"Hexaghost","floor":16.0,"turns":7.0},{"damage":9,"enemies":"Shell Parasite","floor":18,"turns":4},{"damage":0,"enemies":"Spheric Guardian","floor":21,"turns":2},{"damage":24,"enemies":"3 Cultists","floor":22,"turns":6},{"damage":56,"enemies":"Book of Stabbing","floor":25,"turns":6},{"damage":13,"enemies":"Cultist and Chosen","floor":28,"turns":6},{"damage":0,"enemies":"Slavers","floor":29,"turns":1},{"damage":2,"enemies":"Shelled Parasite and Fungi","floor":31,"turns":6},{"damage":60,"enemies":"Automaton","floor":33,"turns":6}],"seed_played":"51852060830542713","potions_obtained":[{"floor":1.0,"key":"Energy Potion"},{"floor":3.0,"key":"FocusPotion"},{"floor":4.0,"key":"AttackPotion"},{"floor":7.0,"key":"AttackPotion"},{"floor":13.0,"key":"FearPotion"},{"floor":14.0,"key":"Swift Potion"},{"floor":16.0,"key":"DuplicationPotion"},{"floor":18,"key":"LiquidMemories"},{"floor":22,"key":"SmokeBomb"},{"floor":25,"key":"LiquidBronze"},{"floor":28,"key":"ColorlessPotion"}],"is_trial":false,"path_per_floor":["M","M","M","M","M","R","E","R","T","?","M","$","E","M","R","B",null,"M","?","?","M","M","R","?","E","T","R","M","E","$","M","R","B"],"character_chosen":"DEFECT","items_purchased":["Anchor","Coolheaded+1","Hologram+1","Bandage Up+1"],"campfire_rested":5,"item_purchase_floors":[12,30,30,30],"current_hp_per_floor":[74,67,63,63,56,56,16,40,40,29,19,19,3,3,27,9,64,57,57,57,57,33,58,58,2,2,27,16,18,18,24,49,0,0],"gold":47,"neow_bonus":"TEN_PERCENT_HP_BONUS","is_daily":false,"chose_seed":false,"campfire_upgraded":1,"win_rate":0.0,"timestamp":1608729351,"path_taken":["M","M","M","M","M","R","E","R","T","?","M","$","E","M","R","BOSS","M","?","?","?","M","R","?","E","T","R","M","E","$","M","R","BOSS"],"items_purchased_type":["Relic","Card","Card","Card"],"build_version":"2020-12-22","purchased_purges":2,"victory":false,"max_hp_per_floor":[82,82,82,82,82,82,82,82,82,82,82,82,82,82,82,82,82,84,84,84,84,84,84,84,84,84,84,84,84,84,84,84,84,84],"relic_stats":{"Blood Vial":8,"Singing Bowl":2,"counters":[18,76],"PreservedInsect":107,"Black Star":2,"obtain_stats":[{"Blood Vial":25,"Anchor":12,"Lantern":26,"Singing Bowl":9,"PreservedInsect":7,"Black Star":17,"Toxic Egg 2":25,"Cracked Core":0,"StrikeDummy":13},{"Blood Vial":14,"Anchor":7,"Lantern":14,"Singing Bowl":6,"PreservedInsect":6,"Black Star":10,"Toxic Egg 2":14,"Cracked Core":0,"StrikeDummy":8},{"Blood Vial":57,"Anchor":26,"Lantern":57,"Singing Bowl":23,"PreservedInsect":23,"Black Star":39,"Toxic Egg 2":57,"Cracked Core":0,"StrikeDummy":29}]},"card_choices":[{"not_picked":["Heatsinks","Steam Power"],"picked":"Doom and Gloom","floor":1.0},{"not_picked":["Double Energy","Stack"],"picked":"Gash","floor":2.0},{"not_picked":["Stack","Sweeping Beam"],"picked":"Go for the Eyes","floor":3.0},{"not_picked":["Turbo","Lockon"],"picked":"Streamline","floor":4.0},{"not_picked":["Rebound","Auto Shields"],"picked":"Scrape","floor":5.0},{"not_picked":["Scrape","White Noise"],"picked":"Fission","floor":7.0},{"not_picked":["Sunder","Lockon"],"picked":"Go for the Eyes","floor":11.0},{"not_picked":["Hologram","Turbo"],"picked":"Gash","floor":13.0},{"not_picked":["Go for the Eyes","Steam Power"],"picked":"Gash","floor":14.0},{"not_picked":["Rainbow","Machine Learning"],"picked":"Electrodynamics","floor":16.0},{"not_picked":["Darkness","Rebound","Fusion+1"],"picked":"Singing Bowl","floor":18},{"not_picked":["Go for the Eyes","Turbo"],"picked":"Leap+1","floor":21},{"not_picked":["Redo","Barrage"],"picked":"Streamline","floor":22},{"not_picked":["Redo+1","Hyperbeam"],"picked":"Conserve Battery+1","floor":25},{"not_picked":["Consume+1","Beam Cell"],"picked":"Leap+1","floor":28},{"not_picked":["Double Energy+1","Redo+1"],"picked":"Beam Cell+1","floor":31}],"player_experience":918246,"relics_obtained":[{"floor":7.0,"key":"PreservedInsect"},{"floor":9.0,"key":"Singing Bowl"},{"floor":13.0,"key":"StrikeDummy"},{"floor":25,"key":"Toxic Egg 2"},{"floor":25,"key":"Blood Vial"},{"floor":26,"key":"Lantern"}],"event_choices":[{"damage_healed":0.0,"max_hp_gain":0.0,"max_hp_loss":0.0,"gold_gain":75.0,"event_name":"World of Goop","player_choice":"Gather Gold","floor":10.0,"gold_loss":0.0,"damage_taken":11.0},{"damage_healed":0,"gold_gain":0,"player_choice":"Ignored","damage_taken":0,"max_hp_gain":0,"max_hp_loss":0,"event_name":"Vampires","floor":19,"gold_loss":0},{"cards_removed":["Doom and Gloom"],"damage_healed":0,"gold_gain":0,"player_choice":"Purged","damage_taken":0,"max_hp_gain":0,"max_hp_loss":0,"event_name":"Purifier","floor":20,"gold_loss":0},{"damage_healed":0,"gold_gain":0,"player_choice":"Ignored","damage_taken":0,"max_hp_gain":0,"max_hp_loss":0,"event_name":"The Mausoleum","floor":24,"gold_loss":0}],"is_beta":false,"boss_relics":[{"not_picked":["Runic Pyramid","Coffee Dripper"],"picked":"Black Star"}],"items_purged_floors":[12,30],"is_endless":false,"potions_floor_spawned":[1,3,4,7,13,14,16,18,22,25,28],"killed_by":"Automaton","ascension_level":9}}