{"host":"t179ovrkr5k1gnfh","time":1608721394,"event":{"mods":["BaseMod","Colored Map","Marisa????????","Minty Spire (QoL Compilation)","StSLib"],"gold_per_floor":[11,11,11,23,42,42,67,67,67,67,167,167,182,200,200,298,298,314,333,88,107,107,133,150,183,183,183,215,265,265,25,25,126,126,143,194,104,123,123,123],"floor_reached":39,"playtime":2661,"items_purged":["Strike_MRS","Strike_MRS"],"score":481,"play_id":"9c56da0c-411a-4652-b749-ff7377d3a64c","local_time":"20201223120314","is_ascension_mode":true,"campfire_choices":[{"data":"6A","floor":6,"key":"SMITH"},{"data":"PulseMagic","floor":8,"key":"SMITH"},{"data":"MasterSpark","floor":10,"key":"SMITH"},{"data":"UpSweep","floor":12,"key":"SMITH"},{"floor":15,"key":"REST"},{"floor":27,"key":"REST"},{"floor":30,"key":"REST"},{"floor":32,"key":"REST"}],"circlet_count":0,"master_deck":["Strike_MRS+1","Strike_MRS+1","Defend_MRS","Defend_MRS","Defend_MRS","MasterSpark+1","UpSweep+1","6A+1","PulseMagic+1","GravityBeat+1","NonDirectionalLaser+1","AsteroidBelt","UltimateShortwave+1","MysteriousBeam+1","AlicesGift+1","LuminesStrike+1","GrandCross+1","ShootingEcho+1","WitchLeyline+1","Singularity","CollectingQuirk+1","SporeBomb"],"relics":["MiniHakkero","TungstenRod","Molten Egg 2","Smiling Mask","Eternal Feather","Fusion Hammer","Frozen Eye","Gremlin Horn","Sundial","Whetstone","Bottled Lightning","Bronze Scales","Membership Card","SlaversCollar","Ginger"],"acts_visited":["Exordium","TheCity","TheBeyond"],"potions_floor_usage":[4,16,16,23,25,28,36],"damage_taken":[{"damage":0,"enemies":"Cultist","floor":1,"turns":3},{"damage":6,"enemies":"Jaw Worm","floor":4,"turns":2},{"damage":0,"enemies":"2 Louse","floor":5,"turns":2},{"damage":18,"enemies":"Gremlin Nob","floor":7,"turns":4},{"damage":16,"enemies":"Red Slaver","floor":13,"turns":4},{"damage":8,"enemies":"3 Louse","floor":14,"turns":2},{"damage":6,"enemies":"The Guardian","floor":16,"turns":12},{"damage":12,"enemies":"Shell Parasite","floor":18,"turns":3},{"damage":16,"enemies":"2 Thieves","floor":19,"turns":3},{"damage":0,"enemies":"3 Cultists","floor":21,"turns":4},{"damage":22,"enemies":"Book of Stabbing","floor":23,"turns":5},{"damage":4,"enemies":"Cultist and Chosen","floor":24,"turns":4},{"damage":19,"enemies":"Gremlin Leader","floor":25,"turns":4},{"damage":21,"enemies":"Slavers","floor":28,"turns":3},{"damage":26,"enemies":"Collector","floor":33,"turns":7},{"damage":22,"enemies":"3 Shapes","floor":35,"turns":3},{"damage":34,"enemies":"2 Orb Walkers","floor":36,"turns":4},{"damage":1,"enemies":"3 Darklings","floor":38,"turns":2},{"damage":18,"enemies":"4 Shapes","floor":39,"turns":3}],"seed_played":"-8525255335479539391","potions_obtained":[{"floor":1,"key":"AttackPotion"},{"floor":13,"key":"EssenceOfSteel"},{"floor":14,"key":"Weak Potion"},{"floor":21,"key":"SpeedPotion"},{"floor":24,"key":"FearPotion"},{"floor":25,"key":"LiquidBronze"},{"floor":33,"key":"EssenceOfSteel"}],"is_trial":false,"path_per_floor":["M","?","?","M","M","R","E","R","T","R","?","R","M","M","R","B",null,"M","M","$","M","?","E","M","E","T","R","E","?","R","$","R","B",null,"M","?","?","M","M"],"character_chosen":"MARISA","items_purchased":["Frozen Eye","LuminesStrike+1","Membership Card","Singularity"],"campfire_rested":4,"item_purchase_floors":[20,20,31,31],"current_hp_per_floor":[75,73,67,61,61,61,43,43,43,49,49,55,39,31,59,53,75,63,47,47,47,47,25,21,2,2,36,15,15,49,49,75,49,75,53,19,19,18,0,0],"gold":123,"neow_bonus":"ONE_RARE_RELIC","is_daily":false,"chose_seed":false,"campfire_upgraded":4,"win_rate":0.0,"timestamp":1608721394,"path_taken":["M","?","?","M","M","R","E","R","T","R","?","R","M","?","R","BOSS","M","M","$","M","?","E","M","E","T","R","E","?","R","$","R","BOSS","M","?","?","?","?"],"items_purchased_type":["Relic","Card","Relic","Card"],"build_version":"2020-12-22","purchased_purges":2,"victory":false,"max_hp_per_floor":[75,75,75,75,75,75,75,75,75,75,75,75,75,75,75,75,75,75,75,75,75,75,75,75,75,75,75,75,75,75,75,75,75,75,75,75,75,75,75,75],"card_choices":[{"not_picked":["MagicChant","Acceleration"],"picked":"6A","floor":1},{"not_picked":["SprinkleStarSeal","OrrerysSun"],"picked":"PulseMagic","floor":4},{"not_picked":["ShootingEcho+1","Acceleration"],"picked":"GravityBeat+1","floor":5},{"not_picked":["PulseMagic","EnergyRecoil"],"picked":"NonDirectionalLaser+1","floor":7},{"not_picked":["ShootingEcho+1","PowerUp","DoubleSpark+1"],"picked":"SKIP","floor":13},{"not_picked":["EnergyRecoil","UnstableBomb+1"],"picked":"AsteroidBelt","floor":14},{"not_picked":["SatelliteIllusion","MaximisePower"],"picked":"UltimateShortwave","floor":16},{"not_picked":["MachineGunSpark+1","NonDirectionalLaser+1"],"picked":"MysteriousBeam+1","floor":18},{"not_picked":["ChargingUp","GasGiant+1"],"picked":"AlicesGift+1","floor":19},{"not_picked":["IllusionStar+1","MysteriousBeam+1"],"picked":"GrandCross+1","floor":21},{"not_picked":["FinalSpark+1","MysteriousBeam+1","GrandCross+1"],"picked":"SKIP","floor":23},{"not_picked":["SprinkleStarSeal+1","WitchLeyline+1"],"picked":"ShootingEcho+1","floor":24},{"not_picked":["EnergyFlow","UltimateShortwave","ManaConvection"],"picked":"SKIP","floor":25},{"not_picked":["UnstableBomb+1","GrandCross+1"],"picked":"WitchLeyline+1","floor":28},{"not_picked":["BlazingStar+1","SuperNova"],"picked":"CollectingQuirk+1","floor":33},{"not_picked":["GravityBeat+1","IllusionStar","NonDirectionalLaser+1"],"picked":"SKIP","floor":35},{"not_picked":["UnstableBomb+1","OneTimeOff"],"picked":"SporeBomb","floor":38}],"player_experience":68307,"relics_obtained":[{"floor":7,"key":"Smiling Mask"},{"floor":9,"key":"Eternal Feather"},{"floor":23,"key":"Sundial"},{"floor":25,"key":"Whetstone"},{"floor":26,"key":"Bottled Lightning"},{"floor":28,"key":"Bronze Scales"},{"floor":36,"key":"Ginger"}],"event_choices":[{"damage_healed":0,"gold_gain":0,"player_choice":"Success","damage_taken":3,"relics_obtained":["Molten Egg 2"],"max_hp_gain":0,"max_hp_loss":0,"event_name":"Scrap Ooze","floor":2,"gold_loss":0},{"cards_removed":["Defend_MRS"],"damage_healed":0,"gold_gain":0,"player_choice":"Card Removal","damage_taken":7,"max_hp_gain":0,"max_hp_loss":0,"event_name":"Golden Wing","floor":3,"gold_loss":0},{"damage_healed":0,"gold_gain":100,"player_choice":"Gold","damage_taken":0,"max_hp_gain":0,"max_hp_loss":0,"event_name":"Wheel of Change","floor":11,"gold_loss":0},{"damage_healed":0,"gold_gain":0,"player_choice":"Opened","damage_taken":0,"relics_obtained":["Gremlin Horn"],"max_hp_gain":0,"max_hp_loss":0,"event_name":"The Mausoleum","floor":22,"gold_loss":0,"cards_obtained":["Writhe"]},{"damage_healed":0,"gold_gain":100,"player_choice":"Bet on Murderer","damage_taken":0,"max_hp_gain":0,"max_hp_loss":0,"event_name":"The Joust","floor":29,"gold_loss":50},{"damage_healed":0,"gold_gain":0,"player_choice":"Fight","damage_taken":0,"max_hp_gain":0,"max_hp_loss":0,"event_name":"Mysterious Sphere","floor":36,"gold_loss":0},{"cards_removed":["Writhe"],"damage_healed":0,"gold_gain":0,"player_choice":"Upgrade and Remove","damage_taken":0,"max_hp_gain":0,"max_hp_loss":0,"event_name":"Designer","floor":37,"gold_loss":90,"cards_upgraded":["UltimateShortwave"]}],"is_beta":false,"boss_relics":[{"not_picked":["BewitchedHakkero","Velvet Choker"],"picked":"Fusion Hammer"},{"not_picked":["Calling Bell","Runic Dome"],"picked":"SlaversCollar"}],"items_purged_floors":[20,31],"is_endless":false,"potions_floor_spawned":[1,13,14,21,24,25,33],"killed_by":"4 Shapes","ascension_level":2}}