{"host":"dntw6kil9p09eemm","time":1608694715,"event":{"mods":["Alarm Clock","Aspiration","BaseMod","Colored Powertips","Downfall","Hermit","Hubris","Minty Spire (QoL Compilation)","Permanent Neow","Replay The Spire","Reworked Bosses","Shop Mod","Spicy Shops","StSLib","The Runesmith"],"gold_per_floor":[112,112,112,128,92,127,127,155,181,200,210,15,35,35,35,137,137,156,156,221,239,255,255,255,180,204,219,235,235,209,209,209,209],"floor_reached":31,"playtime":1548,"items_purged":["Writhe","hexamod:Strike"],"score":243,"play_id":"1e3aff80-1377-4a53-9fd4-c7092ff531ff","local_time":"20201223123835","is_ascension_mode":false,"campfire_choices":[{"data":"hexamod:Float","floor":7.0,"key":"SMITH"},{"floor":15.0,"key":"REST"},{"data":"hexamod:Again","floor":23.0,"key":"SMITH"},{"floor":29,"key":"REST"}],"circlet_count":0,"master_deck":["hexamod:Strike","hexamod:Strike","hexamod:Strike","hexamod:Defend","hexamod:Defend","hexamod:Defend","hexamod:Sear","hexamod:Float+1","hexamod:PhantomFireball","hexamod:RadiantFlame","hexamod:PhantomFireball","hexamod:GhostOfSpireFuture","hexamod:SpectralSpark","hexamod:HexaLevel","hexamod:BurningTouch","hexamod:Again+1","hexamod:TimeWarp","hexamod:SpectralSpark+1","hexamod:ThermalTransfer","hexamod:FirstSeal"],"relics":["hexamod:SpiritBrand","Vajra","Tiny Chest","Dream Catcher","Replay:Baseball","ReplayTheSpireMod:CursedCoin","MerchantsRug","hexamod:InflammatoryLetter","Golden Egg","Membership Card"],"acts_visited":["Exordium","TheCity"],"potions_floor_usage":[31,31],"damage_taken":[{"damage":0.0,"enemies":"Small Slimes","floor":1.0,"turns":3.0},{"damage":0.0,"enemies":"Jaw Worm","floor":4.0,"turns":3.0},{"damage":5.0,"enemies":"Replay:BlueRogue","floor":6.0,"turns":7.0},{"damage":5.0,"enemies":"Lagavulin","floor":8.0,"turns":7.0},{"damage":0.0,"enemies":"2 Louse","floor":10.0,"turns":2.0},{"damage":0.0,"enemies":"Large Slime","floor":11.0,"turns":4.0},{"damage":12.0,"enemies":"Exordium Thugs","floor":13.0,"turns":3.0},{"damage":27.0,"enemies":"The Guardian","floor":16.0,"turns":8.0},{"damage":9.0,"enemies":"Shell Parasite","floor":18.0,"turns":5.0},{"damage":0.0,"enemies":"Chosen","floor":21.0,"turns":3.0},{"damage":35,"enemies":"3 Cultists","floor":27,"turns":7},{"damage":12,"enemies":"Snake Plant","floor":28,"turns":3},{"damage":44,"enemies":"Gremlin Leader","floor":31,"turns":4}],"seed_played":"5153165824174225718","potions_obtained":[{"floor":4.0,"key":"Swift Potion"},{"floor":6.0,"key":"GamblersBrew"},{"floor":10.0,"key":"Adrenaline Potion"},{"floor":13.0,"key":"SteroidPotion"},{"floor":16.0,"key":"DistilledChaos"},{"floor":19.0,"key":"hexamod:InfernoChargePotion"},{"floor":19.0,"key":"Fire Potion"},{"floor":21.0,"key":"Weak Potion"},{"floor":27,"key":"Strength Potion"},{"floor":28,"key":"hexamod:InfernoChargePotion"}],"is_trial":false,"path_per_floor":["M","?","?","M","$","E","R","E","T","M","M","$","M","?","R","B",null,"M","?","$","M","$","R","T","$","T","M","M","R","$","E"],"character_chosen":"THE_SPIRIT","items_purchased":["hexamod:PhantomFireball","ReplayTheSpireMod:CursedCoin","MerchantsRug","hexamod:InflammatoryLetter","Membership Card"],"campfire_rested":2,"item_purchase_floors":[5,12,12,12,30],"current_hp_per_floor":[70,67,67,67,67,62,62,57,57,57,57,57,45,50,72,45,75,66,66,66,66,66,66,66,66,66,31,19,41,41,0,0,0],"gold":209,"neow_bonus":"REMOVE_CARD","is_daily":false,"chose_seed":false,"campfire_upgraded":2,"win_rate":0.0,"timestamp":1608694715,"path_taken":["M","?","?","M","$","E","R","E","T","M","M","$","M","?","R","BOSS","M","?","?","M","$","R","?","$","T","M","M","R","$","E"],"items_purchased_type":["Card","Relic","Relic","Relic","Relic"],"build_version":"2020-12-13","purchased_purges":2,"victory":false,"max_hp_per_floor":[70,70,70,70,70,70,70,70,70,70,70,70,70,75,75,75,75,75,75,75,75,75,75,75,75,75,75,75,75,75,75,75,75],"card_choices":[{"not_picked":["hexamod:Firestarter","hexamod:BurningTouch"],"picked":"hexamod:PhantomFireball","floor":1.0},{"not_picked":["hexamod:FourthSeal","hexamod:NecessarySacrifice"],"picked":"hexamod:RadiantFlame","floor":4.0},{"not_picked":["hexamod:SpectralAdrenaline","hexamod:BurningTouch"],"picked":"hexamod:GhostOfSpireFuture","floor":6.0},{"not_picked":["hexamod:AdvancingGuard","hexamod:NecessarySacrifice"],"picked":"hexamod:SpectralSpark","floor":8.0},{"not_picked":["hexamod:Rewind","hexamod:HauntingEcho","hexamod:GhostShield"],"picked":"SKIP","floor":10.0},{"not_picked":["hexamod:GhostOfSpirePast","hexamod:Incineration"],"picked":"hexamod:HexaLevel","floor":11.0},{"not_picked":["hexamod:DynamicBlow","hexamod:EtherealExpedition"],"picked":"hexamod:BurningTouch","floor":13.0},{"not_picked":["hexamod:RadiantFlame","hexamod:DynamicBlow"],"picked":"hexamod:Again","floor":15.0},{"not_picked":["hexamod:HexaLevel","hexamod:UnlimitedPower"],"picked":"hexamod:TimeWarp","floor":16.0},{"not_picked":["hexamod:GhostLash+1","hexamod:InspiringFlames"],"picked":"hexamod:SpectralSpark+1","floor":18.0},{"not_picked":["hexamod:Hexaguard","hexamod:SpectralAdrenaline"],"picked":"hexamod:ThermalTransfer","floor":21.0},{"not_picked":["hexamod:ShieldOfDarkness+1","hexamod:ChargedBarrage+1","hexamod:Firestarter"],"picked":"SKIP","floor":27},{"not_picked":["hexamod:SpectralSpark","hexamod:AdvancingGuard"],"picked":"hexamod:FirstSeal","floor":28}],"player_experience":436526,"relics_obtained":[{"floor":6.0,"key":"Tiny Chest"},{"floor":8.0,"key":"Dream Catcher"},{"floor":9.0,"key":"Replay:Baseball"},{"floor":24.0,"key":"Golden Egg"},{"floor":26.0,"key":"Toy Ornithopter"}],"event_choices":[{"damage_healed":0.0,"max_hp_gain":0.0,"max_hp_loss":0.0,"gold_gain":0.0,"event_name":"Scrap Ooze","player_choice":"Success","floor":2.0,"gold_loss":0.0,"damage_taken":3.0,"relics_obtained":["Vajra"]},{"damage_healed":0.0,"max_hp_gain":5.0,"max_hp_loss":0.0,"gold_gain":0.0,"event_name":"Big Fish","player_choice":"Donut","floor":14.0,"gold_loss":0.0,"damage_taken":0.0},{"damage_healed":0.0,"max_hp_gain":0.0,"max_hp_loss":0.0,"gold_gain":0.0,"event_name":"Lab","player_choice":"Got Potions","floor":19.0,"gold_loss":0.0,"damage_taken":0.0}],"is_beta":false,"boss_relics":[{"not_picked":["aspiration:MobileForge","Snecko Eye"],"picked":"ChewingGum"}],"items_purged_floors":[25,30],"is_endless":false,"potions_floor_spawned":[4,6,10,13,16,21,27,28],"killed_by":"Gremlin Leader","ascension_level":0}}