{"host":"oy4pyvr762z5n0bb","time":1608684742,"event":{"mods":["AchievementEnabler","BaseMod","Colored Map","Colored Powertips","Googly Eyes","Key Reminder","Minty Spire (QoL Compilation)","Quick Restart","Relic Sorter","StSLib","SuperFastMode","Unceasing Turn Reminder","slay the spire mod where everything is the same but ironclad has a cowboy hat"],"gold_per_floor":[119,133,55,69,244,279,279,298,350,350,127,138,57,98,98,207,216,226,249,5,29,29,29,29],"floor_reached":23,"playtime":536,"items_purged":["Strike_P","Doubt"],"score":315,"play_id":"32d4edb2-394d-4ef4-8198-10cd23e1cf50","local_time":"20201222165222","is_ascension_mode":true,"campfire_choices":[{"data":"Ragnarok","floor":7,"key":"SMITH"},{"data":"MasterReality","floor":15,"key":"SMITH"}],"circlet_count":0,"master_deck":["Strike_P","Strike_P","Defend_P","Defend_P","Defend_P","Defend_P","Eruption","Vigilance","FollowUp","Evaluate","Ragnarok+1","Crescendo","Consecrate","Meditate","Meditate","EmptyMind","Wireheading","MasterReality+1","DeusExMachina","CurseOfTheBell","Prostrate+1"],"relics":["PureWater","NeowsBlessing","Sundial","Pen Nib","Bag of Preparation","CeramicFish","Calling Bell","Anchor","Letter Opener","FossilizedHelix","Boot","Regal Pillow"],"acts_visited":["Exordium","TheCity"],"potions_floor_usage":[6,16],"damage_taken":[{"damage":0,"enemies":"2 Louse","floor":1,"turns":1},{"damage":0,"enemies":"Cultist","floor":2,"turns":1},{"damage":0,"enemies":"Small Slimes","floor":4,"turns":1},{"damage":6,"enemies":"3 Sentries","floor":6,"turns":4},{"damage":1,"enemies":"3 Louse","floor":8,"turns":3},{"damage":1,"enemies":"Looter","floor":12,"turns":2},{"damage":0,"enemies":"Gremlin Nob","floor":14,"turns":2},{"damage":0,"enemies":"Slime Boss","floor":16,"turns":2},{"damage":19,"enemies":"2 Thieves","floor":18,"turns":4},{"damage":0,"enemies":"Chosen","floor":19,"turns":3},{"damage":64,"enemies":"Gremlin Leader","floor":23,"turns":5}],"seed_played":"1786004775179653195","potions_obtained":[{"floor":2,"key":"AttackPotion"},{"floor":4,"key":"Ancient Potion"},{"floor":8,"key":"LiquidMemories"},{"floor":16,"key":"Ancient Potion"}],"is_trial":false,"path_per_floor":["M","M","$","M","?","E","R","M","T","?","$","M","$","E","R","B",null,"M","M","$","T","?","E"],"character_chosen":"WATCHER","items_purchased":["Ragnarok","Bag of Preparation","Wireheading","Boot"],"campfire_rested":0,"item_purchase_floors":[3,11,13,20],"current_hp_per_floor":[72,72,72,72,72,66,66,65,65,65,65,64,64,64,64,64,72,53,53,53,53,53,0,0],"gold":29,"neow_bonus":"THREE_ENEMY_KILL","is_daily":false,"chose_seed":false,"campfire_upgraded":2,"win_rate":0.0,"timestamp":1608684742,"path_taken":["M","M","$","M","?","E","R","M","T","?","$","M","$","E","R","BOSS","M","M","$","?","?","E"],"items_purchased_type":["Card","Relic","Card","Relic"],"build_version":"2020-12-13","purchased_purges":2,"victory":false,"max_hp_per_floor":[72,72,72,72,72,72,72,72,72,72,72,72,72,72,72,72,72,72,72,72,72,72,72,72],"card_choices":[{"not_picked":["Prostrate","Evaluate"],"picked":"FollowUp","floor":1},{"not_picked":["ClearTheMind","Adaptation"],"picked":"Evaluate","floor":2},{"not_picked":["FlyingSleeves","JustLucky"],"picked":"Crescendo","floor":4},{"not_picked":["PathToVictory","Worship"],"picked":"Consecrate","floor":6},{"not_picked":["CutThroughFate","Nirvana"],"picked":"Meditate","floor":8},{"not_picked":["SashWhip","JustLucky"],"picked":"EmptyMind","floor":12},{"not_picked":["Halt","LessonLearned"],"picked":"MasterReality","floor":14},{"not_picked":["Vault","Omniscience"],"picked":"DeusExMachina","floor":16},{"not_picked":["CrushJoints","PathToVictory","FollowUp"],"picked":"SKIP","floor":18},{"not_picked":["FlyingSleeves+1","ClearTheMind"],"picked":"Prostrate+1","floor":19}],"player_experience":551708,"relics_obtained":[{"floor":6,"key":"Sundial"},{"floor":9,"key":"Pen Nib"},{"floor":14,"key":"CeramicFish"},{"floor":17,"key":"Anchor"},{"floor":17,"key":"Letter Opener"},{"floor":17,"key":"FossilizedHelix"},{"floor":21,"key":"Regal Pillow"}],"event_choices":[{"damage_healed":0,"gold_gain":175,"player_choice":"AGREE","damage_taken":0,"max_hp_gain":0,"max_hp_loss":0,"event_name":"Liars Game","floor":5,"gold_loss":0,"cards_obtained":["Doubt"]},{"damage_healed":0,"gold_gain":0,"cards_transformed":["Strike_P"],"player_choice":"Transformed","damage_taken":0,"max_hp_gain":0,"max_hp_loss":0,"event_name":"Transmorgrifier","floor":10,"gold_loss":0,"cards_obtained":["Meditate"]},{"damage_healed":0,"gold_gain":0,"player_choice":"Ignored","damage_taken":0,"max_hp_gain":0,"max_hp_loss":0,"event_name":"Vampires","floor":22,"gold_loss":0}],"is_beta":false,"boss_relics":[{"not_picked":["Astrolabe","SacredBark"],"picked":"Calling Bell"}],"items_purged_floors":[11,20],"is_endless":false,"potions_floor_spawned":[2,4,8,16],"killed_by":"Gremlin Leader","ascension_level":3}}