{"host":"qmmd8zc7eqgl2j9h","time":1608773372,"event":{"mods":["AchievementEnabler","Aspiration","BaseMod","Better Altar","Better Note","Better Sensory Stone","Better Skull","BetterRewards","Colored Map","Conspire","Googly Eyes","Hermit","Highlight Path","Infinite Spire","Marisa????????","Minty Spire (QoL Compilation)","Permanent Neow","Replay The Spire","StSLib","The Hierophant","The Necromancer","The Servant 0.9.4","Unceasing Turn Reminder","everything is the same but u backflip on backflip","slay the spire mod where everything is the same but ironclad has a cowboy hat"],"gold_per_floor":[109,184,194,194,205,205,219,219,219,231,108,58,58,75,75,180,180,197,197,212,212,138,176,176,190,216,216,252,252,252,177,177,281,281,311,68,88,101,222,222,222,235,235,49,83,129,0,0,0,96,96,96],"floor_reached":51,"playtime":3189,"items_purged":[],"score":880,"play_id":"86722495-18b0-43cc-ab3b-5d11858a3ba1","local_time":"20201223172932","is_ascension_mode":false,"campfire_choices":[{"floor":6,"key":"REST"},{"floor":8,"key":"REST"},{"floor":15,"key":"REST"},{"floor":24,"key":"REST"},{"data":"ReplayTheSpireMod:Chaos Vortex","floor":27,"key":"SMITH"},{"data":"infinitespire:DeathsTouch","floor":32,"key":"SMITH"},{"floor":40,"key":"REST"},{"floor":49,"key":"REST"}],"circlet_count":0,"master_deck":["Strike_G","Strike_G","Strike_G","Defend_G","Defend_G","Defend_G","Defend_G","Defend_G","Survivor","Neutralize","Accuracy","Cloak And Dagger","infinitespire:DeathsTouch+1","Gash","Finisher","Force Field","Fire Breathing+1","Backstab","conspire:SpireCoStock","Hologram","A Thousand Cuts","Poisoned Stab","ReplayTheSpireMod:Chaos Vortex+1","Terror+1","Dagger Spray+1","Calculated Gamble","Backflip","Grand Finale","ReplayTheSpireMod:IOU","Footwork","Flying Knee","Bouncing Flask+1","Replay:Poison Smokescreen","ReplayTheSpireMod:??????????????????????","Backflip+1","Writhe","Cloak And Dagger+1","Envenom","ReplayTheSpireMod:IOU","ReplayTheSpireMod:IOU","ReplayTheSpireMod:IOU","Crippling Poison+1","Phantasmal Killer","Adrenaline"],"relics":["Ring of the Snake","aspiration:Nostalgia","Iron Core","Replay:Wax Seal","Mummified Hand","SlaversCollar","ReplayTheSpireMod:Shallot","Lantern","Replay:Baseball","PreservedInsect","aspiration:RitualStick","ChewingGum","Eternal Feather","Counterbalance","Magic Flower","Pet Ghost","Onion Ring","Bag of Preparation","Red Mask"],"acts_visited":["Exordium","TheCity","TheBeyond","Exordium"],"potions_floor_usage":[7,16,18,20,20,20,20,38,39,46,50,50],"damage_taken":[{"damage":0,"enemies":"Cultist","floor":1,"turns":4},{"damage":0,"enemies":"2 Louse","floor":3,"turns":4},{"damage":14,"enemies":"Small Slimes","floor":5,"turns":3},{"damage":2,"enemies":"Blue Slaver","floor":7,"turns":4},{"damage":0,"enemies":"Large Slime","floor":10,"turns":3},{"damage":10,"enemies":"Lots of Slimes","floor":14,"turns":4},{"damage":15,"enemies":"Slime Boss","floor":16,"turns":6},{"damage":0,"enemies":"Chosen","floor":18,"turns":4},{"damage":4,"enemies":"Shell Parasite","floor":20,"turns":2},{"damage":11,"enemies":"Centurion and Healer","floor":22,"turns":12},{"damage":0,"enemies":"Replay:Snechameleon","floor":23,"turns":8},{"damage":0,"enemies":"Chosen and Byrds","floor":25,"turns":4},{"damage":2,"enemies":"conspire:Head Lice","floor":28,"turns":5},{"damage":27,"enemies":"Collector","floor":33,"turns":7},{"damage":25,"enemies":"3 Darklings","floor":35,"turns":3},{"damage":8,"enemies":"3 Shapes","floor":37,"turns":3},{"damage":0,"enemies":"Sphere and 2 Shapes","floor":38,"turns":7},{"damage":6,"enemies":"infinitespire:Three Voidlings","floor":39,"turns":3},{"damage":28,"enemies":"Nightmare_Alpha","floor":39,"turns":8},{"damage":16,"enemies":"Spire Growth","floor":42,"turns":4},{"damage":1,"enemies":"Maw","floor":45,"turns":7},{"damage":23,"enemies":"Nightmare","floor":46,"turns":6},{"damage":38,"enemies":"Time Eater","floor":50,"turns":6}],"seed_played":"-6430081076262781122","potions_obtained":[{"floor":3,"key":"CunningPotion"},{"floor":7,"key":"Strength Potion"},{"floor":10,"key":"Poison Potion"},{"floor":14,"key":"BlessingOfTheForge"},{"floor":19,"key":"Adrenaline Potion"},{"floor":19,"key":"EntropicBrew"},{"floor":19,"key":"Explosive Potion"},{"floor":20,"key":"BlessingOfTheForge"},{"floor":25,"key":"Regen Potion"},{"floor":38,"key":"CunningPotion"},{"floor":39,"key":"BlessingOfTheForge"},{"floor":42,"key":"Explosive Potion"},{"floor":50,"key":"Strength Potion"}],"is_trial":false,"path_per_floor":["M","?","M","?","M","R","M","R","T","M","$","?","?","M","R","B",null,"M","?","M","AVR","M","E","R","M","T","R","E","?","?","?","R","B",null,"M","$","M","M","?","R","?","M","T","$","M","NM","?","?","R","B",null],"character_chosen":"THE_SILENT","items_purchased":["Replay:Wax Seal","Fire Breathing+1","Backstab","Eternal Feather","Footwork","Flying Knee","Envenom","Pet Ghost","Onion Ring"],"campfire_rested":6,"item_purchase_floors":[11,11,11,36,36,36,44,44,44],"current_hp_per_floor":[70,59,59,43,29,50,48,69,69,69,69,69,57,47,68,53,70,70,70,66,66,55,55,70,70,70,70,68,68,54,54,54,27,70,45,45,37,52,22,64,70,54,54,54,53,30,30,30,70,32,70,70],"gold":96,"neow_bonus":"NOSTALGIA","is_daily":false,"chose_seed":false,"campfire_upgraded":2,"win_rate":0.0,"timestamp":1608773372,"path_taken":["M","?","M","?","M","R","M","R","T","M","$","?","?","M","R","BOSS","M","?","?","AVR","M","E","R","M","T","R","E","?","?","?","R","BOSS","M","$","M","M","?","R","?","M","T","?","?","NM","?","?","R","BOSS"],"items_purchased_type":["Relic","Card","Card","Relic","Card","Card","Card","Relic","Relic"],"build_version":"2020-12-22","purchased_purges":0,"victory":false,"max_hp_per_floor":[70,70,70,70,70,70,70,70,70,70,70,70,70,70,70,70,70,70,70,70,70,70,70,70,70,70,70,70,70,70,70,70,70,70,70,70,70,70,70,70,70,70,70,70,70,70,70,70,70,70,70,70],"card_choices":[{"not_picked":["Body Slam","ReplayTheSpireMod:Scrap Shanks"],"picked":"Accuracy","floor":1},{"not_picked":["ReplayTheSpireMod:Repulse","Fluid Movement"],"picked":"Cloak And Dagger","floor":3},{"not_picked":["infinitespire:Punishment","infinitespire:Starlight"],"picked":"infinitespire:DeathsTouch","floor":4},{"not_picked":["Terror","Tactician"],"picked":"Gash","floor":5},{"not_picked":["Dagger Spray","Capacitor"],"picked":"Finisher","floor":7},{"not_picked":["Skewer","Hologram"],"picked":"Force Field","floor":10},{"not_picked":["ReplayTheSpireMod:Scrap Shanks","Dagger Spray"],"picked":"Hologram","floor":14},{"not_picked":["Doppelganger","Unload"],"picked":"A Thousand Cuts","floor":16},{"not_picked":["Heel Hook","Predator","ReplayTheSpireMod:Shiv Toss+1"],"picked":"SKIP","floor":18},{"not_picked":["Skewer","Leg Sweep"],"picked":"Poisoned Stab","floor":20},{"not_picked":["PiercingWail","Dash"],"picked":"Terror+1","floor":22},{"not_picked":["Endless Agony+1","Expertise"],"picked":"Dagger Spray+1","floor":23},{"not_picked":["Backstab","Slice+1"],"picked":"Calculated Gamble","floor":25},{"not_picked":["Prepared","Catalyst"],"picked":"Backflip","floor":28},{"not_picked":["Malaise","Bullet Time"],"picked":"Grand Finale","floor":33},{"not_picked":["Dagger Throw","All Out Attack+1","Masterful Stab+1"],"picked":"SKIP","floor":35},{"not_picked":["Dagger Throw+1","Flying Knee+1"],"picked":"Bouncing Flask+1","floor":37},{"not_picked":["Sucker Punch","Blur"],"picked":"Replay:Poison Smokescreen","floor":38},{"not_picked":["infinitespire:DeathsTouch","infinitespire:NeuralNetwork"],"picked":"ReplayTheSpireMod:??????????????????????","floor":39},{"not_picked":["Flechettes+1","Acrobatics+1"],"picked":"Backflip+1","floor":39},{"not_picked":["Quick Slash","Finisher+1"],"picked":"Cloak And Dagger+1","floor":42},{"not_picked":["Dodge and Roll","Escape Plan"],"picked":"Crippling Poison+1","floor":45},{"not_picked":["Outmaneuver","Skewer+1"],"picked":"Phantasmal Killer","floor":46},{"not_picked":["Die Die Die","Unload"],"picked":"Adrenaline","floor":50}],"player_experience":212465,"relics_obtained":[{"floor":23,"key":"Lantern"},{"floor":26,"key":"Replay:Baseball"},{"floor":28,"key":"PreservedInsect"},{"floor":39,"key":"Counterbalance"},{"floor":43,"key":"Magic Flower"},{"floor":46,"key":"Bag of Preparation"}],"event_choices":[{"damage_healed":0,"gold_gain":75,"player_choice":"Gather Gold","damage_taken":11,"max_hp_gain":0,"max_hp_loss":0,"event_name":"World of Goop","floor":2,"gold_loss":0},{"damage_healed":0,"gold_gain":0,"player_choice":"Invest 1","damage_taken":0,"max_hp_gain":0,"max_hp_loss":0,"event_name":"conspire:Investor","floor":12,"gold_loss":0},{"damage_healed":0,"gold_gain":0,"player_choice":"Success","damage_taken":12,"relics_obtained":["Mummified Hand"],"max_hp_gain":0,"max_hp_loss":0,"event_name":"Scrap Ooze","floor":13,"gold_loss":0},{"damage_healed":0,"gold_gain":0,"player_choice":"Got Potions","damage_taken":0,"max_hp_gain":0,"max_hp_loss":0,"event_name":"Lab","floor":19,"gold_loss":0},{"cards_removed":["A Thousand Cuts"],"damage_healed":0,"gold_gain":0,"player_choice":"Give","damage_taken":0,"max_hp_gain":0,"max_hp_loss":0,"event_name":"betterNote:BetterNote","floor":29,"gold_loss":0,"cards_obtained":["Strike_G"]},{"cards_removed":["Strike_G"],"damage_healed":0,"gold_gain":0,"player_choice":"Gave Gold","damage_taken":0,"max_hp_gain":0,"max_hp_loss":0,"event_name":"Beggar","floor":31,"gold_loss":75},{"damage_healed":18,"gold_gain":0,"player_choice":"Writhe","damage_taken":0,"max_hp_gain":0,"max_hp_loss":0,"event_name":"Winding Halls","floor":41,"gold_loss":0,"cards_obtained":["Writhe"]},{"damage_healed":0,"gold_gain":0,"player_choice":"Paid","damage_taken":0,"relics_obtained":["Red Mask"],"max_hp_gain":0,"max_hp_loss":0,"event_name":"Tomb of Lord Red Mask","floor":47,"gold_loss":129},{"cards_removed":["Strike_G"],"damage_healed":0,"gold_gain":0,"player_choice":"Removed Attack","damage_taken":0,"max_hp_gain":0,"max_hp_loss":0,"event_name":"Falling","floor":48,"gold_loss":0}],"is_beta":false,"boss_relics":[{"not_picked":["Astrolabe","Coffee Dripper"],"picked":"SlaversCollar"},{"not_picked":["Runic Pyramid","ReplayTheSpireMod:DimensionalGlitch"],"picked":"ChewingGum"},{"not_picked":["Calling Bell","Busted Crown","Cursed Key"]}],"items_purged_floors":[],"is_endless":true,"potions_floor_spawned":[3,7,10,14,20,23,25,38,39,42,45,50],"ascension_level":0}}