{"host":"ds3v42j7tpaaz1mg","time":1608748807,"event":{"mods":["AchievementEnabler","Aspiration","BaseMod","Beaked The Cultist","Bestiary","Better Altar","Better Note","Better Sensory Stone","BetterRewards","Block Reminder","Colored Powertips","Conspire","Downfall","Energized Spire","Halation","Hermit","Highlight Path","Hubris","Infinite Spire","Jorbs\u0027s Wanderer Trilogy","Minty Spire (QoL Compilation)","Relic Stats","Replay The Spire","StSLib","The Death Knight","The Elementalist","The Servant 0.9.4","vexMod"],"gold_per_floor":[115,169,69,82,82,82,112,112,164,179,179,179,106,135,135,233,233,251,265,265,265,265],"floor_reached":21,"playtime":860,"items_purged":["Strike_R","ReplayTheSpireMod:Splinters","Sever Soul"],"score":371,"play_id":"c8081f96-5a2a-4bef-b58c-03512399e3d2","local_time":"20201223134007","is_ascension_mode":true,"campfire_choices":[{"data":"Bash","floor":6,"key":"SMITH"},{"data":"Flame Barrier","floor":8,"key":"SMITH"},{"data":"ReplayTheSpireMod:Strike From Hell","floor":12,"key":"SMITH"},{"data":"Fire Breathing","floor":15,"key":"SMITH"}],"circlet_count":0,"master_deck":["Strike_R","Strike_R","Strike_R","Strike_R","Defend_R","Defend_R","Defend_R","Defend_R","Bash+1","Twin Strike","Flame Barrier+1","Power Through","ReplayTheSpireMod:Strike From Hell+1","Fire Breathing+1","ReplayTheSpireMod:??????????????????????","infinitespire:Collect"],"relics":["Burning Blood","BargainBundle","Boot","Bird Faced Urn","Tiny Chest","King of Hearts","Sundial","Ancient Tea Set","Omamori","Replay:Wax Seal","Runic Pyramid","conspire:Flyswatter"],"acts_visited":["Exordium","TheCity"],"potions_floor_usage":[16,21,21,21],"damage_taken":[{"damage":3,"enemies":"conspire:RoseBush","floor":1,"turns":4},{"damage":2,"enemies":"Small Slimes","floor":4,"turns":3},{"damage":12,"enemies":"Replay:BlueRogue","floor":7,"turns":6},{"damage":1,"enemies":"Cultist","floor":10,"turns":3},{"damage":20,"enemies":"3 Sentries","floor":14,"turns":6},{"damage":25,"enemies":"The Guardian","floor":16,"turns":11},{"damage":45,"enemies":"Shell Parasite","floor":18,"turns":8},{"damage":0,"enemies":"Chosen","floor":19,"turns":5},{"damage":74,"enemies":"Shelled Parasite and Fungi","floor":21,"turns":10}],"seed_played":"-8685832342478598214","potions_obtained":[{"floor":2,"key":"champ:CounterPotion"},{"floor":7,"key":"BloodPotion"},{"floor":19,"key":"champ:CounterPotion"}],"is_trial":false,"path_per_floor":["M","?","$","M","?","R","E","R","T","M","T","R","$","E","R","B",null,"M","M","AVR","M"],"character_chosen":"IRONCLAD","items_purchased":["BargainBundle","Boot","ElixirPotion","BloodPotion","Cursed Concoction","Twin Strike","Tiny Chest","Fire Breathing"],"campfire_rested":0,"item_purchase_floors":[0,0,0,0,0,0,0,13],"current_hp_per_floor":[30,30,30,34,80,80,74,74,74,79,79,79,79,66,66,49,72,35,43,43,6,6],"gold":265,"neow_bonus":"","is_daily":false,"chose_seed":false,"campfire_upgraded":4,"win_rate":0.0,"timestamp":1608748807,"path_taken":["M","?","$","?","?","R","E","R","T","M","?","R","$","E","R","BOSS","M","M","AVR","M"],"items_purchased_type":["Relic","Relic","Potion","Potion","Potion","Card","Relic","Card"],"build_version":"2020-12-22","purchased_purges":3,"victory":false,"max_hp_per_floor":[80,80,80,80,80,80,80,80,80,80,80,80,80,80,80,80,80,80,80,80,80,80],"relic_stats":{"counters":[39,165],"Sundial":[10],"Bird Faced Urn":[9],"Tiny Chest":1,"Boot":[29],"obtain_stats":[{"halation:BlackBeret":0,"SacredBark":17,"Blue Doll":0,"aspiration:TomeofQuesting":46,"King of Hearts":2,"Boot":0,"Ancient Tea Set":9,"Burning Blood":0,"Sozu":47,"Sundial":12,"Tiny Chest":0,"halation:PromiseList":9,"hubris:ChampionShield":6,"Toxic Egg 2":43,"Replay:Wax Seal":14,"energizedSpire:DecayingSkull":34,"Runic Pyramid":17,"BargainBundle":0,"ReplayTheSpireMod:CursedCoin":19,"Self Forming Clay":29,"hubris:SphereOfDissonance":0,"halation:IllGainedPizza":26,"hubris:MedicalManual":23,"conspire:Boomerang":47,"Omamori":11,"Mercury Hourglass":8,"infinitespire:Lychee Nut":40,"Bird Faced Urn":0,"infinitespire:EmpoweringShard":19,"conspire:DeflatedDodgeball":2,"conspire:Flyswatter":20},{"halation:BlackBeret":0,"SacredBark":11,"Blue Doll":0,"aspiration:TomeofQuesting":28,"King of Hearts":31,"Boot":30,"Ancient Tea Set":33,"Burning Blood":0,"Sozu":28,"Sundial":8,"Tiny Chest":30,"halation:PromiseList":6,"hubris:ChampionShield":5,"Toxic Egg 2":26,"Replay:Wax Seal":35,"energizedSpire:DecayingSkull":20,"Runic Pyramid":36,"BargainBundle":30,"ReplayTheSpireMod:CursedCoin":12,"Self Forming Clay":17,"hubris:SphereOfDissonance":0,"halation:IllGainedPizza":16,"hubris:MedicalManual":15,"conspire:Boomerang":28,"Omamori":34,"Mercury Hourglass":6,"infinitespire:Lychee Nut":25,"Bird Faced Urn":30,"infinitespire:EmpoweringShard":12,"conspire:DeflatedDodgeball":2,"conspire:Flyswatter":38},{"halation:BlackBeret":0,"SacredBark":42,"Blue Doll":0,"aspiration:TomeofQuesting":99,"King of Hearts":114,"Boot":110,"Ancient Tea Set":123,"Burning Blood":0,"Sozu":99,"Sundial":26,"Tiny Chest":110,"halation:PromiseList":21,"hubris:ChampionShield":15,"Toxic Egg 2":93,"Replay:Wax Seal":132,"energizedSpire:DecayingSkull":74,"Runic Pyramid":143,"BargainBundle":110,"ReplayTheSpireMod:CursedCoin":45,"Self Forming Clay":61,"hubris:SphereOfDissonance":0,"halation:IllGainedPizza":58,"hubris:MedicalManual":54,"conspire:Boomerang":99,"Omamori":126,"Mercury Hourglass":21,"infinitespire:Lychee Nut":88,"Bird Faced Urn":110,"infinitespire:EmpoweringShard":45,"conspire:DeflatedDodgeball":8,"conspire:Flyswatter":156}],"Burning Blood":228},"card_choices":[{"not_picked":["Perfected Strike","Defy Death"],"picked":"Flame Barrier","floor":1},{"not_picked":["Heavy Blade","Pommel Strike"],"picked":"Power Through","floor":2},{"not_picked":["Cleave","Rupture","Rage"],"picked":"SKIP","floor":4},{"not_picked":["Anger","hubris:SharpeningStone","True Grit"],"picked":"SKIP","floor":7},{"not_picked":["Life Link","Dual Wield"],"picked":"ReplayTheSpireMod:Strike From Hell","floor":10},{"not_picked":["Headbutt","Limit Break","ReplayTheSpireMod:Strike From Hell"],"picked":"SKIP","floor":14},{"not_picked":["Body Slam+1","hubris:ReadiedAction","Armaments"],"picked":"SKIP","floor":18},{"not_picked":["Heavy Blade","Thunderclap"],"picked":"Sever Soul","floor":19}],"player_experience":570082,"relics_obtained":[{"floor":2,"key":"King of Hearts"},{"floor":7,"key":"Sundial"},{"floor":9,"key":"Ancient Tea Set"},{"floor":11,"key":"Omamori"},{"floor":14,"key":"Replay:Wax Seal"}],"event_choices":[{"damage_healed":46,"gold_gain":0,"player_choice":"Full Heal","damage_taken":0,"max_hp_gain":0,"max_hp_loss":0,"event_name":"Wheel of Change","floor":5,"gold_loss":0}],"is_beta":false,"boss_relics":[{"not_picked":["Ooze Armor","halation:SmartPhone"],"picked":"Runic Pyramid"}],"items_purged_floors":[0,3,20],"is_endless":false,"potions_floor_spawned":[1,7,14,19],"killed_by":"Shelled Parasite and Fungi","ascension_level":6}}