{"host":"30jsp143e4v19aze","time":1608756533,"event":{"mods":["BaseMod","Colored Map","Colored Powertips","Curses Come First","DeckTracker","Highlight Path","Minty Spire (QoL Compilation)","Quick Restart","Relic Stats","StSLib"],"gold_per_floor":[364,380,77,93,112,112,139,156,235,265,92,92,126,148,160,244,256,278,290,227,258,270,282,60,60,86,116,27,53,53,83,83,161,161,179,204,224,8,8,41,41,70,70,0,31,47,94,110,110,110,110],"floor_reached":50,"playtime":3717,"items_purged":["Normality","Armaments"],"score":1608,"play_id":"688128ef-891b-4494-88de-b3d69e095b52","local_time":"20201223214853","is_ascension_mode":true,"campfire_choices":[{"data":"Wild Strike","floor":6,"key":"SMITH"},{"data":"Bludgeon","floor":12,"key":"SMITH"},{"data":"Whirlwind","floor":15,"key":"SMITH"},{"data":"Armaments","floor":23,"key":"SMITH"},{"data":"Ghostly","floor":25,"key":"SMITH"},{"data":"Ghostly","floor":32,"key":"SMITH"},{"floor":49,"key":"RECALL"}],"circlet_count":0,"master_deck":["AscendersBane","Bash","Wild Strike+1","Power Through","Sever Soul","Burning Pact","Whirlwind+1","Bludgeon+1","Feel No Pain","Barricade","Berserk","Corruption","Headbutt","Sword Boomerang","Reckless Charge","Armaments+1","Intimidate","Limit Break","True Grit","Sentinel","Disarm","Ghostly+1","Ghostly+1","Ghostly","Dark Embrace","Battle Trance","Burning Pact","Brutality","Disarm","Seeing Red","Madness","Madness","Juggernaut","Thinking Ahead","Flame Barrier+1","Shrug It Off"],"relics":["Burning Blood","WingedGreaves","Bottled Flame","Torii","Bag of Marbles","MawBank","Pandora\u0027s Box","Enchiridion","Chemical X","Strawberry","StoneCalendar","Orichalcum","InkBottle","Incense Burner","Philosopher\u0027s Stone","Pocketwatch","Kunai","Mercury Hourglass","Red Mask","Meat on the Bone","MealTicket"],"acts_visited":["Exordium","TheCity","TheBeyond"],"potions_floor_usage":[7,21,31],"damage_taken":[{"damage":2,"enemies":"Cultist","floor":1,"turns":4},{"damage":7,"enemies":"2 Louse","floor":2,"turns":3},{"damage":2,"enemies":"Small Slimes","floor":4,"turns":3},{"damage":6,"enemies":"Looter","floor":5,"turns":4},{"damage":15,"enemies":"3 Sentries","floor":7,"turns":7},{"damage":0,"enemies":"2 Fungi Beasts","floor":8,"turns":2},{"damage":35,"enemies":"Lagavulin","floor":10,"turns":6},{"damage":0,"enemies":"Gremlin Nob","floor":13,"turns":2},{"damage":6,"enemies":"Exordium Wildlife","floor":14,"turns":3},{"damage":36,"enemies":"Slime Boss","floor":16,"turns":7},{"damage":0,"enemies":"Chosen","floor":18,"turns":3},{"damage":20,"enemies":"Shell Parasite","floor":21,"turns":5},{"damage":1,"enemies":"Book of Stabbing","floor":27,"turns":5},{"damage":0,"enemies":"Slavers","floor":29,"turns":1},{"damage":6,"enemies":"Gremlin Leader","floor":31,"turns":6},{"damage":39,"enemies":"Collector","floor":33,"turns":9},{"damage":0,"enemies":"3 Shapes","floor":35,"turns":7},{"damage":4,"enemies":"Mind Bloom Boss Battle","floor":36,"turns":5},{"damage":0,"enemies":"Orb Walker","floor":37,"turns":6},{"damage":0,"enemies":"Giant Head","floor":40,"turns":7},{"damage":2,"enemies":"Reptomancer","floor":42,"turns":6},{"damage":5,"enemies":"Giant Head","floor":45,"turns":7},{"damage":6,"enemies":"Maw","floor":46,"turns":10},{"damage":24,"enemies":"Spire Growth","floor":48,"turns":5},{"damage":35,"enemies":"Donu and Deca","floor":50,"turns":4}],"seed_played":"-7361519217441533785","potions_obtained":[{"floor":1,"key":"SpeedPotion"},{"floor":5,"key":"AttackPotion"},{"floor":7,"key":"SpeedPotion"},{"floor":21,"key":"Block Potion"},{"floor":37,"key":"Energy Potion"},{"floor":48,"key":"CultistPotion"}],"is_trial":false,"path_per_floor":["M","M","$","M","M","R","E","M","T","E","$","R","E","M","R","B",null,"M","?","?","M","?","R","$","R","T","E","$","E","T","E","R","B",null,"M","?","M","$","?","E","?","E","T","?","E","M","T","M","R","B"],"character_chosen":"IRONCLAD","items_purchased":["Power Through","Sever Soul","Energy Potion","Bag of Marbles","Chemical X","Dark Embrace","Battle Trance","Disarm","Seeing Red"],"campfire_rested":0,"item_purchase_floors":[3,3,3,11,24,24,28,38,38],"current_hp_per_floor":[72,71,71,75,75,75,66,72,72,43,43,43,49,49,49,19,61,67,46,46,32,32,32,32,32,39,44,44,44,44,44,44,11,36,42,44,44,44,36,42,37,41,41,41,42,42,42,36,36,1,1],"gold":110,"neow_bonus":"TWO_FIFTY_GOLD","is_daily":false,"chose_seed":false,"campfire_upgraded":6,"win_rate":0.0,"timestamp":1608756533,"path_taken":["M","M","$","M","?","R","E","M","T","E","$","R","E","M","R","BOSS","M","?","?","M","?","R","$","R","T","E","$","E","?","E","R","BOSS","M","?","M","$","?","E","?","E","T","?","E","?","?","M","R","BOSS"],"items_purchased_type":["Card","Card","Potion","Relic","Relic","Card","Card","Card","Card"],"build_version":"2020-12-22","purchased_purges":2,"victory":false,"max_hp_per_floor":[75,75,75,75,75,75,75,75,75,75,75,75,75,75,75,75,75,75,75,75,75,37,37,37,37,44,44,44,44,44,44,44,44,44,44,44,44,44,44,44,44,44,44,44,44,44,44,44,44,44,44],"relic_stats":{"Torii":6,"counters":[25,127],"StoneCalendar":[104],"Orichalcum":[78],"MawBank":132,"Burning Blood":132,"Mercury Hourglass":[78],"Pandora\u0027s Box":["Berserk","Corruption","Headbutt","Sword Boomerang","Reckless Charge","Armaments","Intimidate","Limit Break","True Grit"],"MealTicket":0,"Chemical X":[25],"Kunai":[5],"obtain_stats":[{"Torii":10,"Enchiridion":19,"StoneCalendar":27,"Incense Burner":31,"Orichalcum":29,"MawBank":13,"Burning Blood":0,"Mercury Hourglass":42,"Bottled Flame":9,"Strawberry":26,"Pandora\u0027s Box":17,"Philosopher\u0027s Stone":34,"MealTicket":47,"WingedGreaves":7,"Bag of Marbles":11,"Red Mask":44,"Chemical X":24,"Kunai":40,"InkBottle":30,"Pocketwatch":36,"Meat on the Bone":45},{"Torii":7,"Enchiridion":11,"StoneCalendar":13,"Incense Burner":15,"Orichalcum":14,"MawBank":8,"Burning Blood":0,"Mercury Hourglass":21,"Bottled Flame":6,"Strawberry":12,"Pandora\u0027s Box":10,"Philosopher\u0027s Stone":16,"MealTicket":23,"WingedGreaves":5,"Bag of Marbles":7,"Red Mask":21,"Chemical X":12,"Kunai":20,"InkBottle":14,"Pocketwatch":18,"Meat on the Bone":22},{"Torii":29,"Enchiridion":44,"StoneCalendar":54,"Incense Burner":61,"Orichalcum":55,"MawBank":31,"Burning Blood":0,"Mercury Hourglass":101,"Bottled Flame":23,"Strawberry":49,"Pandora\u0027s Box":41,"Philosopher\u0027s Stone":70,"MealTicket":118,"WingedGreaves":21,"Bag of Marbles":29,"Red Mask":101,"Chemical X":49,"Kunai":95,"InkBottle":55,"Pocketwatch":82,"Meat on the Bone":108}],"InkBottle":[24],"Pocketwatch":[41],"Meat on the Bone":12},"card_choices":[{"not_picked":["Searing Blow","Pommel Strike"],"picked":"Wild Strike","floor":1},{"not_picked":["Twin Strike","Perfected Strike"],"picked":"Anger","floor":2},{"not_picked":["Dual Wield","Twin Strike"],"picked":"Burning Pact","floor":4},{"not_picked":["Shrug It Off","Thunderclap"],"picked":"Armaments","floor":5},{"not_picked":["Anger","Headbutt"],"picked":"Whirlwind","floor":7},{"not_picked":["Bloodletting","Anger"],"picked":"Bludgeon","floor":8},{"not_picked":["Sever Soul","Cleave"],"picked":"Feel No Pain","floor":10},{"not_picked":["Thunderclap","Clothesline","Anger"],"picked":"SKIP","floor":13},{"not_picked":["Anger","Twin Strike","Pommel Strike"],"picked":"SKIP","floor":14},{"not_picked":["Demon Form","Limit Break"],"picked":"Barricade","floor":16},{"not_picked":["Rampage","Uppercut"],"picked":"Sentinel","floor":18},{"not_picked":["Bloodletting","Sever Soul"],"picked":"Disarm","floor":21},{"not_picked":["Fire Breathing","Thunderclap","Sever Soul+1"],"picked":"SKIP","floor":27},{"not_picked":["Twin Strike","Dropkick","Flex"],"picked":"SKIP","floor":29},{"not_picked":["Twin Strike","Intimidate"],"picked":"Burning Pact","floor":31},{"not_picked":["Barricade","Limit Break"],"picked":"Brutality","floor":33},{"not_picked":["Intimidate","Wild Strike","Twin Strike+1"],"picked":"SKIP","floor":35},{"not_picked":["Clothesline","Havoc","Heavy Blade"],"picked":"SKIP","floor":37},{"not_picked":["Body Slam","Sword Boomerang+1"],"picked":"Juggernaut","floor":40},{"not_picked":["Magnetism","Finesse"],"picked":"Thinking Ahead","floor":41},{"not_picked":["Rupture","Searing Blow","Bludgeon"],"picked":"SKIP","floor":42},{"not_picked":["True Grit","Second Wind"],"picked":"Flame Barrier+1","floor":45},{"not_picked":["Heavy Blade+1","Inflame"],"picked":"Shrug It Off","floor":46},{"not_picked":["True Grit","Wild Strike","Headbutt"],"picked":"SKIP","floor":48}],"player_experience":3112562,"relics_obtained":[{"floor":7,"key":"WingedGreaves"},{"floor":9,"key":"Bottled Flame"},{"floor":10,"key":"Torii"},{"floor":13,"key":"MawBank"},{"floor":19,"key":"Enchiridion"},{"floor":26,"key":"Strawberry"},{"floor":27,"key":"StoneCalendar"},{"floor":29,"key":"Orichalcum"},{"floor":30,"key":"InkBottle"},{"floor":31,"key":"Incense Burner"},{"floor":36,"key":"Pocketwatch"},{"floor":40,"key":"Kunai"},{"floor":42,"key":"Mercury Hourglass"},{"floor":45,"key":"Meat on the Bone"},{"floor":47,"key":"MealTicket"}],"event_choices":[{"damage_healed":0,"gold_gain":0,"player_choice":"Obtained Book","damage_taken":21,"max_hp_gain":0,"max_hp_loss":0,"event_name":"Cursed Tome","floor":19,"gold_loss":0},{"cards_removed":["Anger"],"damage_healed":0,"gold_gain":0,"player_choice":"Gave Gold","damage_taken":0,"max_hp_gain":0,"max_hp_loss":0,"event_name":"Beggar","floor":20,"gold_loss":75},{"damage_healed":0,"gold_gain":0,"player_choice":"Became a Ghost","damage_taken":0,"max_hp_gain":0,"max_hp_loss":38,"event_name":"Ghosts","floor":22,"gold_loss":0,"cards_obtained":["Ghostly","Ghostly","Ghostly"]},{"damage_healed":0,"gold_gain":0,"player_choice":"Fight","damage_taken":0,"max_hp_gain":0,"max_hp_loss":0,"event_name":"MindBloom","floor":36,"gold_loss":0},{"damage_healed":0,"gold_gain":0,"player_choice":"Embrace Madness","damage_taken":8,"max_hp_gain":0,"max_hp_loss":0,"event_name":"Winding Halls","floor":39,"gold_loss":0,"cards_obtained":["Madness","Madness"]},{"damage_healed":0,"gold_gain":0,"player_choice":"Memory 2","damage_taken":5,"max_hp_gain":0,"max_hp_loss":0,"event_name":"SensoryStone","floor":41,"gold_loss":0},{"damage_healed":0,"gold_gain":0,"player_choice":"Paid","damage_taken":0,"relics_obtained":["Red Mask"],"max_hp_gain":0,"max_hp_loss":0,"event_name":"Tomb of Lord Red Mask","floor":44,"gold_loss":70}],"is_beta":false,"boss_relics":[{"not_picked":["Fusion Hammer","Tiny House"],"picked":"Pandora\u0027s Box"},{"not_picked":["Runic Dome","SacredBark"],"picked":"Philosopher\u0027s Stone"}],"items_purged_floors":[3,38],"is_endless":false,"potions_floor_spawned":[1,5,7,10,21,27,37,40,46,48],"killed_by":"Donu and Deca","ascension_level":20}}