{"host":"utqe55yv0jihe4d6","time":1608689729,"event":{"mods":["2.2 Compatiblity","AchievementEnabler","BaseMod","Block Reminder","Colored Map","Colored Powertips","Minty Spire (QoL Compilation)","Quick Restart","Rare Cards Sparkle","Relic Stats","SuperFastMode"],"gold_per_floor":[113,132,132,132,150,150,150,150],"floor_reached":7,"playtime":217,"items_purged":[],"score":82,"play_id":"57a3a51a-e7b3-47c6-9b3e-85b5f71b5cae","local_time":"20201222211529","is_ascension_mode":true,"campfire_choices":[{"data":"Neutralize","floor":6,"key":"SMITH"}],"circlet_count":0,"master_deck":["AscendersBane","Strike_G","Strike_G","Strike_G","Strike_G","Defend_G","Defend_G","Defend_G+1","Defend_G","Survivor","Neutralize+1","Underhanded Strike","Poisoned Stab+1","Calculated Gamble"],"relics":["Empty Cage","Golden Idol"],"acts_visited":["Exordium"],"potions_floor_usage":[7,7],"damage_taken":[{"damage":10,"enemies":"Small Slimes","floor":1,"turns":5},{"damage":0,"enemies":"2 Louse","floor":2,"turns":3},{"damage":4,"enemies":"Jaw Worm","floor":5,"turns":2},{"damage":34,"enemies":"3 Sentries","floor":7,"turns":10}],"seed_played":"7240094889117134351","potions_obtained":[{"floor":2,"key":"SteroidPotion"},{"floor":5,"key":"Poison Potion"}],"is_trial":false,"path_per_floor":["M","M","?","?","M","R","E"],"character_chosen":"THE_SILENT","items_purchased":[],"campfire_rested":0,"item_purchase_floors":[],"current_hp_per_floor":[49,49,49,31,27,27,0,0],"gold":150,"neow_bonus":"BOSS_RELIC","is_daily":false,"chose_seed":false,"campfire_upgraded":1,"win_rate":0.0,"timestamp":1608689729,"path_taken":["M","M","?","?","M","R","E"],"items_purchased_type":[],"build_version":"2020-12-13","purchased_purges":0,"victory":false,"max_hp_per_floor":[66,66,60,60,60,60,60,60],"relic_stats":{"counters":[4,20],"Golden Idol":4,"obtain_stats":[{"Golden Idol":3,"Empty Cage":0,"Ring of the Snake":0},{"Golden Idol":2,"Empty Cage":0,"Ring of the Snake":0},{"Golden Idol":8,"Empty Cage":0,"Ring of the Snake":0}]},"card_choices":[{"not_picked":["PiercingWail","Heel Hook"],"picked":"Underhanded Strike","floor":1},{"not_picked":["Backflip","Bane"],"picked":"Poisoned Stab","floor":2},{"not_picked":["Endless Agony","Outmaneuver"],"picked":"Calculated Gamble","floor":5}],"player_experience":2835401,"relics_obtained":[],"event_choices":[{"damage_healed":0,"gold_gain":0,"player_choice":"Lose Max HP","damage_taken":0,"relics_obtained":["Golden Idol"],"max_hp_gain":0,"max_hp_loss":6,"event_name":"Golden Idol","floor":3,"gold_loss":0},{"damage_healed":0,"gold_gain":0,"player_choice":"Entered Light","damage_taken":18,"max_hp_gain":0,"max_hp_loss":0,"event_name":"Shining Light","floor":4,"gold_loss":0,"cards_upgraded":["Defend_G","Poisoned Stab"]}],"is_beta":false,"boss_relics":[],"items_purged_floors":[],"is_endless":false,"potions_floor_spawned":[2,5],"killed_by":"3 Sentries","ascension_level":20}}