{"host":"pew4fjlaqz7m1maf","time":1608689858,"event":{"mods":["AchievementEnabler","Act Like it!","Alarm Clock","Bartender","BaseMod","Bestiary","Better Match","Better Note","Block Reminder","Booster Modes","Colored Map","Colored Powertips","Curses Come First","Custom Start","DeckTracker","Duelist Mod","GifTheSpireLib","Googly Eyes","GungeonMod","Halation","Hallownest","Hero for Fun","Hubris","Hyrulean Relics","Ironclad Rager","Jedi Mod","LagranYue(ùfäiòNÅEåé)","Magitek Elite","MarisaÅiñ∂âJÅ@ñÇóùçπÅj","Melee Mod","Minty Spire (QoL Compilation)","Prisma Mod","Quick Restart","Random Character Button","Relic Sorter","Relic Stats","Replay The Spire","Spicy Shops","StSLib","Td1madao Mod","The Animator","The Blue Laboratory","The Bug Knight","The IronCluck","The Mystic","The Servant 0.9.4","The Wild Card","TheHero","TheWitcher","Waifu the Spire","Åyå˜î\ModÅz?ñæìIç≈?Boss"],"gold_per_floor":[116,131,141,141,66,66,96,96,96,96,96,28,44,74,74,174,174],"floor_reached":16,"playtime":1348,"items_purged":[],"score":174,"play_id":"d5d642a6-2bcf-414a-9920-791a8b834d40","local_time":"20201222191738","is_ascension_mode":true,"campfire_choices":[{"data":"Step_Of_The_Wind","floor":6,"key":"SMITH"},{"data":"Waterkick","floor":8,"key":"SMITH"},{"data":"Free_Pour","floor":10,"key":"SMITH"}],"circlet_count":0,"master_deck":["Strike_Bartender","Strike_Bartender","Strike_Bartender","Defend_Bartender","Defend_Bartender","Defend_Bartender","Defend_Bartender","Somersault","Step_Of_The_Wind+1","Free_Pour+1","Waterkick+1","Fading_Blow+1","Axe_Heel_Kick+1","Flash of Steel+1","Raptor_Form","High_Tide","Fading_Blow+1","Perfect_Balance","Beat_Rush"],"relics":["Sneakers","halation:PinkSoulGem","hubris:Icosahedron","LagranYue:RandomDrawCardRelic","NeowsBlessing","hubris:DisguiseKit","ReplayTheSpireMod:Shallot","DemoMod:GlassGuonStoneRelic"],"acts_visited":["Exordium"],"potions_floor_usage":[],"damage_taken":[{"damage":0,"enemies":"Jaw Worm","floor":1,"turns":1},{"damage":0,"enemies":"2 Louse","floor":2,"turns":1},{"damage":0,"enemies":"Cultist","floor":3,"turns":1},{"damage":10,"enemies":"Gremlin Nob","floor":7,"turns":4},{"damage":0,"enemies":"2 Fungi Beasts","floor":13,"turns":3},{"damage":2,"enemies":"3 Sentries","floor":14,"turns":8},{"damage":24,"enemies":"Hexaghost","floor":16,"turns":11}],"seed_played":"-4597941680971882771","potions_obtained":[{"floor":2,"key":"blueLaboratory:BottleOfRum"},{"floor":7,"key":"SteroidPotion"},{"floor":14,"key":"SkillPotion"}],"is_trial":false,"path_per_floor":["M","M","M","?","?","R","E","R","T","R","?","$","M","E","R_BF","B"],"character_chosen":"BARTENDER","items_purchased":["High_Tide"],"campfire_rested":0,"item_purchase_floors":[12],"current_hp_per_floor":[70,70,70,63,63,63,53,53,53,53,53,53,53,51,51,27,27],"gold":174,"neow_bonus":"THREE_ENEMY_KILL","is_daily":false,"chose_seed":false,"campfire_upgraded":3,"win_rate":0.0,"timestamp":1608689858,"path_taken":["M","M","M","?","?","R","E","R","T","R","?","?","?","E","R_BF","BOSS"],"items_purchased_type":["Card"],"build_version":"2020-12-13","purchased_purges":0,"victory":false,"max_hp_per_floor":[70,70,70,70,70,70,70,70,70,70,70,70,70,70,70,70,70],"relic_stats":{"counters":[7,29],"obtain_stats":[{"hubris:DisguiseKit":7,"Sneakers":0,"hubris:Icosahedron":11,"LagranYue:RandomDrawCardRelic":0,"NeowsBlessing":0,"ReplayTheSpireMod:Shallot":14,"DemoMod:GlassGuonStoneRelic":2,"halation:PinkSoulGem":15},{"hubris:DisguiseKit":4,"Sneakers":0,"hubris:Icosahedron":4,"LagranYue:RandomDrawCardRelic":0,"NeowsBlessing":0,"ReplayTheSpireMod:Shallot":6,"DemoMod:GlassGuonStoneRelic":2,"halation:PinkSoulGem":6},{"hubris:DisguiseKit":7,"Sneakers":0,"hubris:Icosahedron":7,"LagranYue:RandomDrawCardRelic":0,"NeowsBlessing":0,"ReplayTheSpireMod:Shallot":18,"DemoMod:GlassGuonStoneRelic":2,"halation:PinkSoulGem":18}]},"card_choices":[{"not_picked":["Meteodrive","Press_Forward"],"picked":"Step_Of_The_Wind","floor":1},{"not_picked":["Press_Forward","Sucker_Punch"],"picked":"Free_Pour","floor":2},{"not_picked":["Raptor_Form","Feint"],"picked":"Waterkick","floor":3},{"not_picked":["Snap_Punch+1","Power_Up_Punch+1"],"picked":"Fading_Blow+1","floor":5},{"not_picked":["Fight_Dirty+1","Coeurl_Form+1"],"picked":"Axe_Heel_Kick+1","floor":5},{"not_picked":["Dramatic Entrance+1","Replay:Sssssssssshield+1"],"picked":"Flash of Steel+1","floor":5},{"not_picked":["Phantom_Blow","Surge"],"picked":"Raptor_Form","floor":7},{"not_picked":["On_The_Rocks","Elbow_Slash","Normal_Punch"],"picked":"Fading_Blow+1","floor":13},{"not_picked":["Snap_Punch+1","Combo_Master","Yawn"],"picked":"Perfect_Balance","floor":14},{"not_picked":["Breathe_Deep","Windup","Oh"],"picked":"Beat_Rush","floor":16}],"player_experience":107356,"relics_obtained":[{"floor":7,"key":"hubris:DisguiseKit"},{"floor":14,"key":"ReplayTheSpireMod:Shallot"}],"event_choices":[{"cards_removed":["Strike_Bartender"],"damage_healed":0,"gold_gain":0,"player_choice":"Card Removal","damage_taken":7,"max_hp_gain":0,"max_hp_loss":0,"event_name":"Golden Wing","floor":4,"gold_loss":0},{"damage_healed":0,"gold_gain":0,"player_choice":"2","damage_taken":0,"max_hp_gain":0,"max_hp_loss":0,"event_name":"betterMatch:BetterMatch","floor":5,"gold_loss":0,"cards_obtained":["betterMatch:CommonCard","betterMatch:UncommonCard","betterMatch:ColorlessUncommonCard"]}],"is_beta":false,"boss_relics":[],"items_purged_floors":[],"is_endless":false,"potions_floor_spawned":[2,7,14],"killed_by":"Hexaghost","ascension_level":2}}