{"host":"8s7r99mpv862ws6o","time":1608754839,"event":{"mods":["ATMod(°¢èªMod)","AchievementEnabler","BaseMod","GifTheSpireLib","Minty Spire (QoL Compilation)","Quick Restart","StSLib"],"gold_per_floor":[219,232,232,232,407,448,448,487,487,487,335,371,392,431,431,541,541,563,563,574,589,700,731,283,283,283,309,114,123,243,267,267,391,400,420,100,113,131,131,172,172,172,172,206,206,224,236,250,250,250,250,250,36,71,96],"floor_reached":56,"playtime":4402,"items_purged":["Strike_B","Regret","Doubt","Defend_B","Strike_B","Defend_B","Defend_B"],"score":1451,"play_id":"dbe4107b-806a-4b33-9ac3-ac66fc80e04a","local_time":"20201224042039","is_ascension_mode":true,"campfire_choices":[{"data":"AT_WaterDrop","floor":7.0,"key":"SMITH"},{"data":"Zap","floor":10.0,"key":"SMITH"},{"data":"AT_RobotInSpace","floor":15.0,"key":"SMITH"},{"data":"Recycle","floor":25.0,"key":"SMITH"},{"data":"White Noise","floor":32.0,"key":"SMITH"},{"data":"AT_EmpoweredMortalDraw","floor":42,"key":"SMITH"},{"floor":49,"key":"RECALL"},{"data":"Madness","floor":52,"key":"SMITH"}],"circlet_count":0,"master_deck":["Strike_B+1","Strike_B+1","Defend_B+1","Zap+1","Dualcast","AT_WaterDrop+1","Heatsinks","AT_ThunderBolt+1","Loop+1","Hello World+1","AT_RobotInSpace+1","Recycle+1","AT_HeatAcrobatics","Reboot","Defragment+1","Madness+1","AT_StudyProgram+1","Double Energy+1","Flash of Steel+1","White Noise+1","Electrodynamics+1","AT_EmpoweredMortalDraw+1","Self Repair+1","Storm+1","Violence","Skim+1"],"relics":["Cracked Core","AT_ATBox","Frozen Egg 2","CeramicFish","Pocketwatch","Symbiotic Virus","Akabeko","Dead Branch","AT_BladeRuinedKing","Coffee Dripper","FaceOfCleric","Art of War","HornCleat","AT_EbonyIvory","Medical Kit","Vajra","Lizard Tail","Calipers","Runic Capacitor","AT_BellowingDragoncrestRing","Membership Card","Eternal Feather","AT_MortalBlade","AT_BellDemon","Torii","Turnip","Toy Ornithopter","AT_RabadonDeathcap","AT_Manta","Whetstone","Bronze Scales","AT_MibuBalloonWealth"],"acts_visited":["Exordium","TheCity","TheBeyond","TheEnding"],"potions_floor_usage":[40,50,54],"damage_taken":[{"damage":2.0,"enemies":"Cultist","floor":1.0,"turns":4.0},{"damage":10.0,"enemies":"2 Louse","floor":2.0,"turns":3.0},{"damage":55.0,"enemies":"Lagavulin","floor":6.0,"turns":12.0},{"damage":30.0,"enemies":"3 Sentries","floor":8.0,"turns":8.0},{"damage":10.0,"enemies":"Gremlin Nob","floor":12.0,"turns":3.0},{"damage":0.0,"enemies":"Small Slimes","floor":13.0,"turns":2.0},{"damage":12.0,"enemies":"3 Sentries","floor":14.0,"turns":8.0},{"damage":47.0,"enemies":"Hexaghost","floor":16.0,"turns":10.0},{"damage":9.0,"enemies":"Chosen","floor":18.0,"turns":5.0},{"damage":36.0,"enemies":"2 Thieves","floor":20.0,"turns":4.0},{"damage":19.0,"enemies":"Centurion and Healer","floor":21.0,"turns":5.0},{"damage":25.0,"enemies":"Gremlin Leader","floor":23.0,"turns":5.0},{"damage":0.0,"enemies":"Sentry and Sphere","floor":27.0,"turns":3.0},{"damage":0.0,"enemies":"Snecko","floor":31.0,"turns":3.0},{"damage":13.0,"enemies":"Collector","floor":33.0,"turns":3.0},{"damage":0.0,"enemies":"3 Darklings","floor":35.0,"turns":2.0},{"damage":32.0,"enemies":"3 Shapes","floor":37.0,"turns":2.0},{"damage":0.0,"enemies":"Sphere and 2 Shapes","floor":38.0,"turns":1.0},{"damage":61,"enemies":"Nemesis","floor":40,"turns":3},{"damage":14,"enemies":"Giant Head","floor":44,"turns":5},{"damage":0,"enemies":"Transient","floor":46,"turns":5},{"damage":0,"enemies":"Spire Growth","floor":47,"turns":2},{"damage":12,"enemies":"Sphere and 2 Shapes","floor":48,"turns":3},{"damage":20,"enemies":"Awakened One","floor":50,"turns":5},{"damage":2,"enemies":"Shield and Spear","floor":54,"turns":2},{"damage":6,"enemies":"The Heart","floor":55,"turns":4}],"seed_played":"77314780757097407","potions_obtained":[{"floor":1.0,"key":"Ancient Potion"},{"floor":6.0,"key":"CultistPotion"},{"floor":8.0,"key":"SteroidPotion"},{"floor":14.0,"key":"PowerPotion"},{"floor":16.0,"key":"SpeedPotion"},{"floor":18.0,"key":"Energy Potion"},{"floor":20.0,"key":"SteroidPotion"},{"floor":21.0,"key":"Regen Potion"},{"floor":23.0,"key":"Explosive Potion"},{"floor":48,"key":"Block Potion"}],"is_trial":false,"path_per_floor":["M","M","?","?","?","E","R","E","T","R","$","E","M","E","R","B",null,"M","?","M","M","$","E","$","R","T","M","$","?","$","M","R","B",null,"M","$","M","M","?","E","?","R","T","E","?","M","M","M","R","B",null,"R","$","E","B",null],"character_chosen":"DEFECT","items_purchased":["Hello World+1","Akabeko","Dexterity Potion","Defragment+1","Art of War","HornCleat","Madness","AT_StudyProgram+1","Medical Kit","Vajra","Calipers","Runic Capacitor","AT_BellowingDragoncrestRing","Membership Card","Eternal Feather","AT_BellDemon","Torii","Storm+1","Violence"],"campfire_rested":0,"item_purchase_floors":[11,11,11,22,22,22,22,24,24,24,28,28,28,30,30,36,36,53,53],"current_hp_per_floor":[73,63,63,48,48,27,27,23,23,23,23,13,13,60,60,13,75,66,66,31,13,13,59,59,59,59,60,60,48,48,49,61,49,81,82,82,51,52,52,24,24,36,36,34,34,46,58,58,70,67,90,90,90,89,84],"gold":96,"neow_bonus":"HUNDRED_GOLD","is_daily":false,"chose_seed":false,"campfire_upgraded":7,"win_rate":0.0,"timestamp":1608754839,"path_taken":["M","?","?","?","?","E","R","E","T","R","$","E","?","E","R","BOSS","M","?","?","M","$","E","$","R","T","M","$","?","?","M","R","BOSS","M","$","?","M","?","E","?","R","T","E","?","M","?","M","R","BOSS","R","$","E","BOSS"],"items_purchased_type":["Card","Relic","Potion","Card","Relic","Relic","Card","Card","Relic","Relic","Relic","Relic","Relic","Relic","Relic","Relic","Relic","Card","Card"],"build_version":"2020-12-22","purchased_purges":7,"victory":true,"max_hp_per_floor":[75,75,75,75,75,75,75,75,75,75,75,75,75,75,75,75,75,75,75,76,77,77,78,78,78,78,79,79,79,79,80,80,81,81,82,82,83,84,84,85,85,85,85,86,86,87,88,89,89,90,90,90,90,91,92],"card_choices":[{"not_picked":["Doom and Gloom","Sweeping Beam"],"picked":"Heatsinks","floor":1.0},{"not_picked":["AT_WarpDrive","Rebound","Hologram"],"picked":"SKIP","floor":2.0},{"not_picked":["AT_DarkMatter","Conserve Battery"],"picked":"AT_ThunderBolt+1","floor":6.0},{"not_picked":["Static Discharge+1","Hologram"],"picked":"Loop+1","floor":8.0},{"not_picked":["Auto Shields","Leap"],"picked":"AT_RobotInSpace","floor":12.0},{"not_picked":["Rebound","Steam"],"picked":"Recycle","floor":13.0},{"not_picked":["AT_EMC2","FTL"],"picked":"AT_HeatAcrobatics","floor":14.0},{"not_picked":["Core Surge","Hyperbeam"],"picked":"Reboot","floor":16.0},{"not_picked":["Coolheaded","Hologram"],"picked":"Force Field","floor":18.0},{"not_picked":["Coolheaded","Sunder","Compile Driver"],"picked":"SKIP","floor":20.0},{"not_picked":["Compile Driver","Genetic Algorithm","Gash"],"picked":"SKIP","floor":21.0},{"not_picked":["Sweeping Beam","Hyperbeam","Sunder"],"picked":"SKIP","floor":23.0},{"not_picked":["Heatsinks+1","Chill"],"picked":"Double Energy+1","floor":27.0},{"not_picked":["AT_HeatAcrobatics","Cold Snap+1"],"picked":"White Noise","floor":31.0},{"not_picked":["AT_RightCognition+1","Meteor Strike"],"picked":"Electrodynamics+1","floor":33.0},{"not_picked":["Steam+1","Go for the Eyes","Coolheaded+1"],"picked":"SKIP","floor":35.0},{"not_picked":["Rebound","Go for the Eyes+1","Beam Cell+1"],"picked":"SKIP","floor":37.0},{"not_picked":["Hologram+1","Reinforced Body+1","Coolheaded+1"],"picked":"SKIP","floor":38.0},{"not_picked":["Coolheaded","Hologram+1"],"picked":"Self Repair+1","floor":40},{"not_picked":["Steam","Meteor Strike","Heatsinks+1"],"picked":"SKIP","floor":44},{"not_picked":["Doom and Gloom+1","Conserve Battery","BootSequence+1"],"picked":"SKIP","floor":46},{"not_picked":["Coolheaded","Turbo","Darkness+1"],"picked":"SKIP","floor":47},{"not_picked":["Coolheaded+1","Go for the Eyes","Conserve Battery"],"picked":"SKIP","floor":48},{"not_picked":["Ball Lightning","Darkness+1"],"picked":"Skim+1","floor":54}],"player_experience":590024,"relics_obtained":[{"floor":6.0,"key":"CeramicFish"},{"floor":8.0,"key":"Pocketwatch"},{"floor":9.0,"key":"Symbiotic Virus"},{"floor":12.0,"key":"Dead Branch"},{"floor":14.0,"key":"AT_BladeRuinedKing"},{"floor":23.0,"key":"AT_EbonyIvory"},{"floor":26.0,"key":"Lizard Tail"},{"floor":37.0,"key":"Turnip"},{"floor":38.0,"key":"Toy Ornithopter"},{"floor":40,"key":"AT_RabadonDeathcap"},{"floor":40,"key":"AT_Manta"},{"floor":44,"key":"Whetstone"},{"floor":48,"key":"Bronze Scales"},{"floor":54,"key":"AT_MibuBalloonWealth"}],"event_choices":[{"damage_healed":0.0,"max_hp_gain":0.0,"max_hp_loss":0.0,"gold_gain":0.0,"event_name":"Big Fish","player_choice":"Box","floor":3.0,"gold_loss":0.0,"damage_taken":0.0,"relics_obtained":["Frozen Egg 2"],"cards_obtained":["Regret"]},{"damage_healed":0.0,"max_hp_gain":0.0,"max_hp_loss":0.0,"gold_gain":0.0,"event_name":"Shining Light","player_choice":"Entered Light","floor":4.0,"gold_loss":0.0,"damage_taken":15.0,"cards_upgraded":["Strike_B","Defend_B"]},{"damage_healed":0.0,"max_hp_gain":0.0,"max_hp_loss":0.0,"gold_gain":175.0,"event_name":"Liars Game","player_choice":"AGREE","floor":5.0,"gold_loss":0.0,"damage_taken":0.0,"cards_obtained":["Doubt"]},{"damage_healed":0.0,"max_hp_gain":0.0,"max_hp_loss":0.0,"gold_gain":0.0,"event_name":"FaceTrader","player_choice":"Trade","floor":19.0,"gold_loss":0.0,"damage_taken":0.0,"relics_obtained":["FaceOfCleric"]},{"damage_healed":0.0,"max_hp_gain":0.0,"max_hp_loss":0.0,"gold_gain":0.0,"event_name":"Knowing Skull","player_choice":"CARD ","floor":29.0,"potions_obtained":[],"gold_loss":0.0,"damage_taken":12.0,"cards_obtained":["Flash of Steel"]},{"cards_removed":["Force Field"],"damage_healed":0.0,"max_hp_gain":0.0,"max_hp_loss":0.0,"gold_gain":0.0,"event_name":"Falling","player_choice":"Removed Skill","floor":39.0,"gold_loss":0.0,"damage_taken":0.0},{"damage_healed":0,"gold_gain":0,"player_choice":"Ignored","damage_taken":0,"max_hp_gain":0,"max_hp_loss":0,"event_name":"The Moai Head","floor":41,"gold_loss":0},{"damage_healed":0,"gold_gain":0,"player_choice":"Bought 0 Potions","damage_taken":0,"max_hp_gain":0,"max_hp_loss":0,"event_name":"The Woman in Blue","floor":45,"gold_loss":0}],"is_beta":false,"boss_relics":[{"not_picked":["Tiny House","Philosopher\u0027s Stone"],"picked":"Coffee Dripper"},{"not_picked":["Empty Cage","Runic Pyramid"],"picked":"AT_MortalBlade"}],"items_purged_floors":[11,22,24,28,30,36,53],"is_endless":false,"potions_floor_spawned":[1,6,8,14,16,18,20,21,23,35,37,48],"ascension_level":1}}