{"host":"lreod2rejfd0az5i","time":1608760533,"event":{"mods":["AchievementEnabler","Aspiration","BaseMod","Colored Powertips","Conspire","Downfall","Highlight Path","Hubris","Infinite Spire","Mad Scientist","Minty Spire (QoL Compilation)","Rare Cards Sparkle","Relic Stats","Replay The Spire","StSLib","The Bug Knight","The Jungle"],"gold_per_floor":[114,126,70,82,102,132,132,132,132],"floor_reached":8,"playtime":417,"items_purged":[],"score":113,"play_id":"5af47512-d92c-4f3c-a99e-560c907c3ab8","local_time":"20201223145533","is_ascension_mode":true,"campfire_choices":[{"floor":7,"key":"REST"}],"circlet_count":0,"master_deck":["AscendersBane","Strike_G","Strike_G","Strike_G","Strike_G","Strike_G","Defend_G","Defend_G","Defend_G","Defend_G","Defend_G","Survivor","Neutralize","Cloak And Dagger","Blade Dance","Dash"],"relics":["hubris:VirtuousBlindfold","The Specimen"],"acts_visited":["Exordium"],"potions_floor_usage":[6,6],"damage_taken":[{"damage":1,"enemies":"Cultist","floor":1,"turns":4},{"damage":0,"enemies":"conspire:RoseBush","floor":2,"turns":4},{"damage":1,"enemies":"Jaw Worm","floor":4,"turns":4},{"damage":5,"enemies":"Lots of Slimes","floor":5,"turns":5},{"damage":29,"enemies":"Lagavulin","floor":6,"turns":7},{"damage":51,"enemies":"Gremlin Nob","floor":8,"turns":4}],"seed_played":"-3033442164566040645","potions_obtained":[{"floor":4,"key":"ColorlessPotion"},{"floor":5,"key":"EssenceOfSteel"}],"is_trial":false,"path_per_floor":["M","M","$","M","M","E","R","E"],"character_chosen":"THE_SILENT","items_purchased":["Blade Dance"],"campfire_rested":1,"item_purchase_floors":[3],"current_hp_per_floor":[58,58,58,57,52,23,42,0,0],"gold":132,"neow_bonus":"BOSS_RELIC","is_daily":false,"chose_seed":false,"campfire_upgraded":0,"win_rate":0.0,"timestamp":1608760533,"path_taken":["M","M","$","?","?","E","R","E"],"items_purchased_type":["Card"],"build_version":"2020-12-22","purchased_purges":0,"victory":false,"max_hp_per_floor":[66,66,66,66,66,66,66,66,66],"relic_stats":{"counters":[6,28],"obtain_stats":[{"The Specimen":6,"hubris:VirtuousBlindfold":0,"Ring of the Snake":0},{"The Specimen":5,"hubris:VirtuousBlindfold":0,"Ring of the Snake":0},{"The Specimen":24,"hubris:VirtuousBlindfold":0,"Ring of the Snake":0}]},"card_choices":[{"not_picked":["Bane","Sneak Up"],"picked":"Cloak And Dagger","floor":1},{"not_picked":["Underhanded Strike","Dagger Throw","Sneak Up"],"picked":"SKIP","floor":2},{"not_picked":["hubris:Counter","Hidden Blade"],"picked":"Dash","floor":4},{"not_picked":["Distraction","Deflect","Expertise"],"picked":"SKIP","floor":5},{"not_picked":["Quick Slash","Acrobatics","hubris:SlightOfHand"],"picked":"SKIP","floor":6}],"player_experience":858378,"relics_obtained":[{"floor":6,"key":"The Specimen"}],"event_choices":[],"is_beta":false,"boss_relics":[],"items_purged_floors":[],"is_endless":false,"potions_floor_spawned":[4,5],"killed_by":"Gremlin Nob","ascension_level":19}}