{"host":"wshh0nphwn6jv7vj","time":1608714966,"event":{"mods":["BaseMod","Bestiary","Minty Spire (QoL Compilation)"],"gold_per_floor":[109,34,34,34,52,92,92,92,92,110,110,124,167,191,191,285,285,308,223,246,271,9,9,9],"floor_reached":23,"playtime":1002,"items_purged":["Doubt","Strike_G"],"score":362,"play_id":"98525b61-194a-42b7-a1b9-87067656365a","local_time":"20201223041606","is_ascension_mode":true,"campfire_choices":[{"floor":8,"key":"REST"},{"floor":11,"key":"REST"},{"data":"Bouncing Flask","floor":15,"key":"SMITH"}],"circlet_count":0,"master_deck":["AscendersBane","Strike_G","Strike_G","Defend_G","Defend_G","Defend_G","Survivor","Neutralize","Tactician","Bouncing Flask+1","Footwork","Noxious Fumes","Leg Sweep","Dash","Heel Hook","Unload","Deadly Poison","Die Die Die","Masterful Stab+1","Dodge and Roll"],"relics":["Ring of the Snake","Golden Idol","Mercury Hourglass","Ancient Tea Set","Oddly Smooth Stone","SlaversCollar","Smiling Mask","Lantern"],"acts_visited":["Exordium","TheCity"],"potions_floor_usage":[6,6,13,20,21],"damage_taken":[{"damage":7,"enemies":"Jaw Worm","floor":1,"turns":4},{"damage":3,"enemies":"Small Slimes","floor":5,"turns":3},{"damage":23,"enemies":"3 Sentries","floor":6,"turns":7},{"damage":0,"enemies":"Cultist","floor":10,"turns":5},{"damage":0,"enemies":"2 Fungi Beasts","floor":12,"turns":3},{"damage":1,"enemies":"Lagavulin","floor":13,"turns":7},{"damage":0,"enemies":"Looter","floor":14,"turns":4},{"damage":5,"enemies":"Hexaghost","floor":16,"turns":8},{"damage":16,"enemies":"Shell Parasite","floor":18,"turns":6},{"damage":9,"enemies":"Spheric Guardian","floor":20,"turns":5},{"damage":26,"enemies":"Chosen and Byrds","floor":21,"turns":5},{"damage":15,"enemies":"Slavers","floor":23,"turns":1}],"seed_played":"3267306820341929635","potions_obtained":[{"floor":1,"key":"Fire Potion"},{"floor":5,"key":"Block Potion"},{"floor":10,"key":"Energy Potion"},{"floor":13,"key":"SpeedPotion"},{"floor":14,"key":"Ancient Potion"},{"floor":18,"key":"AttackPotion"}],"is_trial":false,"path_per_floor":["M","$","?","?","M","E","?","R","T","M","R","M","E","M","R","B",null,"M","?","M","M","$","E"],"character_chosen":"THE_SILENT","items_purchased":["Lantern","SteroidPotion"],"campfire_rested":2,"item_purchase_floors":[22,22],"current_hp_per_floor":[52,52,45,45,42,19,19,37,37,37,55,55,54,54,54,49,57,41,41,32,6,6,0,0],"gold":9,"neow_bonus":"TRANSFORM_TWO_CARDS","is_daily":false,"chose_seed":false,"campfire_upgraded":1,"win_rate":0.0,"timestamp":1608714966,"path_taken":["M","$","?","?","M","E","?","R","T","?","R","M","E","M","R","BOSS","M","?","M","M","$","E"],"items_purchased_type":["Relic","Potion"],"build_version":"2020-12-22","purchased_purges":2,"victory":false,"max_hp_per_floor":[66,66,66,60,60,60,60,60,60,60,60,60,60,60,60,60,60,60,60,60,60,60,60,60],"card_choices":[{"not_picked":["Poisoned Stab","Underhanded Strike"],"picked":"Footwork","floor":1},{"not_picked":["Acrobatics","Heel Hook"],"picked":"Noxious Fumes","floor":5},{"not_picked":["Burst","Outmaneuver"],"picked":"Leg Sweep","floor":6},{"not_picked":["Prepared","Distraction"],"picked":"Dash","floor":10},{"not_picked":["Slice","Infinite Blades"],"picked":"Heel Hook","floor":12},{"not_picked":["Outmaneuver","Expertise"],"picked":"Unload","floor":13},{"not_picked":["Skewer","Flying Knee"],"picked":"Deadly Poison","floor":14},{"not_picked":["A Thousand Cuts","Storm of Steel"],"picked":"Die Die Die","floor":16},{"not_picked":["Predator","Slice"],"picked":"Masterful Stab+1","floor":18},{"not_picked":["Dagger Spray","Expertise","Flying Knee"],"picked":"SKIP","floor":20},{"not_picked":["Outmaneuver+1","Blade Dance"],"picked":"Dodge and Roll","floor":21}],"player_experience":1481002,"relics_obtained":[{"floor":6,"key":"Mercury Hourglass"},{"floor":9,"key":"Ancient Tea Set"},{"floor":13,"key":"Oddly Smooth Stone"}],"event_choices":[{"cards_removed":["Defend_G"],"damage_healed":0,"gold_gain":0,"player_choice":"Card Removal","damage_taken":7,"max_hp_gain":0,"max_hp_loss":0,"event_name":"Golden Wing","floor":3,"gold_loss":0},{"damage_healed":0,"gold_gain":0,"player_choice":"Lose Max HP","damage_taken":0,"relics_obtained":["Golden Idol"],"max_hp_gain":0,"max_hp_loss":6,"event_name":"Golden Idol","floor":4,"gold_loss":0},{"cards_removed":["Strike_G"],"damage_healed":0,"gold_gain":0,"player_choice":"Forget","damage_taken":0,"max_hp_gain":0,"max_hp_loss":0,"event_name":"Living Wall","floor":7,"gold_loss":0},{"damage_healed":0,"gold_gain":0,"player_choice":"Obtained Relic","damage_taken":0,"relics_obtained":["Smiling Mask"],"max_hp_gain":0,"max_hp_loss":0,"event_name":"Addict","floor":19,"gold_loss":85}],"is_beta":false,"boss_relics":[{"not_picked":["Fusion Hammer","WristBlade"],"picked":"SlaversCollar"}],"items_purged_floors":[2,22],"is_endless":false,"potions_floor_spawned":[1,5,10,13,14,18],"killed_by":"Slavers","ascension_level":16}}