{"host":"x4x6fw95e6eqd4n0","time":1608686469,"event":{"mods":["AchievementEnabler","BaseMod","Colored Map","Colored Powertips","DeckTracker","Minty Spire (QoL Compilation)"],"gold_per_floor":[111,111,61,61,61,61,96,116,141,141,141,216,216,240,240,366,366,291,48,48,73,148,148,179,195,195,213,236,236,87,102,102,231,231,249,265,265,265,265],"floor_reached":38,"playtime":1950,"items_purged":[],"score":415,"play_id":"33798c93-e838-4665-8adf-beb787462ac9","local_time":"20201223032109","is_ascension_mode":false,"campfire_choices":[{"data":"Noxious Fumes","floor":6,"key":"SMITH"},{"floor":10,"key":"REST"},{"floor":13,"key":"REST"},{"data":"Wraith Form v2","floor":15,"key":"SMITH"},{"floor":23,"key":"REST"},{"data":"Venomology","floor":29,"key":"SMITH"},{"data":"Neutralize","floor":32,"key":"SMITH"}],"circlet_count":0,"master_deck":["Strike_G+1","Strike_G+1","Defend_G+1","Defend_G+1","Defend_G+1","Defend_G+1","Defend_G+1","Survivor","Neutralize+1","Wraith Form v2+1","Noxious Fumes+1","Choke","Dash","Blade Dance","A Thousand Cuts","Skewer","Dash","Dagger Throw+1","Venomology+1","Bane","Infinite Blades","Heel Hook","Adrenaline","Crippling Poison+1","Dodge and Roll+1"],"relics":["Ring of the Snake","Golden Idol","Oddly Smooth Stone","Vajra","SlaversCollar","Ornamental Fan","Matryoshka","Bag of Preparation","Pen Nib","TheAbacus","Runic Pyramid"],"acts_visited":["Exordium","TheCity","TheBeyond"],"potions_floor_usage":[16,16,24,27,27,31,31,33,33,35,35,38],"damage_taken":[{"damage":2,"enemies":"Small Slimes","floor":1,"turns":4},{"damage":25,"enemies":"3 Sentries","floor":7,"turns":9},{"damage":5,"enemies":"2 Louse","floor":8,"turns":3},{"damage":0,"enemies":"Jaw Worm","floor":14,"turns":3},{"damage":16,"enemies":"Hexaghost","floor":16,"turns":9},{"damage":2,"enemies":"2 Thieves","floor":18,"turns":5},{"damage":35,"enemies":"3 Byrds","floor":21,"turns":8},{"damage":3,"enemies":"Gremlin Leader","floor":24,"turns":5},{"damage":0,"enemies":"Snecko","floor":25,"turns":5},{"damage":4,"enemies":"Chosen and Byrds","floor":27,"turns":6},{"damage":14,"enemies":"Shelled Parasite and Fungi","floor":28,"turns":6},{"damage":1,"enemies":"Snecko","floor":31,"turns":5},{"damage":2,"enemies":"Champ","floor":33,"turns":11},{"damage":0,"enemies":"3 Darklings","floor":35,"turns":6},{"damage":5,"enemies":"3 Shapes","floor":36,"turns":5},{"damage":68,"enemies":"2 Orb Walkers","floor":38,"turns":4}],"seed_played":"-1576850767242019345","potions_obtained":[{"floor":7,"key":"AttackPotion"},{"floor":8,"key":"DuplicationPotion"},{"floor":16,"key":"GamblersBrew"},{"floor":21,"key":"ColorlessPotion"},{"floor":24,"key":"Explosive Potion"},{"floor":25,"key":"Regen Potion"}],"is_trial":false,"path_per_floor":["M","?","?","?","$","R","E","M","T","R","?","?","R","M","R","B",null,"M","$","?","M","?","R","E","M","T","M","M","R","$","M","R","B",null,"M","M","?","?"],"character_chosen":"THE_SILENT","items_purchased":["Ornamental Fan","TheAbacus"],"campfire_rested":3,"item_purchase_floors":[19,30],"current_hp_per_floor":[68,51,51,51,51,51,26,21,21,42,35,24,45,45,45,29,70,68,68,68,33,26,47,44,44,44,55,41,41,41,40,40,38,70,70,65,65,0,0],"gold":265,"neow_bonus":"ONE_RANDOM_RARE_CARD","is_daily":false,"chose_seed":false,"campfire_upgraded":4,"win_rate":0.0,"timestamp":1608686469,"path_taken":["M","?","?","?","?","R","E","?","T","R","?","?","R","?","R","BOSS","M","?","?","M","?","R","E","M","T","?","M","R","?","M","R","BOSS","M","M","?","?"],"items_purchased_type":["Relic","Relic"],"build_version":"2020-12-13","purchased_purges":0,"victory":false,"max_hp_per_floor":[70,70,70,70,70,70,70,70,70,70,70,70,70,70,70,70,70,70,70,70,70,70,70,70,70,70,70,70,70,70,70,70,70,70,70,70,70,70,70],"card_choices":[{"not_picked":["Deadly Poison","Poisoned Stab"],"picked":"Noxious Fumes","floor":1},{"not_picked":["Blade Dance","Sucker Punch"],"picked":"Choke","floor":7},{"not_picked":["Dodge and Roll","Flechettes"],"picked":"Dash","floor":8},{"not_picked":["Slice","Outmaneuver"],"picked":"Blade Dance","floor":14},{"not_picked":["Glass Knife","Night Terror"],"picked":"A Thousand Cuts","floor":16},{"not_picked":["Heel Hook","Slice"],"picked":"Skewer","floor":18},{"not_picked":["PiercingWail","Dagger Throw"],"picked":"Dash","floor":21},{"not_picked":["PiercingWail+1","Skewer"],"picked":"Dagger Throw+1","floor":24},{"not_picked":["Acrobatics","Dagger Spray+1"],"picked":"Venomology","floor":25},{"not_picked":["Slice+1","Poisoned Stab"],"picked":"Bane","floor":27},{"not_picked":["Leg Sweep","Poisoned Stab"],"picked":"Infinite Blades","floor":28},{"not_picked":["Endless Agony","Deflect"],"picked":"Heel Hook","floor":31},{"not_picked":["Doppelganger","Glass Knife"],"picked":"Adrenaline","floor":33},{"not_picked":["Backstab","Sucker Punch+1"],"picked":"Crippling Poison+1","floor":35},{"not_picked":["Deflect","PiercingWail"],"picked":"Dodge and Roll+1","floor":36}],"player_experience":28477,"relics_obtained":[{"floor":7,"key":"Oddly Smooth Stone"},{"floor":9,"key":"Vajra"},{"floor":24,"key":"Matryoshka"},{"floor":26,"key":"Bag of Preparation"},{"floor":26,"key":"Pen Nib"}],"event_choices":[{"damage_healed":0,"gold_gain":0,"player_choice":"Take Damage","damage_taken":17,"relics_obtained":["Golden Idol"],"max_hp_gain":0,"max_hp_loss":0,"event_name":"Golden Idol","floor":2,"gold_loss":0},{"cards_removed":["Strike_G"],"damage_healed":0,"gold_gain":0,"player_choice":"Card Removal","damage_taken":0,"max_hp_gain":0,"max_hp_loss":0,"event_name":"The Cleric","floor":3,"gold_loss":50},{"damage_healed":0,"gold_gain":0,"player_choice":"Ignored","damage_taken":0,"max_hp_gain":0,"max_hp_loss":0,"event_name":"Liars Game","floor":4,"gold_loss":0},{"cards_removed":["Strike_G"],"damage_healed":0,"gold_gain":0,"player_choice":"Card Removal","damage_taken":7,"max_hp_gain":0,"max_hp_loss":0,"event_name":"Golden Wing","floor":11,"gold_loss":0},{"damage_healed":0,"gold_gain":75,"player_choice":"Gather Gold","damage_taken":11,"max_hp_gain":0,"max_hp_loss":0,"event_name":"World of Goop","floor":12,"gold_loss":0},{"damage_healed":0,"gold_gain":0,"player_choice":"Simplicity","damage_taken":0,"max_hp_gain":0,"max_hp_loss":0,"event_name":"Back to Basics","floor":20,"gold_loss":0,"cards_upgraded":["Strike_G","Strike_G","Strike_G","Defend_G","Defend_G","Defend_G","Defend_G","Defend_G"]},{"damage_healed":0,"gold_gain":75,"player_choice":"Touch","damage_taken":7,"max_hp_gain":0,"max_hp_loss":0,"event_name":"FaceTrader","floor":22,"gold_loss":0},{"cards_removed":["Strike_G"],"damage_healed":0,"gold_gain":0,"player_choice":"Removed Attack","damage_taken":0,"max_hp_gain":0,"max_hp_loss":0,"event_name":"Falling","floor":37,"gold_loss":0},{"damage_healed":0,"gold_gain":0,"player_choice":"Fight","damage_taken":0,"max_hp_gain":0,"max_hp_loss":0,"event_name":"Mysterious Sphere","floor":38,"gold_loss":0}],"is_beta":false,"boss_relics":[{"not_picked":["Snecko Eye","Empty Cage"],"picked":"SlaversCollar"},{"not_picked":["Runic Dome","Ring of the Serpent"],"picked":"Runic Pyramid"}],"items_purged_floors":[],"is_endless":false,"potions_floor_spawned":[7,8,16,21,24,25],"killed_by":"2 Orb Walkers","ascension_level":0}}