{"host":"9pqy5lt7vda52ebm","time":1608761986,"event":{"mods":["BaseMod","Minty Spire (QoL Compilation)","Optimize The Spire","Quick Restart","StSLib","The Dragonkin"],"gold_per_floor":[115,0,13,32,48,78,78,78,78],"floor_reached":8,"playtime":1067,"items_purged":["theDragonkin:Moonfire"],"score":58,"play_id":"f357178f-7391-4f80-b07a-c559cbb3b575","local_time":"20201223171946","is_ascension_mode":false,"campfire_choices":[{"data":"theDragonkin:Thornwhip","floor":7,"key":"SMITH"}],"circlet_count":0,"master_deck":["theDragonkin:GrovekeeperStrike","theDragonkin:GrovekeeperStrike","theDragonkin:GrovekeeperDefend","theDragonkin:GrovekeeperDefend","theDragonkin:Sunfire","theDragonkin:Sunfire","theDragonkin:Sunfire","theDragonkin:Moonfire","theDragonkin:Moonfire","theDragonkin:SwarmStrike","theDragonkin:Thornwhip+1"],"relics":["Nunchaku"],"acts_visited":["Exordium"],"potions_floor_usage":[8,8],"damage_taken":[{"damage":1,"enemies":"2 Louse","floor":1,"turns":5},{"damage":7,"enemies":"Small Slimes","floor":3,"turns":4},{"damage":0,"enemies":"Cultist","floor":4,"turns":4},{"damage":7,"enemies":"Blue Slaver","floor":5,"turns":4},{"damage":24,"enemies":"Gremlin Nob","floor":6,"turns":5},{"damage":33,"enemies":"3 Sentries","floor":8,"turns":6}],"seed_played":"8106459798136507349","potions_obtained":[{"floor":1,"key":"SpeedPotion"},{"floor":5,"key":"SkillPotion"}],"is_trial":false,"path_per_floor":["M","$","M","M","M","E","R","E"],"character_chosen":"THE_GROVEKEEPER","items_purchased":["theDragonkin:SwarmStrike"],"campfire_rested":0,"item_purchase_floors":[2],"current_hp_per_floor":[65,65,58,58,51,27,27,0,0],"gold":78,"neow_bonus":"TEN_PERCENT_HP_BONUS","is_daily":false,"chose_seed":false,"campfire_upgraded":1,"win_rate":0.0,"timestamp":1608761986,"path_taken":["M","$","M","M","M","E","R","E"],"items_purchased_type":["Card"],"build_version":"2020-12-22","purchased_purges":1,"victory":false,"max_hp_per_floor":[66,66,66,66,66,66,66,66,66],"card_choices":[{"not_picked":["theDragonkin:TheRoadLessTraveled","theDragonkin:Moonglow"],"picked":"theDragonkin:Sunrise","floor":1},{"not_picked":["theDragonkin:InvigoratingSeeds","theDragonkin:Moonrise"],"picked":"theDragonkin:Thornwhip","floor":3},{"not_picked":["theDragonkin:Starfire","theDragonkin:Moonrise","theDragonkin:Sunrise"],"picked":"SKIP","floor":4},{"not_picked":["theDragonkin:MagicSeeds","theDragonkin:Wrath","theDragonkin:Moonrise"],"picked":"SKIP","floor":5},{"not_picked":["theDragonkin:Thornwhip","theDragonkin:Starfall","theDragonkin:Moonglow"],"picked":"SKIP","floor":6}],"player_experience":360716,"relics_obtained":[{"floor":6,"key":"Nunchaku"}],"event_choices":[],"is_beta":false,"boss_relics":[],"items_purged_floors":[2],"is_endless":false,"potions_floor_spawned":[1,5],"killed_by":"3 Sentries","ascension_level":0}}