{"host":"gww6ffkzfofersck","time":1608711869,"event":{"mods":["Astrologer","BaseMod","ChefMod","Colored Powertips","Conspire","Downfall","Ekko","Fiend Mod","Hermit","Highlight Path","Infinite Spire","Ironclad Rager","Minty Spire (QoL Compilation)","Pikachu Mod","Potionbrewer","Quick Restart","Replay The Spire","Shedinja","Shop Mod","StSLib","The Blackbeard","The Hierophant","The Necromancer","TheVacant","Wandering Minibosses"],"gold_per_floor":[99,274,202,202,121,147,147,60,73,96,157,190,190,203,214,313,313,313,323,323,334,353,62,362,362,362,362],"floor_reached":25,"playtime":1621,"items_purged":["Doubt"],"score":232,"play_id":"ee4ccf10-4ff9-4326-bccd-ee4a489597c3","local_time":"20201223032429","is_ascension_mode":false,"campfire_choices":[{"data":"Guardian:TwinSlam","floor":1,"key":"SMITH"}],"circlet_count":0,"master_deck":["Guardian:Strike_Guardian","Guardian:Strike_Guardian","Guardian:Strike_Guardian","Guardian:Strike_Guardian","Guardian:Defend_Guardian","Guardian:Defend_Guardian","Guardian:Defend_Guardian","Guardian:Defend_Guardian","Guardian:CurlUp","Guardian:TwinSlam+1","Guardian:EvasiveProtocol","Guardian:Emergency","Guardian:FuturePlans+1","Guardian:Incinerate","Guardian:MultiBeam+1","Guardian:RefractedBeam+1","Guardian:SentryBeam+1","Guardian:TimeCapacitor","Guardian:Preprogram","Guardian:StasisStrike+1","Guardian:Gem_Crimson","Guardian:Gem_Cyan","Guardian:Gem_Fragmented","Guardian:SpikerProtocol","Guardian:PrimingBeam+1","Guardian:Incinerate+1","Guardian:PrimingBeam+1"],"relics":["Guardian:ModeShifter","downfall:HeartsMalice","infinitespire:PuzzleCube","Molten Egg 2","potionbrewer:ToyAutogyro","Orichalcum","infinitespire:Satchel","conspire:RoyalGoblet","Anchor","Old Coin"],"acts_visited":["Exordium","TheCity"],"potions_floor_usage":[16,23,23,25],"damage_taken":[{"damage":0,"enemies":"downfall:FleeingMerchant","floor":3,"turns":1},{"damage":0,"enemies":"downfall:FleeingMerchant","floor":5,"turns":1},{"damage":0,"enemies":"3 Sentries","floor":6,"turns":1},{"damage":0,"enemies":"downfall:FleeingMerchant","floor":8,"turns":4},{"damage":1,"enemies":"2 Louse","floor":9,"turns":3},{"damage":16,"enemies":"Lagavulin Event","floor":11,"turns":6},{"damage":13,"enemies":"Replay:BlueRogue","floor":12,"turns":4},{"damage":0,"enemies":"Jaw Worm","floor":14,"turns":3},{"damage":6,"enemies":"Small Slimes","floor":15,"turns":3},{"damage":36,"enemies":"downfall:Defect","floor":16,"turns":9},{"damage":3,"enemies":"conspire:FuzzyDice","floor":19,"turns":4},{"damage":23,"enemies":"Centurion and Healer","floor":21,"turns":8},{"damage":36,"enemies":"conspire:HollyBat","floor":22,"turns":8},{"damage":9,"enemies":"downfall:FleeingMerchant","floor":23,"turns":4},{"damage":11,"enemies":"Snake Plant","floor":25,"turns":3}],"seed_played":"6461180762905379695","potions_obtained":[{"floor":11,"key":"EssenceOfSteel"},{"floor":12,"key":"potionbrewer:FreezingPotion"},{"floor":14,"key":"potionbrewer:NoxiousPotion"},{"floor":16,"key":"sneckomod:MuddlingPotion"}],"is_trial":false,"path_per_floor":["R","?","$","?","$","E","T","$","M","T","?","E","?","M","M","B",null,"R","M","?","M","M","$","T","M"],"character_chosen":"GUARDIAN","items_purchased":["Guardian:EvasiveProtocol","Guardian:FuturePlans","Guardian:Gem_Orange","Guardian:PrimingBeam+1","Anchor"],"campfire_rested":0,"item_purchase_floors":[3,5,8,23,23],"current_hp_per_floor":[80,80,80,80,80,80,80,80,79,79,63,50,50,50,44,8,80,80,77,77,54,18,9,9,0,0,0],"gold":362,"neow_bonus":"THREE_ENEMY_KILL","is_daily":false,"chose_seed":false,"campfire_upgraded":1,"win_rate":0.0,"timestamp":1608711869,"path_taken":["R","?","$","?","$","E","T","?","M","?","?","E","?","?","M","BOSS","R","M","?","M","M","$","T","?"],"items_purchased_type":["Card","Card","Card","Card","Relic"],"build_version":"2020-12-22","purchased_purges":1,"victory":false,"max_hp_per_floor":[80,80,80,80,80,80,80,80,80,80,80,80,80,80,80,80,80,80,80,80,80,80,80,80,80,80,80],"card_choices":[{"not_picked":["Guardian:Gem_Lightblue","Guardian:SentryBeam"],"picked":"Guardian:Gem_Cyan","floor":3},{"not_picked":["Guardian:TemporalStrike","Guardian:Suspension"],"picked":"Guardian:Emergency","floor":5},{"not_picked":["Guardian:Gem_Red","Guardian:Gem_Fragmented"],"picked":"Guardian:Incinerate","floor":6},{"not_picked":["Guardian:PiercingHide","Guardian:Suspension"],"picked":"Guardian:MultiBeam+1","floor":8},{"not_picked":["Guardian:TemporalShield","Guardian:PolyBeam+1"],"picked":"Guardian:RefractedBeam+1","floor":9},{"not_picked":["Guardian:ChargeCore+1","Guardian:RefractedBeam+1"],"picked":"Guardian:SentryBeam+1","floor":11},{"not_picked":["Guardian:EvasiveProtocol","Guardian:TimeBomb"],"picked":"Guardian:Gem_Yellow","floor":12},{"not_picked":["Guardian:Preprogram","Guardian:VentSteam"],"picked":"Guardian:TimeCapacitor","floor":14},{"not_picked":["Guardian:BronzeArmor","Guardian:FloatingOrbs"],"picked":"Guardian:Preprogram","floor":15},{"not_picked":["Guardian:StasisEngine","Guardian:AncientConstruct"],"picked":"Guardian:StasisStrike+1","floor":16},{"not_picked":["Guardian:ShieldSpikes+1","Guardian:RollAttack+1"],"picked":"Guardian:Gem_Crimson","floor":19},{"not_picked":["Guardian:ArmoredProtocol","Guardian:TemporalStrike+1"],"picked":"Guardian:SpikerProtocol","floor":21},{"not_picked":["Guardian:ShieldSpikes","Guardian:Gem_Blue"],"picked":"Guardian:PrimingBeam+1","floor":22},{"not_picked":["Guardian:ChargeCore+1","Guardian:Recover+1"],"picked":"Guardian:Incinerate+1","floor":23}],"player_experience":218998,"relics_obtained":[{"floor":6,"key":"infinitespire:PuzzleCube"},{"floor":7,"key":"Molten Egg 2"},{"floor":10,"key":"potionbrewer:ToyAutogyro"},{"floor":11,"key":"Orichalcum"},{"floor":12,"key":"infinitespire:Satchel"},{"floor":24,"key":"Old Coin"}],"event_choices":[{"damage_healed":0,"gold_gain":0,"player_choice":"Leave","damage_taken":0,"max_hp_gain":0,"max_hp_loss":0,"event_name":"conspire:Investor","floor":4,"gold_loss":0}],"is_beta":false,"boss_relics":[{"not_picked":["Honey Jar","ChewingGum"],"picked":"conspire:RoyalGoblet"}],"items_purged_floors":[23],"is_endless":false,"potions_floor_spawned":[11,12,14,16,22],"killed_by":"Snake Plant","ascension_level":0}}