{"host":"3srbdas3e7jgqz5l","time":1608754859,"event":{"mods":["BaseMod","Downfall","Jorbs\u0027s Wanderer Trilogy","Minty Spire (QoL Compilation)","StSLib"],"gold_per_floor":[99,115,130,191,191,203,280,292,292,312,312,346,271,22,38,134,134,134,148,148,167,184,197,223,323,323,323,18,30,41,71,83,186,186,111,128,128,113,132,151,175,100,130,130,142,142,242,273,287,287],"floor_reached":51,"playtime":3376,"items_purged":["Pain","Guardian:Strike_Guardian"],"score":919,"play_id":"4bc1ddfe-fa6f-42ec-b9dc-e2e1caa1b6f5","local_time":"20201223202059","is_ascension_mode":true,"campfire_choices":[{"data":"Guardian:TwinSlam","floor":1.0,"key":"SMITH"},{"data":"Guardian:EvasiveProtocol","floor":9.0,"key":"SMITH"},{"floor":11.0,"key":"RECALL"},{"floor":13.0,"key":"REST"},{"floor":18.0,"key":"REST"},{"floor":27.0,"key":"REST"},{"floor":35.0,"key":"REST"},{"floor":42,"key":"REST"},{"floor":44,"key":"REST"}],"circlet_count":0,"master_deck":["Guardian:Strike_Guardian","Guardian:Strike_Guardian","Guardian:Strike_Guardian","Guardian:Defend_Guardian","Guardian:Defend_Guardian","Guardian:Defend_Guardian","Guardian:Defend_Guardian","Guardian:CurlUp","Guardian:TwinSlam+1","Guardian:EvasiveProtocol+1","Guardian:ShieldCharger","Guardian:DonusPower","Guardian:ChargeCore","Guardian:PiercingHide","Guardian:StasisEngine+1","Guardian:Gem_Red","Guardian:Gem_Synthetic","Guardian:DecasProtection","Guardian:ShieldCharger","Guardian:ShieldSpikes","Guardian:EvasiveProtocol+1","Guardian:Gem_Green","expansioncontent:QuickStudy","Guardian:ShieldCharger","Guardian:AncientConstruct+1","Guardian:Gem_Cyan","Guardian:Gem_Red","Guardian:Harden+1","Guardian:Gem_Cyan","Guardian:Gem_White","Guardian:Aged","Guardian:TimeBomb","Guardian:Recover+1"],"relics":["Guardian:ModeShifter","Matryoshka","WarpedTongs","Frozen Egg 2","Guardian:StasisCodex","downfall:HeartBlessingRed","Fusion Hammer","Guardian:DefensiveModeMoreBlock","Orichalcum","PreservedInsect","SlaversCollar","downfall:HeartBlessingGreen","Red Mask","downfall:RedIOUUpgrade","downfall:HeartBlessingBlue","Incense Burner","Guardian:StasisEgg","Gremlin Horn"],"acts_visited":["Exordium","TheCity","TheBeyond"],"potions_floor_usage":[36,45],"damage_taken":[{"damage":0.0,"enemies":"Cultist","floor":2.0,"turns":3.0},{"damage":0.0,"enemies":"2 Louse","floor":3.0,"turns":3.0},{"damage":20.0,"enemies":"3 Sentries","floor":4.0,"turns":10.0},{"damage":9.0,"enemies":"Jaw Worm","floor":6.0,"turns":4.0},{"damage":7.0,"enemies":"Blue Slaver","floor":8.0,"turns":5.0},{"damage":12.0,"enemies":"Large Slime","floor":10.0,"turns":6.0},{"damage":11.0,"enemies":"Lagavulin","floor":12.0,"turns":9.0},{"damage":4.0,"enemies":"downfall:FleeingMerchant","floor":14.0,"turns":4.0},{"damage":3.0,"enemies":"Lots of Slimes","floor":15.0,"turns":3.0},{"damage":19.0,"enemies":"downfall:Defect","floor":16.0,"turns":8.0},{"damage":2.0,"enemies":"Shell Parasite","floor":19.0,"turns":5.0},{"damage":2.0,"enemies":"3 Byrds","floor":21.0,"turns":3.0},{"damage":6.0,"enemies":"Snake Plant","floor":22.0,"turns":5.0},{"damage":7.0,"enemies":"Chosen and Byrds","floor":23.0,"turns":9.0},{"damage":0.0,"enemies":"downfall:FleeingMerchant","floor":28.0,"turns":4.0},{"damage":1.0,"enemies":"Centurion and Healer","floor":29.0,"turns":7.0},{"damage":8.0,"enemies":"Shelled Parasite and Fungi","floor":30.0,"turns":6.0},{"damage":3.0,"enemies":"Gremlin Leader","floor":31.0,"turns":6.0},{"damage":6.0,"enemies":"Cultist and Chosen","floor":32.0,"turns":5.0},{"damage":0.0,"enemies":"downfall:Ironclad","floor":33.0,"turns":7.0},{"damage":7,"enemies":"3 Darklings","floor":36,"turns":4},{"damage":0,"enemies":"downfall:FleeingMerchant","floor":38,"turns":4},{"damage":6,"enemies":"Orb Walker","floor":39,"turns":6},{"damage":10,"enemies":"Jaw Worm Horde","floor":40,"turns":7},{"damage":8,"enemies":"Nemesis","floor":43,"turns":7},{"damage":0,"enemies":"Transient","floor":45,"turns":5},{"damage":6,"enemies":"Reptomancer","floor":48,"turns":5},{"damage":0,"enemies":"Spire Growth","floor":49,"turns":7},{"damage":10,"enemies":"downfall:Silent","floor":50,"turns":11}],"seed_played":"880260823294351169","potions_obtained":[{"floor":8.0,"key":"GamblersBrew"},{"floor":12.0,"key":"SpeedPotion"},{"floor":16.0,"key":"AttackPotion"},{"floor":22.0,"key":"CultistPotion"},{"floor":31.0,"key":"Guardian:AcceleratePotion"},{"floor":43,"key":"Explosive Potion"},{"floor":48,"key":"Regen Potion"},{"floor":49,"key":"LiquidMemories"}],"is_trial":false,"path_per_floor":["R","M","M","?","?","M","T","M","R","M","R","E","R","$","M","B",null,"R","M","?","M","M","M","T","?","?","R","$","M","M","E","M","B",null,"R","M","?","$","M","M","T","R","E","R","M","?","?","E","M","B",null],"character_chosen":"GUARDIAN","items_purchased":["Guardian:StasisEngine+1","Guardian:Gem_Green","expansioncontent:QuickStudy"],"campfire_rested":6,"item_purchase_floors":[14,28,28],"current_hp_per_floor":[88,88,88,68,68,59,59,52,52,40,40,29,55,51,48,29,88,88,86,86,84,78,71,71,71,71,88,88,87,79,76,70,70,88,88,81,81,81,75,65,65,98,90,98,98,98,98,92,92,82],"gold":287,"neow_bonus":"TEN_PERCENT_HP_BONUS","is_daily":false,"chose_seed":false,"campfire_upgraded":2,"win_rate":0.0,"timestamp":1608754859,"path_taken":["R","M","M","?","?","?","T","?","R","M","R","E","R","$","M","BOSS","R","M","?","M","M","M","T","?","?","R","$","M","M","E","M","BOSS","R","M","?","$","M","M","T","R","E","R","M","?","?","E","M","BOSS"],"items_purchased_type":["Card","Card","Card"],"build_version":"2020-12-22","purchased_purges":2,"victory":true,"max_hp_per_floor":[88,88,88,88,88,88,88,88,88,88,88,88,88,88,88,88,88,88,88,88,88,88,88,88,88,88,88,88,88,88,88,88,88,88,88,88,88,88,88,88,88,98,98,98,98,98,98,98,98,98],"card_choices":[{"not_picked":["Guardian:ShieldCharger","Guardian:TemporalStrike"],"picked":"Guardian:EvasiveProtocol","floor":2.0},{"not_picked":["Guardian:PrismaticBeam","Guardian:CrystalBeam"],"picked":"Guardian:ShieldCharger","floor":3.0},{"not_picked":["Guardian:PiercingHide","Guardian:TemporalShield"],"picked":"Guardian:DonusPower","floor":4.0},{"not_picked":["Guardian:PrimingBeam","Guardian:DonusPower"],"picked":"Guardian:Gem_White","floor":6.0},{"not_picked":["Guardian:Gem_Fragmented","Guardian:Gem_Cyan"],"picked":"Guardian:ChargeCore","floor":8.0},{"not_picked":["Guardian:Gem_Cyan","Guardian:CrystalBeam","Guardian:Gem_Fragmented"],"picked":"SKIP","floor":10.0},{"not_picked":["Guardian:BronzeArmor","Guardian:WalkerClaw"],"picked":"Guardian:Gem_Synthetic","floor":12.0},{"not_picked":["Guardian:Gem_Crimson","Guardian:Reroute"],"picked":"Guardian:PiercingHide","floor":14.0},{"not_picked":["Guardian:VentSteam","Guardian:WalkerClaw"],"picked":"Guardian:Gem_Red","floor":15.0},{"not_picked":["Guardian:RevengeProtocol+1","Guardian:StasisEngine+1"],"picked":"Guardian:Gem_Synthetic","floor":16.0},{"not_picked":["Guardian:Gem_Yellow","Guardian:Gem_Fragmented"],"picked":"Guardian:Gem_Cyan","floor":19.0},{"not_picked":["Guardian:Recover+1","Guardian:CrystalBeam"],"picked":"Guardian:DecasProtection","floor":21.0},{"not_picked":["Guardian:TemporalShield","Guardian:Gem_Lightblue"],"picked":"Guardian:ShieldCharger","floor":22.0},{"not_picked":["Guardian:Gem_Red","Guardian:Gem_Lightblue"],"picked":"Guardian:ShieldSpikes","floor":23.0},{"not_picked":["Guardian:TimeCapacitor+1","Guardian:TimeSifter+1"],"picked":"Guardian:EvasiveProtocol+1","floor":28.0},{"not_picked":["Guardian:Planning","Guardian:CrystalBeam+1","Guardian:ChargeCore"],"picked":"SKIP","floor":29.0},{"not_picked":["Guardian:Planning","Guardian:Harden"],"picked":"Guardian:GuardianWhirl+1","floor":30.0},{"not_picked":["Guardian:PiercingHide","Guardian:TemporalShield"],"picked":"Guardian:ShieldCharger","floor":31.0},{"not_picked":["Guardian:Orbwalk+1","Guardian:TemporalShield","Guardian:ChargeCore"],"picked":"SKIP","floor":32.0},{"not_picked":["Guardian:ExploitGems","Guardian:FierceBash"],"picked":"Guardian:AncientConstruct+1","floor":33.0},{"not_picked":["Guardian:WalkerClaw","Guardian:PrimingBeam+1"],"picked":"Guardian:Gem_Cyan","floor":36},{"not_picked":["Guardian:Gem_Lightblue","Guardian:Gem_White"],"picked":"Guardian:Gem_Red","floor":38},{"not_picked":["Guardian:VentSteam","Guardian:CrystalBeam+1"],"picked":"Guardian:Harden+1","floor":39},{"not_picked":["Guardian:PiercingHide","Guardian:Planning"],"picked":"Guardian:Gem_Cyan","floor":40},{"not_picked":["Guardian:HyperBeam_Guardian","Guardian:ShieldSpikes","Guardian:RollAttack"],"picked":"SKIP","floor":43},{"not_picked":["Guardian:CrystalBeam+1","Guardian:Reroute"],"picked":"Guardian:Gem_White","floor":45},{"not_picked":["Guardian:Orbwalk+1","Guardian:GuardianWhirl"],"picked":"Guardian:TimeBomb","floor":48},{"not_picked":["Guardian:PrismaticBeam","Guardian:Gem_Lightblue"],"picked":"Guardian:Recover+1","floor":49}],"player_experience":507274,"relics_obtained":[{"floor":4.0,"key":"Matryoshka"},{"floor":7.0,"key":"Oddly Smooth Stone"},{"floor":7.0,"key":"Frozen Egg 2"},{"floor":12.0,"key":"Guardian:StasisCodex"},{"floor":24.0,"key":"Guardian:DefensiveModeMoreBlock"},{"floor":24.0,"key":"Orichalcum"},{"floor":31.0,"key":"PreservedInsect"},{"floor":43,"key":"Incense Burner"},{"floor":48,"key":"Gremlin Horn"}],"event_choices":[{"damage_healed":0.0,"max_hp_gain":0.0,"max_hp_loss":0.0,"gold_gain":0.0,"event_name":"Ghosts","player_choice":"Ignored","floor":26.0,"gold_loss":0.0,"damage_taken":0.0}],"is_beta":false,"boss_relics":[{"not_picked":["Sozu","Runic Pyramid"],"picked":"Fusion Hammer"},{"not_picked":["Tiny House","Snecko Eye"],"picked":"SlaversCollar"}],"items_purged_floors":[14,28],"is_endless":false,"potions_floor_spawned":[8,12,16,22,29,31,32,43,48,49],"ascension_level":3}}