{"host":"e1ezmaebp4k769tb","time":1608720133,"event":{"mods":["2.2 Compatiblity","AchievementEnabler","AlwaysNeverKeys","BaseMod","CapriCore","Card Filter","Colored Powertips","Curses Come First","DeckTracker","Energized Spire","Friendly Minions","Highlight Path","Keyboard Shortcuts","Minty Spire (QoL Compilation)","Permanent Neow","Quick Restart","Red Circlet Mod","Relic Filter","Remilia£¨?Ú·×é?£©","Replay The Spire","Shop Mod","StSLib","WarShipGirlsR/??á´Ò³R mod"],"gold_per_floor":[112,124,139,14,24,24,24],"floor_reached":6,"playtime":393,"items_purged":["Strike_G"],"score":76,"play_id":"eb607532-10e9-4ba7-9147-46538dc15ce8","local_time":"20201223194213","is_ascension_mode":true,"campfire_choices":[],"circlet_count":0,"master_deck":["AscendersBane","Strike_G","Strike_G","Strike_G","Strike_G","Defend_G+1","Defend_G","Defend_G","Defend_G","Defend_G","Survivor","Neutralize","Hidden Blade","Slice","Dagger Spray","Dagger Throw","Dagger Spray"],"relics":["Ring of the Snake"],"acts_visited":["Exordium"],"potions_floor_usage":[3,6],"damage_taken":[{"damage":1,"enemies":"Cultist","floor":1,"turns":5},{"damage":3,"enemies":"2 Louse","floor":2,"turns":5},{"damage":1,"enemies":"Jaw Worm","floor":3,"turns":3},{"damage":13,"enemies":"Lots of Slimes","floor":5,"turns":4},{"damage":37,"enemies":"Replay:BlueRogue","floor":6,"turns":9}],"seed_played":"3294718212522460343","potions_obtained":[{"floor":1,"key":"Poison Potion"},{"floor":5,"key":"FearPotion"}],"is_trial":false,"path_per_floor":["M","M","M","$","M","E"],"character_chosen":"THE_SILENT","items_purchased":["Dagger Throw"],"campfire_rested":0,"item_purchase_floors":[4],"current_hp_per_floor":[58,55,54,54,41,4,4],"gold":24,"neow_bonus":"RANDOM_EVENT","is_daily":false,"chose_seed":false,"campfire_upgraded":0,"win_rate":0.0,"timestamp":1608720133,"path_taken":["M","M","M","$","?","E"],"items_purchased_type":["Card"],"build_version":"2020-12-22","purchased_purges":1,"victory":false,"max_hp_per_floor":[66,66,66,66,66,66,66],"card_choices":[{"not_picked":["Eviscerate","Predator"],"picked":"Hidden Blade","floor":1},{"not_picked":["Replay:Poison Smokescreen","Prepared"],"picked":"Slice","floor":2},{"not_picked":["Acrobatics","Outmaneuver"],"picked":"Dagger Spray","floor":3},{"not_picked":["Deadly Poison","Sucker Punch"],"picked":"Dagger Spray","floor":5}],"player_experience":193375,"relics_obtained":[],"event_choices":[],"is_beta":false,"boss_relics":[],"items_purged_floors":[4],"is_endless":false,"potions_floor_spawned":[1,5],"killed_by":"Replay:BlueRogue","ascension_level":20}}