{"host":"r6da5kb9dzaaglw2","time":1608740645,"event":{"mods":["AchievementEnabler","BaseMod","BetterRewards","Colored Map","Colored Powertips","GifTheSpireLib","Hubris","Infinite Spire","Minty Spire (QoL Compilation)","Replay The Spire","Shop Mod","StSLib"],"gold_per_floor":[116,116,127,127,178,178,205,205,231,231,242,242,268,268,268,298,298,393,393,406,406,423,438,454,487,487,487,487,487,517,531,531,546,546,649,649,667,667,667,677,677,677,688,715,715,746,766,780,814,826,826,826,826],"floor_reached":52,"playtime":4635,"items_purged":[],"score":799,"play_id":"fffb8de3-7ae9-4a03-99a5-6bf553bbde87","local_time":"20201223172405","is_ascension_mode":false,"campfire_choices":[{"data":"Envenom","floor":6,"key":"SMITH"},{"data":"Envenom","floor":8,"key":"SMITH"},{"data":"Backflip","floor":10,"key":"SMITH"},{"floor":17,"key":"DIG"},{"data":"hubris:InfiniteBlow","floor":27,"key":"SMITH"},{"floor":32,"key":"RECALL"},{"floor":34,"key":"REST"},{"data":"hubris:InfiniteBlow+2","floor":42,"key":"SMITH"},{"floor":51,"key":"DIG"}],"circlet_count":0,"master_deck":["Strike_G","Strike_G","Strike_G","Strike_G","Strike_G","Defend_G","Defend_G+1","Defend_G","Defend_G+1","Defend_G+1","Survivor","Neutralize","CurseOfTheBell","Backflip+1","Cloak And Dagger","Envenom+1","Envenom+1","Blur+1","Adrenaline","Storm of Steel","Metallicize","Body Slam","hubris:InfiniteBlow+3","Ghostly Armor","Footwork+1","Noxious Fumes","infinitespire:Menacing","Inflame","Catalyst","Adrenaline","Cloak And Dagger+1"],"relics":["Calling Bell","War Paint","hubris:BottledRain","Durian","infinitespire:Joker Card","infinitespire:Eraser","Tingsha","infinitespire:CheckeredPen","hubris:DisguiseKit","Pen Nib","hubris:TerracottaHorce","WarpedTongs","Ninja Scroll","MutagenicStrength","Gremlin Food","Blue Doll","Peace Pipe","Coffee Dripper","hubris:Towel","Spirit Poop","Lantern","PreservedInsect","Strawberry","Calipers","StoneCalendar"],"acts_visited":["Exordium","TheCity","TheBeyond"],"potions_floor_usage":[13,13,25,37,43,44,52,52,52],"damage_taken":[{"damage":0.0,"enemies":"2 Louse","floor":1.0,"turns":3.0},{"damage":2,"enemies":"Small Slimes","floor":3,"turns":5},{"damage":12,"enemies":"Lagavulin","floor":7,"turns":9},{"damage":3,"enemies":"Jaw Worm","floor":11,"turns":4},{"damage":0,"enemies":"Gremlin Nob","floor":13,"turns":4},{"damage":2,"enemies":"Lagavulin","floor":16,"turns":7},{"damage":43,"enemies":"Fading Forest","floor":18,"turns":11},{"damage":5,"enemies":"Chosen","floor":20,"turns":5},{"damage":1,"enemies":"Spheric Guardian","floor":22,"turns":5},{"damage":11,"enemies":"Shelled Parasite and Fungi","floor":23,"turns":7},{"damage":10,"enemies":"Snecko","floor":24,"turns":6},{"damage":2,"enemies":"Nightmare","floor":25,"turns":8},{"damage":5,"enemies":"Replay:Snechameleon","floor":30,"turns":5},{"damage":2,"enemies":"Centurion and Healer","floor":31,"turns":4},{"damage":0,"enemies":"Cultist and Chosen","floor":33,"turns":6},{"damage":0,"enemies":"Champ","floor":35,"turns":10},{"damage":25,"enemies":"3 Darklings","floor":37,"turns":6},{"damage":0,"enemies":"3 Shapes","floor":40,"turns":3},{"damage":0,"enemies":"Maw","floor":43,"turns":6},{"damage":15,"enemies":"Nemesis","floor":44,"turns":6},{"damage":0,"enemies":"Reptomancer","floor":46,"turns":3},{"damage":0,"enemies":"Transient","floor":47,"turns":5},{"damage":8,"enemies":"4 Shapes","floor":48,"turns":5},{"damage":0,"enemies":"R_Hoarder","floor":49,"turns":6},{"damage":0,"enemies":"Sphere and 2 Shapes","floor":50,"turns":3},{"damage":48,"enemies":"Time Eater","floor":52,"turns":5}],"seed_played":"-892990859537607447","potions_obtained":[{"floor":7,"key":"Energy Potion"},{"floor":11,"key":"GamblersBrew"},{"floor":18,"key":"FearPotion"},{"floor":20,"key":"LiquidBronze"},{"floor":22,"key":"Swift Potion"},{"floor":31,"key":"SteroidPotion"},{"floor":40,"key":"CunningPotion"},{"floor":43,"key":"Strength Potion"},{"floor":47,"key":"CunningPotion"},{"floor":49,"key":"LiquidMemories"},{"floor":50,"key":"Adrenaline Potion"}],"is_trial":false,"path_per_floor":["M","?","M","?","?","R","E","R","T","R","M","?","E","PTL","PTL","E","R_BF","B",null,"M","?","M","M","M","NM","?","R","T","?","E","M","R","M","R_BF","B",null,"M","?","?","M","AVR","R","M","E","T","E","M","M","E","M","R_BF","B"],"character_chosen":"THE_SILENT","items_purchased":[],"campfire_rested":1,"item_purchase_floors":[],"current_hp_per_floor":[75,75,73,73,73,73,61,61,61,61,58,58,58,58,58,56,56,25,63,58,58,57,46,36,34,34,34,34,34,29,27,27,27,49,49,69,44,44,44,44,44,44,44,29,29,36,36,28,28,28,28,0,0],"gold":826,"neow_bonus":"BOSS_RELIC","is_daily":false,"chose_seed":false,"campfire_upgraded":5,"win_rate":0.0,"timestamp":1608740645,"path_taken":["M","?","M","?","?","R","E","R","T","R","?","?","E","PTL","PTL","E","R_BF","BOSS","M","?","M","M","?","NM","?","R","T","?","E","?","R","M","R_BF","BOSS","M","?","?","M","AVR","R","M","E","T","E","M","M","E","M","R_BF","BOSS"],"items_purchased_type":[],"build_version":"2020-12-22","purchased_purges":0,"victory":false,"max_hp_per_floor":[75,75,75,75,75,75,75,75,75,75,75,75,75,75,75,75,75,75,75,75,75,75,75,75,75,75,75,75,75,75,75,75,75,75,75,75,75,75,75,75,75,75,75,75,75,82,82,82,82,82,82,82,82],"card_choices":[{"not_picked":["Dagger Throw","Prepared"],"picked":"Backflip","floor":1.0},{"not_picked":["Acrobatics","Riddle With Holes"],"picked":"Cloak And Dagger","floor":3},{"not_picked":["Bane","PiercingWail"],"picked":"Envenom","floor":5},{"not_picked":["Dodge and Roll","Acrobatics"],"picked":"Envenom","floor":7},{"not_picked":["Setup","Slice"],"picked":"Blur","floor":11},{"not_picked":["Sucker Punch","Choke","ReplayTheSpireMod:Shiv Toss"],"picked":"SKIP","floor":13},{"not_picked":["Fluid Movement","Deadly Poison"],"picked":"Adrenaline","floor":16},{"not_picked":["Phantasmal Killer","Night Terror","Barricade"],"picked":"Storm of Steel","floor":18},{"not_picked":["PiercingWail","Deflect+1","Slice+1"],"picked":"Metallicize","floor":20},{"not_picked":["Hidden Blade+1","Setup+1","Quick Slash+1"],"picked":"Body Slam","floor":22},{"not_picked":["Flying Knee","Poison Darts","Endless Agony","Sword Boomerang"],"picked":"SKIP","floor":23},{"not_picked":["Deadly Poison+1","PiercingWail+1","Deflect","Thunderclap"],"picked":"SKIP","floor":24},{"not_picked":["infinitespire:SevenWalls","infinitespire:FutureSight"],"picked":"hubris:InfiniteBlow","floor":25},{"not_picked":["Blur","Dagger Throw","Sneak Up"],"picked":"Ghostly Armor","floor":25},{"not_picked":["Terror","A Thousand Cuts","Bouncing Flask","Run Through"],"picked":"SKIP","floor":30},{"not_picked":["Prepared","Skewer","Havoc"],"picked":"Footwork+1","floor":31},{"not_picked":["Tactician","Hidden Blade","Prepared+1","Dual Wield"],"picked":"SKIP","floor":33},{"not_picked":["Dagger Throw+1","Setup","Outmaneuver+1","Combust"],"picked":"SKIP","floor":37},{"not_picked":["Envenom","Sucker Punch","Entrench"],"picked":"Noxious Fumes","floor":40},{"not_picked":["Bane+1","Sucker Punch","Slice","Intimidate"],"picked":"SKIP","floor":43},{"not_picked":["Masterful Stab+1","Flying Knee+1","Hidden Blade+1"],"picked":"Inflame","floor":44},{"not_picked":["hubris:SlightOfHand+1","Well Laid Plans","Grand Finale","hubris:CleavingFinish"],"picked":"SKIP","floor":46},{"not_picked":["Calculated Gamble","Expertise+1","Searing Blow"],"picked":"Catalyst","floor":47},{"not_picked":["Quick Slash","Dagger Throw+1","hubris:SlightOfHand","Spot Weakness"],"picked":"SKIP","floor":48},{"not_picked":["Bouncing Flask+1","Backflip+1","Bludgeon"],"picked":"Adrenaline","floor":49},{"not_picked":["Accuracy","Blade Dance+1","Wild Strike"],"picked":"Cloak And Dagger+1","floor":50}],"player_experience":394271,"relics_obtained":[{"floor":0.0,"key":"War Paint"},{"floor":0.0,"key":"hubris:BottledRain"},{"floor":0.0,"key":"Durian"},{"floor":4,"key":"infinitespire:Joker Card"},{"floor":5,"key":"infinitespire:Eraser"},{"floor":7,"key":"Tingsha"},{"floor":13,"key":"infinitespire:CheckeredPen"},{"floor":16,"key":"hubris:DisguiseKit"},{"floor":17,"key":"Pen Nib"},{"floor":25,"key":"Ninja Scroll"},{"floor":28,"key":"Gremlin Food"},{"floor":30,"key":"Peace Pipe"},{"floor":44,"key":"Lantern"},{"floor":45,"key":"PreservedInsect"},{"floor":46,"key":"Strawberry"},{"floor":49,"key":"Calipers"},{"floor":51,"key":"StoneCalendar"}],"event_choices":[{"damage_healed":0,"gold_gain":0,"player_choice":"Upgraded","damage_taken":0,"max_hp_gain":0,"max_hp_loss":0,"event_name":"Upgrade Shrine","floor":12,"gold_loss":0,"cards_upgraded":["Blur"]},{"damage_healed":0,"gold_gain":0,"player_choice":"Rummage","damage_taken":0,"relics_obtained":["WarpedTongs"],"max_hp_gain":0,"max_hp_loss":0,"event_name":"Accursed Blacksmith","floor":21,"gold_loss":0,"cards_obtained":["Pain"]},{"damage_healed":0,"gold_gain":0,"player_choice":"Inject Mutagens","damage_taken":0,"relics_obtained":["MutagenicStrength"],"max_hp_gain":0,"max_hp_loss":0,"event_name":"Drug Dealer","floor":26,"gold_loss":0},{"damage_healed":0,"gold_gain":0,"player_choice":"Gave Potion","damage_taken":0,"relics_obtained":["Blue Doll"],"max_hp_gain":0,"max_hp_loss":0,"event_name":"WeMeetAgain","floor":29,"gold_loss":0},{"cards_removed":["Pain"],"damage_healed":0,"gold_gain":0,"player_choice":"Offered Curse","damage_taken":0,"relics_obtained":["Spirit Poop"],"max_hp_gain":0,"max_hp_loss":0,"event_name":"Bonfire Elementals","floor":39,"gold_loss":0}],"is_beta":false,"boss_relics":[{"not_picked":["Honey Jar","Philosopher\u0027s Stone"],"picked":"hubris:TerracottaHorce"},{"not_picked":["hubris:RunicObelisk","Runic Pyramid"],"picked":"Coffee Dripper"}],"items_purged_floors":[],"is_endless":true,"potions_floor_spawned":[7,11,18,20,22,31,40,43,47,49,50],"killed_by":"Time Eater","ascension_level":0}}