{"host":"Melcetto","time":1608758570,"event":{"mods":["AlwaysNeverKeys","BaseMod","Better Vampires","Colored Map","Colored Powertips","DeckTracker","Emptier Cage","Minty Spire (QoL Compilation)","Permanent Neow","Quick Restart","Random Character Button","Rare Cards Sparkle","Relic Sorter","Relic Stats","StSLib","Transform Curses"],"gold_per_floor":[13,30,30,54,54,87,87,130,182,202,236,254,269,294,294,396,396,421,448,448,448],"floor_reached":20,"playtime":1712,"items_purged":[],"score":438,"play_id":"87a1fcdb-b398-46cf-b3e4-4393d6969ce5","local_time":"20201223162250","is_ascension_mode":true,"campfire_choices":[{"data":"Shrug It Off","floor":7,"key":"SMITH"},{"data":"Demon Form","floor":15,"key":"SMITH"}],"circlet_count":0,"master_deck":["AscendersBane","Strike_R","Strike_R","Strike_R","Defend_R","Defend_R","Defend_R","Defend_R","Bash","Inflame","Perfected Strike","Shrug It Off+1","Demon Form+1","Twin Strike","Armaments+1","True Grit+1","Impervious+1","Ghostly+1","Ghostly+1","Ghostly+1"],"relics":["Burning Blood","Golden Idol","Toxic Egg 2","PreservedInsect","Dream Catcher","CeramicFish","Potion Belt","Philosopher\u0027s Stone"],"acts_visited":["Exordium","TheCity"],"potions_floor_usage":[11,18,20],"damage_taken":[{"damage":7,"enemies":"Cultist","floor":1,"turns":4},{"damage":4,"enemies":"Small Slimes","floor":2,"turns":5},{"damage":2,"enemies":"Jaw Worm","floor":4,"turns":4},{"damage":24,"enemies":"3 Sentries","floor":6,"turns":10},{"damage":0,"enemies":"Lagavulin","floor":8,"turns":7},{"damage":10,"enemies":"Blue Slaver","floor":10,"turns":3},{"damage":2,"enemies":"Gremlin Nob","floor":11,"turns":4},{"damage":4,"enemies":"Large Slime","floor":12,"turns":7},{"damage":4,"enemies":"Looter","floor":13,"turns":4},{"damage":38,"enemies":"Slime Boss","floor":16,"turns":9},{"damage":15,"enemies":"Shell Parasite","floor":18,"turns":6},{"damage":43,"enemies":"Masked Bandits","floor":20,"turns":3}],"seed_played":"1515170499250083816","potions_obtained":[{"floor":4,"key":"SmokeBomb"},{"floor":8,"key":"SkillPotion"},{"floor":10,"key":"Weak Potion"},{"floor":16,"key":"Fire Potion"}],"is_trial":false,"path_per_floor":["M","M","?","M","?","E","R","E","T","M","E","M","M","T","R","B",null,"M","?","?"],"character_chosen":"IRONCLAD","items_purchased":[],"campfire_rested":0,"item_purchase_floors":[],"current_hp_per_floor":[67,69,68,68,73,55,55,61,61,57,61,63,65,65,65,33,63,54,36,0,0],"gold":448,"neow_bonus":"TRANSFORM_TWO_CARDS","is_daily":false,"chose_seed":false,"campfire_upgraded":2,"win_rate":0.0,"timestamp":1608758570,"path_taken":["M","M","?","M","?","E","R","E","T","M","E","M","M","?","R","BOSS","M","?","?"],"items_purchased_type":[],"build_version":"2020-12-18","purchased_purges":0,"victory":false,"max_hp_per_floor":[75,75,68,68,73,73,73,73,73,73,73,73,73,73,73,73,73,73,36,36,36],"relic_stats":{"Dream Catcher":0,"counters":[12,66],"Golden Idol":72,"CeramicFish":36,"PreservedInsect":22,"obtain_stats":[{"Potion Belt":14,"Dream Catcher":9,"Golden Idol":3,"CeramicFish":11,"Philosopher\u0027s Stone":17,"PreservedInsect":8,"Toxic Egg 2":6,"Burning Blood":0},{"Potion Belt":9,"Dream Catcher":5,"Golden Idol":2,"CeramicFish":7,"Philosopher\u0027s Stone":10,"PreservedInsect":5,"Toxic Egg 2":4,"Burning Blood":0},{"Potion Belt":48,"Dream Catcher":30,"Golden Idol":9,"CeramicFish":37,"Philosopher\u0027s Stone":57,"PreservedInsect":30,"Toxic Egg 2":23,"Burning Blood":0}],"Burning Blood":62},"card_choices":[{"not_picked":["Clothesline","Warcry"],"picked":"Shrug It Off","floor":1},{"not_picked":["Iron Wave","Warcry"],"picked":"Demon Form","floor":2},{"not_picked":["Shrug It Off","Warcry"],"picked":"Twin Strike","floor":4},{"not_picked":["Twin Strike","Pommel Strike","Sever Soul"],"picked":"SKIP","floor":6},{"not_picked":["Juggernaut","Headbutt"],"picked":"Armaments+1","floor":8},{"not_picked":["Infernal Blade+1","Bloodletting+1"],"picked":"True Grit+1","floor":10},{"not_picked":["Sever Soul","Body Slam","Flex+1"],"picked":"SKIP","floor":11},{"not_picked":["Armaments+1","Heavy Blade","Ghostly Armor+1"],"picked":"SKIP","floor":12},{"not_picked":["Flex+1","Anger","Blood for Blood"],"picked":"SKIP","floor":13},{"not_picked":["Immolate","Fiend Fire"],"picked":"Impervious+1","floor":16},{"not_picked":["Spot Weakness+1","Infernal Blade+1","Anger"],"picked":"SKIP","floor":18}],"player_experience":18752865,"relics_obtained":[{"floor":6,"key":"Toxic Egg 2"},{"floor":8,"key":"PreservedInsect"},{"floor":9,"key":"Dream Catcher"},{"floor":11,"key":"CeramicFish"},{"floor":14,"key":"Potion Belt"}],"event_choices":[{"damage_healed":0,"gold_gain":0,"player_choice":"Lose Max HP","damage_taken":0,"relics_obtained":["Golden Idol"],"max_hp_gain":0,"max_hp_loss":7,"event_name":"Golden Idol","floor":3,"gold_loss":0},{"damage_healed":0,"gold_gain":0,"player_choice":"Donut","damage_taken":0,"max_hp_gain":5,"max_hp_loss":0,"event_name":"Big Fish","floor":5,"gold_loss":0},{"damage_healed":0,"gold_gain":0,"player_choice":"Became a Ghost","damage_taken":0,"max_hp_gain":0,"max_hp_loss":37,"event_name":"Ghosts","floor":19,"gold_loss":0,"cards_obtained":["Ghostly","Ghostly","Ghostly"]},{"damage_healed":0,"gold_gain":0,"player_choice":"Fought Bandits","damage_taken":0,"max_hp_gain":0,"max_hp_loss":0,"event_name":"Masked Bandits","floor":20,"gold_loss":0}],"is_beta":true,"boss_relics":[{"not_picked":["Pandora\u0027s Box","Sozu"],"picked":"Philosopher\u0027s Stone"}],"items_purged_floors":[],"is_endless":false,"potions_floor_spawned":[4,8,10,16],"killed_by":"Masked Bandits","ascension_level":20}}