{"host":"uflv0e3ja7hvnij7","time":1608685467,"event":{"mods":["BaseMod","Conspire","Hubris","Minty Spire (QoL Compilation)","Replay The Spire","StSLib","The Bug Knight"],"gold_per_floor":[110,110,35,55,67,67,67,67,93,106,106,138,138,238,238,341,341,351,351,326,80,97,125,125,200,200,46,46,46],"floor_reached":28,"playtime":1300,"items_purged":["Pain"],"score":294,"play_id":"e68aef69-49a0-4fcc-8ed3-21969022aeb4","local_time":"20201222200427","is_ascension_mode":true,"campfire_choices":[{"data":"Flame Barrier","floor":6,"key":"SMITH"},{"data":"Inflame","floor":8,"key":"SMITH"},{"data":"Heavy Blade","floor":11,"key":"SMITH"},{"data":"Bash","floor":15,"key":"SMITH"},{"data":"Shrug It Off","floor":24,"key":"SMITH"}],"circlet_count":0,"master_deck":["Strike_R","Strike_R","Strike_R","Strike_R","Strike_R","Defend_R","Defend_R","Defend_R","Defend_R","Bash+1","Flame Barrier+1","Ghostly Armor","Inflame+1","Heavy Blade+1","Feed","Shrug It Off+1","Spot Weakness","Pommel Strike","Shockwave+1","Demon Form"],"relics":["Burning Blood","WarpedTongs","hubris:DeckOfHolding","Kunai","Coffee Dripper","Shuriken","Boot","hubris:Reverence"],"acts_visited":["Exordium","TheCity"],"potions_floor_usage":[10,12,23],"damage_taken":[{"damage":6,"enemies":"Cultist","floor":1,"turns":3},{"damage":0,"enemies":"2 Louse","floor":4,"turns":4},{"damage":7,"enemies":"Small Slimes","floor":5,"turns":4},{"damage":19,"enemies":"Exordium Thugs","floor":10,"turns":4},{"damage":14,"enemies":"Gremlin Nob","floor":12,"turns":4},{"damage":35,"enemies":"Slime Boss","floor":16,"turns":7},{"damage":22,"enemies":"Spheric Guardian","floor":18,"turns":4},{"damage":22,"enemies":"2 Thieves","floor":20,"turns":5},{"damage":8,"enemies":"Centurion and Healer","floor":22,"turns":6},{"damage":40,"enemies":"Slavers","floor":23,"turns":6},{"damage":21,"enemies":"Book of Stabbing","floor":28,"turns":5}],"seed_played":"2344852706575233268","potions_obtained":[{"floor":5,"key":"AttackPotion"},{"floor":10,"key":"Energy Potion"},{"floor":12,"key":"Venom Potion"},{"floor":22,"key":"LiquidMemories"}],"is_trial":false,"path_per_floor":["M","?","$","M","M","R","$","R","T","M","R","E","T","?","R","B",null,"M","?","M","$","M","E","R","?","T","$","E"],"character_chosen":"IRONCLAD","items_purchased":["Shuriken","Demon Form"],"campfire_rested":0,"item_purchase_floors":[21,27],"current_hp_per_floor":[88,88,88,88,87,87,87,87,87,74,74,66,66,66,66,37,88,76,76,60,60,58,28,28,19,19,19,0,0],"gold":46,"neow_bonus":"TEN_PERCENT_HP_BONUS","is_daily":false,"chose_seed":false,"campfire_upgraded":5,"win_rate":0.0,"timestamp":1608685467,"path_taken":["M","?","$","M","M","R","$","R","T","?","R","E","?","?","R","BOSS","M","?","M","$","M","E","R","?","T","$","E"],"items_purchased_type":["Relic","Card"],"build_version":"2020-12-13","purchased_purges":1,"victory":false,"max_hp_per_floor":[88,88,88,88,88,88,88,88,88,88,88,88,88,88,88,88,88,92,92,92,92,92,96,96,96,96,96,96,96],"card_choices":[{"not_picked":["Iron Wave","Reckless Charge"],"picked":"Flame Barrier","floor":1},{"not_picked":["conspire:Charge","conspire:ExplosiveBarrier"],"picked":"Ghostly Armor","floor":4},{"not_picked":["Headbutt","Pommel Strike"],"picked":"Inflame","floor":5},{"not_picked":["Run Through","Clash"],"picked":"Heavy Blade","floor":10},{"not_picked":["Rage","Exhume","Cleave"],"picked":"SKIP","floor":12},{"not_picked":["Fiend Fire","Reaper"],"picked":"Feed","floor":16},{"not_picked":["Twin Strike","Replay:Undeath\u0027s Touch+1"],"picked":"Shrug It Off","floor":18},{"not_picked":["True Grit","hubris:ReadiedAction"],"picked":"Spot Weakness","floor":20},{"not_picked":["Sword Boomerang","hubris:ReadiedAction"],"picked":"Pommel Strike","floor":22},{"not_picked":["Sword Boomerang","Corruption"],"picked":"Shockwave+1","floor":23}],"player_experience":283144,"relics_obtained":[{"floor":12,"key":"hubris:DeckOfHolding"},{"floor":13,"key":"Kunai"},{"floor":23,"key":"Boot"},{"floor":26,"key":"hubris:Reverence"}],"event_choices":[{"damage_healed":0,"gold_gain":0,"player_choice":"Rummage","damage_taken":0,"relics_obtained":["WarpedTongs"],"max_hp_gain":0,"max_hp_loss":0,"event_name":"Accursed Blacksmith","floor":2,"gold_loss":0,"cards_obtained":["Pain"]},{"damage_healed":0,"gold_gain":100,"player_choice":"Pray","damage_taken":0,"max_hp_gain":0,"max_hp_loss":0,"event_name":"Golden Shrine","floor":14,"gold_loss":0},{"damage_healed":0,"gold_gain":75,"player_choice":"Touch","damage_taken":9,"max_hp_gain":0,"max_hp_loss":0,"event_name":"FaceTrader","floor":25,"gold_loss":0}],"is_beta":false,"boss_relics":[{"not_picked":["hubris:ScarierMask","ReplayTheSpireMod:DimensionalGlitch"],"picked":"Coffee Dripper"}],"items_purged_floors":[3],"is_endless":false,"potions_floor_spawned":[5,10,12,22],"killed_by":"Book of Stabbing","ascension_level":3}}