{"host":"cojowzl7ldeir62o","time":1608695586,"event":{"mods":["BaseMod","Downfall","Lobotomy","LobotomyExtend","Marisa（F雨　魔理沙）","Minty Spire (QoL Compilation)","Quick Restart","Reimu（博丽灵梦）","Remilia（蕾米莉亚）","StSLib"],"gold_per_floor":[113,113,125,46,46,71,71,62,62,82,82,76,26,56,56,131,131,126,126,2,2,101,101,106,106,156,12,12,24,24,43,43,141,191,204,204,224,53,53,53,153,178,178,203,216,196,546,546,546,546,546],"floor_reached":52,"playtime":2603,"items_purged":["Poor:ReiMu","Writhe"],"score":797,"play_id":"ac153be9-90ea-414a-9f1a-9e1daf6d4829","local_time":"20201223115306","is_ascension_mode":false,"campfire_choices":[{"data":"MikOfLucky:ReiMu","floor":7.0,"key":"SMITH"},{"data":"Gathering:ReiMu","floor":11.0,"key":"SMITH"},{"data":"NB:ReiMu","floor":15.0,"key":"SMITH"},{"data":"InherentArray:ReiMu","floor":23.0,"key":"SMITH"},{"data":"AlertArray:ReiMu","floor":25.0,"key":"SMITH"},{"data":"YinYangSange:ReiMu","floor":30.0,"key":"SMITH"},{"data":"Crusade:ReiMu","floor":32.0,"key":"SMITH"},{"data":"Mountainwind:ReiMu","floor":40.0,"key":"SMITH"},{"data":"AlertArray:ReiMu","floor":49.0,"key":"SMITH"}],"circlet_count":0,"master_deck":["Strike_Lin:ReiMu","Strike_Lin:ReiMu+1","Strike_Lin:ReiMu","Strike_Lin:ReiMu","Defend_Lin:ReiMu","Defend_Lin:ReiMu","Defend_Lin:ReiMu","Defend_Lin:ReiMu","NB:ReiMu+1","Stagnation:ReiMu","Gathering:ReiMu+1","MikOfLucky:ReiMu+1","Conquer:ReiMu","SpreadBorder2:ReiMu","Crusade:ReiMu+1","Amulet:ReiMu","RainPray2:ReiMu","AlertArray:ReiMu+1","Mountainwind:ReiMu+1","DependentForm:ReiMu+1","InherentArray:ReiMu+1","AirStrike:ReiMu","SpreadBorder2:ReiMu","YinYangSange:ReiMu+1","AlertArray:ReiMu+1","Dreaming:ReiMu","Revelation:ReiMu+1","FantasyMoon:ReiMu","Mountainwind:ReiMu","AlertArray:ReiMu+1","SpreadBorder2:ReiMu+1"],"relics":["FlyPower:ReiMu","NeowsBlessing","LetterFromLob","YidongShenshe:ReiMu","Eternal Feather","Juzu Bracelet","Busted Crown","Blood Vial","Lantern","Boot","Tiny House","Regal Pillow","White Beast Statue","Toy Ornithopter","Old Coin"],"acts_visited":["TheCity","TheBeyond"],"potions_floor_usage":[50],"damage_taken":[{"damage":0.0,"enemies":"2 Louse","floor":1.0,"turns":1.0},{"damage":0.0,"enemies":"Small Slimes","floor":3.0,"turns":1.0},{"damage":0.0,"enemies":"3 Sentries","floor":6.0,"turns":1.0},{"damage":0.0,"enemies":"Jaw Worm","floor":8.0,"turns":3.0},{"damage":6.0,"enemies":"Exordium Thugs","floor":10.0,"turns":3.0},{"damage":0.0,"enemies":"Large Slime","floor":12.0,"turns":7.0},{"damage":0.0,"enemies":"Looter","floor":13.0,"turns":4.0},{"damage":52.0,"enemies":"Hexaghost","floor":16.0,"turns":15.0},{"damage":8.0,"enemies":"Chosen","floor":18.0,"turns":14.0},{"damage":10.0,"enemies":"Gremlin Leader","floor":24.0,"turns":14.0},{"damage":7.0,"enemies":"Spheric Guardian","floor":29.0,"turns":6.0},{"damage":26.0,"enemies":"3 Cultists","floor":31.0,"turns":5.0},{"damage":41.0,"enemies":"Champ","floor":33.0,"turns":11.0},{"damage":47.0,"enemies":"3 Shapes","floor":35.0,"turns":7.0},{"damage":38.0,"enemies":"Orb Walker","floor":37.0,"turns":6.0},{"damage":0.0,"enemies":"Giant Head","floor":42.0,"turns":8.0},{"damage":48.0,"enemies":"Reptomancer","floor":44.0,"turns":9.0},{"damage":0.0,"enemies":"Jaw Worm Horde","floor":45.0,"turns":4.0},{"damage":5.0,"enemies":"Mind Bloom Boss Battle","floor":47.0,"turns":9.0},{"damage":24,"enemies":"Time Eater","floor":50,"turns":13}],"seed_played":"8972257111790292570","potions_obtained":[{"floor":1.0,"key":"DuplicationPotion"},{"floor":6.0,"key":"PowerPotion"},{"floor":10.0,"key":"LiquidBronze"},{"floor":44.0,"key":"Block Potion"},{"floor":45.0,"key":"SneckoOil"},{"floor":46.0,"key":"LiquidMemories"},{"floor":48.0,"key":"hexamod:EctoCoolerPotion"},{"floor":48.0,"key":"PinkPotion:ReiMu"}],"is_trial":false,"path_per_floor":["M","?","M","$","?","E","R","M","T","M","R","M","M","?","R","B",null,"M","?","$","?","?","R","E","R","T","$","M","M","R","M","R","B",null,"M","?","M","$","?","R","?","E","T","E","M","?","?","?","R","B",null,null],"character_chosen":"REIMU","items_purchased":["Conquer:ReiMu","SpreadBorder2:ReiMu","InherentArray:ReiMu","AirStrike:ReiMu","YinYangSange:ReiMu","FantasyMoon:ReiMu"],"campfire_rested":0,"item_purchase_floors":[4,4,20,20,27,38],"current_hp_per_floor":[65,65,65,65,65,65,65,65,65,59,65,65,65,65,65,13,65,57,57,57,57,57,65,55,65,65,65,65,58,65,39,54,15,70,23,70,32,32,32,47,47,49,49,3,15,15,12,12,30,13,13],"gold":546,"neow_bonus":"THREE_ENEMY_KILL","is_daily":false,"chose_seed":false,"campfire_upgraded":9,"win_rate":0.0,"timestamp":1608695586,"path_taken":["M","?","M","$","?","E","R","M","T","M","R","M","M","?","R","BOSS","M","?","?","?","?","R","E","R","T","$","M","M","R","M","R","BOSS","M","?","M","$","?","R","?","E","T","E","M","?","?","?","R","BOSS"],"items_purchased_type":["Card","Card","Card","Card","Card","Card"],"build_version":"2020-12-13","purchased_purges":2,"victory":true,"max_hp_per_floor":[65,65,65,65,65,65,65,65,65,65,65,65,65,65,65,65,65,65,65,65,65,65,65,65,65,65,65,65,65,65,65,65,65,70,70,70,70,70,66,66,66,66,66,66,66,66,66,66,66,66,66],"card_choices":[{"not_picked":["WonderfulDomain:ReiMu","PassingAway:ReiMu"],"picked":"Gathering:ReiMu","floor":1.0},{"not_picked":["Conquer:ReiMu","EmergencyTakeOff:ReiMu"],"picked":"MikOfLucky:ReiMu","floor":3.0},{"not_picked":["FantasyBorder:ReiMu","MikOfLucky:ReiMu"],"picked":"Crusade:ReiMu","floor":6.0},{"not_picked":["YinYangSign:ReiMu","MikOfLucky:ReiMu"],"picked":"Amulet:ReiMu","floor":8.0},{"not_picked":["Shading:ReiMu","OrbThrow:ReiMu"],"picked":"RainPray2:ReiMu","floor":10.0},{"not_picked":["Enchanting:ReiMu","Crusade:ReiMu"],"picked":"AlertArray:ReiMu","floor":12.0},{"not_picked":["YinYangSign:ReiMu","FantasyBorder:ReiMu"],"picked":"Mountainwind:ReiMu","floor":13.0},{"not_picked":["BlastKick2:ReiMu","YinYang:ReiMu"],"picked":"DependentForm:ReiMu","floor":16.0},{"not_picked":["Mountainwind:ReiMu"],"picked":"SKIP","floor":18.0},{"not_picked":[],"picked":"SpreadBorder2:ReiMu","floor":24.0},{"not_picked":["Intuition:ReiMu"],"picked":"SKIP","floor":29.0},{"not_picked":[],"picked":"AlertArray:ReiMu+1","floor":31.0},{"not_picked":[],"picked":"Dreaming:ReiMu","floor":33.0},{"not_picked":[],"picked":"Revelation:ReiMu+1","floor":35.0},{"not_picked":["InherentArray:ReiMu+1"],"picked":"SKIP","floor":37.0},{"not_picked":[],"picked":"Mountainwind:ReiMu","floor":42.0},{"not_picked":["CeremonyResonance:ReiMu"],"picked":"SKIP","floor":44.0},{"not_picked":[],"picked":"AlertArray:ReiMu","floor":45.0},{"not_picked":[],"picked":"SpreadBorder2:ReiMu+1","floor":47.0}],"player_experience":192859,"relics_obtained":[{"floor":1.0,"key":"LetterFromLob"},{"floor":6.0,"key":"Eternal Feather"},{"floor":9.0,"key":"Juzu Bracelet"},{"floor":24.0,"key":"Lantern"},{"floor":26.0,"key":"Boot"},{"floor":42.0,"key":"Regal Pillow"},{"floor":43.0,"key":"White Beast Statue"},{"floor":44.0,"key":"Toy Ornithopter"},{"floor":47.0,"key":"Old Coin"}],"event_choices":[{"damage_healed":0.0,"max_hp_gain":0.0,"max_hp_loss":0.0,"gold_gain":0.0,"event_name":"yidonshenshe","player_choice":"带走神社","floor":2.0,"gold_loss":0.0,"damage_taken":0.0,"relics_obtained":["YidongShenshe:ReiMu"],"cards_obtained":["Poor:ReiMu"]},{"damage_healed":0.0,"max_hp_gain":0.0,"max_hp_loss":0.0,"gold_gain":0.0,"event_name":"The Cleric","player_choice":"Leave","floor":5.0,"gold_loss":0.0,"damage_taken":0.0},{"damage_healed":0.0,"max_hp_gain":0.0,"max_hp_loss":0.0,"gold_gain":30.0,"event_name":"Dead Adventurer","player_choice":"Searched \u00272\u0027 times","floor":14.0,"gold_loss":0.0,"damage_taken":0.0},{"damage_healed":0.0,"max_hp_gain":0.0,"max_hp_loss":0.0,"gold_gain":0.0,"event_name":"Accursed Blacksmith","player_choice":"Forge","floor":19.0,"gold_loss":0.0,"damage_taken":0.0,"cards_upgraded":["DependentForm:ReiMu"]},{"damage_healed":0.0,"max_hp_gain":0.0,"max_hp_loss":0.0,"gold_gain":0.0,"event_name":"The Mausoleum","player_choice":"Opened","floor":21.0,"gold_loss":0.0,"damage_taken":0.0,"relics_obtained":["Blood Vial"],"cards_obtained":["Writhe"]},{"damage_healed":0.0,"max_hp_gain":0.0,"max_hp_loss":0.0,"gold_gain":99.0,"event_name":"Nest","player_choice":"Stole From Cult","floor":22.0,"gold_loss":0.0,"damage_taken":0.0},{"damage_healed":0.0,"max_hp_gain":0.0,"max_hp_loss":4.0,"gold_gain":0.0,"event_name":"Winding Halls","player_choice":"Max HP","floor":39.0,"gold_loss":0.0,"damage_taken":0.0},{"damage_healed":0.0,"max_hp_gain":0.0,"max_hp_loss":0.0,"gold_gain":100.0,"event_name":"Golden Shrine","player_choice":"Pray","floor":41.0,"gold_loss":0.0,"damage_taken":0.0},{"damage_healed":0.0,"max_hp_gain":0.0,"max_hp_loss":0.0,"gold_gain":0.0,"event_name":"The Woman in Blue","player_choice":"Bought 1 Potion","floor":46.0,"gold_loss":0.0,"damage_taken":0.0},{"damage_healed":0.0,"max_hp_gain":0.0,"max_hp_loss":0.0,"gold_gain":0.0,"event_name":"MindBloom","player_choice":"Fight","floor":47.0,"gold_loss":0.0,"damage_taken":0.0},{"damage_healed":0.0,"max_hp_gain":0.0,"max_hp_loss":0.0,"gold_gain":0.0,"event_name":"Lab","player_choice":"Got Potions","floor":48.0,"gold_loss":0.0,"damage_taken":0.0}],"is_beta":false,"boss_relics":[{"not_picked":["Velvet Choker","Coffee Dripper"],"picked":"Busted Crown"},{"not_picked":["Calling Bell","Sozu"],"picked":"Tiny House"}],"items_purged_floors":[27,38],"is_endless":false,"potions_floor_spawned":[1,6,10,29,31,35,42,44,45,47],"ascension_level":0}}