{"host":"kiauivt48syq9iz6","time":1608708837,"event":{"mods":["BaseMod","Conspire","Downfall","Hermit","Minty Spire (QoL Compilation)","Replay The Spire","SIMod","StSLib","The Animator","The Construct","The Cursed","The Runesmith","The Servant 0.9.4"],"gold_per_floor":[111,111,131,142,154,154,171,40,110,127,127,191,13,63,63,166,166,191,248,248],"floor_reached":19,"playtime":789,"items_purged":[],"score":161,"play_id":"50b61f6a-9059-4e6d-83f9-bb797298a8b0","local_time":"20201223003357","is_ascension_mode":false,"campfire_choices":[{"data":"hermit:Glare","floor":6,"key":"SMITH"},{"floor":11,"key":"REST"}],"circlet_count":0,"master_deck":["hermit:Strike_Hermit","hermit:Strike_Hermit","hermit:Strike_Hermit","hermit:Strike_Hermit","hermit:Defend_Hermit","hermit:Defend_Hermit","hermit:Defend_Hermit","hermit:Defend_Hermit","hermit:Snapshot+1","hermit:Covet","hermit:Showdown","hermit:Shortfuse","hermit:Glare+1","hermit:ItchyTrigger+1","hermit:Gestalt","hermit:Coalescence","hermit:Coalescence","hermit:WideOpen","hermit:GhostlyPresence","hermit:Scavenge","hermit:LoneWolf","hermit:ShadowCloak","hermit:DeadOrAlive","hermit:SprayPray"],"relics":["hermit:Momento","SsserpentHead","Gremlin Food","conspire:DeflatedDodgeball","conspire:RunicOctahedron"],"acts_visited":["Exordium","TheCity"],"potions_floor_usage":[10,16,16,16],"damage_taken":[{"damage":1,"enemies":"Jaw Worm","floor":1,"turns":3},{"damage":1,"enemies":"Cultist","floor":3,"turns":3},{"damage":0,"enemies":"Small Slimes","floor":4,"turns":2},{"damage":6,"enemies":"Exordium Wildlife","floor":5,"turns":3},{"damage":4,"enemies":"2 Fungi Beasts","floor":7,"turns":3},{"damage":2,"enemies":"Large Slime","floor":10,"turns":4},{"damage":9,"enemies":"Red Slaver","floor":12,"turns":4},{"damage":25,"enemies":"Hexaghost","floor":16,"turns":12},{"damage":61,"enemies":"3 Byrds","floor":18,"turns":8},{"damage":14,"enemies":"conspire:MimicChest","floor":19,"turns":5}],"seed_played":"1610434481587034072","potions_obtained":[{"floor":1,"key":"DuplicationPotion"},{"floor":4,"key":"Cursed Concoction"},{"floor":15,"key":"Swift Potion"},{"floor":15,"key":"Ancient Potion"}],"is_trial":false,"path_per_floor":["M","?","M","M","M","R","M","$","T","M","R","M","$","?","R","B",null,"M","?"],"character_chosen":"HERMIT","items_purchased":["Gremlin Food","hermit:Coalescence","hermit:Scavenge","hermit:LoneWolf","hermit:ShadowCloak"],"campfire_rested":1,"item_purchase_floors":[8,8,13,13,13],"current_hp_per_floor":[74,74,73,73,67,67,63,63,63,61,75,66,66,66,66,41,75,14,0,0],"gold":248,"neow_bonus":"UPGRADE_CARD","is_daily":false,"chose_seed":false,"campfire_upgraded":1,"win_rate":0.0,"timestamp":1608708837,"path_taken":["M","?","M","M","M","R","M","?","T","M","R","?","$","?","R","BOSS","M","?"],"items_purchased_type":["Relic","Card","Card","Card","Card"],"build_version":"2020-12-22","purchased_purges":0,"victory":false,"max_hp_per_floor":[75,75,75,75,75,75,75,75,75,75,75,75,75,75,75,75,75,75,75,75],"card_choices":[{"not_picked":["hermit:HighCaliber","hermit:FullyLoaded"],"picked":"hermit:Showdown","floor":1},{"not_picked":["hermit:Misfire","hermit:HoleUp"],"picked":"hermit:Shortfuse","floor":3},{"not_picked":["hermit:Feint","hermit:ShadowCloak"],"picked":"hermit:Glare","floor":4},{"not_picked":["hermit:Feint","hermit:HoleUp"],"picked":"hermit:ItchyTrigger","floor":5},{"not_picked":["hermit:FlashPowder","hermit:LowProfile"],"picked":"hermit:Gestalt","floor":7},{"not_picked":["hermit:Snipe","hermit:Feint"],"picked":"hermit:WideOpen","floor":10},{"not_picked":["hermit:SprayPray","hermit:HoleUp"],"picked":"hermit:GhostlyPresence","floor":12},{"not_picked":["hermit:Dissolve","hermit:Adapt"],"picked":"hermit:DeadOrAlive","floor":16},{"not_picked":["hermit:Spite","hermit:Coalescence"],"picked":"hermit:SprayPray","floor":18}],"player_experience":5621,"relics_obtained":[{"floor":9,"key":"conspire:DeflatedDodgeball"}],"event_choices":[{"damage_healed":0,"gold_gain":0,"player_choice":"Trade","damage_taken":0,"relics_obtained":["SsserpentHead"],"max_hp_gain":0,"max_hp_loss":0,"event_name":"FaceTrader","floor":2,"gold_loss":0},{"damage_healed":0,"gold_gain":0,"player_choice":"Disagree","damage_taken":0,"max_hp_gain":0,"max_hp_loss":0,"event_name":"conspire:LoneGhost","floor":14,"gold_loss":0}],"is_beta":false,"boss_relics":[{"not_picked":["hermit:DentedPlate","ReplayTheSpireMod:DimensionalGlitch"],"picked":"conspire:RunicOctahedron"}],"items_purged_floors":[],"is_endless":false,"potions_floor_spawned":[1,4],"killed_by":"conspire:MimicChest","ascension_level":0}}