{"host":"6p0attdrtjqaih7v","time":1608702301,"event":{"mods":["2.2 Compatiblity","AchievementEnabler","Bard","BaseMod","Better Skull","Better Third Choice","Colored Powertips","Hermit","Highlight Path","Jorbs\u0027s Wanderer Trilogy","Key Reminder","Minty Spire (QoL Compilation)","Permanent Neow","Quick Restart","Random Character Button","Relic Stats","Replay The Spire","StSLib","The Construct"],"gold_per_floor":[115,195,37,37,51,51,80,80,106,138,157,157,171,190,190,262,262,275,292,44,59,1,32,49,62,62,89,89,89,123,136,136,207,207,223,223,123,71,81,81,96,96,96,111,111,143,162,178,178,178],"floor_reached":51,"playtime":2370,"items_purged":["hermit:Strike_Hermit","Spreading Infection","Injury"],"score":1546,"play_id":"683a2ad9-2878-41c4-a529-7b1929eeb47e","local_time":"20201223004501","is_ascension_mode":true,"campfire_choices":[{"data":"hermit:Snapshot","floor":6,"key":"SMITH"},{"data":"hermit:DeadMansHand","floor":8,"key":"SMITH"},{"data":"hermit:Manifest","floor":12,"key":"SMITH"},{"data":"hermit:LuckOfTheDraw","floor":15,"key":"SMITH"},{"data":"hermit:NoHoldsBarred","floor":29,"key":"SMITH"},{"floor":32,"key":"REST"},{"data":"hermit:EternalForm","floor":40,"key":"SMITH"},{"floor":45,"key":"REST"},{"floor":49,"key":"REST"}],"circlet_count":0,"master_deck":["AscendersBane","hermit:Strike_Hermit","hermit:Strike_Hermit","hermit:Defend_Hermit","hermit:Defend_Hermit","hermit:Defend_Hermit","hermit:Defend_Hermit","hermit:Snapshot+1","hermit:Covet","hermit:Roulette","hermit:Malice","hermit:Roulette","hermit:DeadMansHand+1","hermit:Roulette","hermit:Manifest+1","hermit:LuckOfTheDraw+1","hermit:Magnum","hermit:Brawl","hermit:Roulette","hermit:NoHoldsBarred+1","hermit:Determination","hermit:Roulette","hermit:EternalForm+1","hermit:BlackWind","Pain","hermit:Enervate","hermit:Quickdraw+1","hermit:Determination","hermit:Gestalt+1","hermit:Glare+1"],"relics":["Painkiller Herb","Replay:Mystery Machine","Ornamental Fan","Pen Nib","Replay:Accelerometer","Cursed Key","Bag of Preparation","Akabeko","Toy Ornithopter","Bottled Lightning","Bag of Marbles","construct:WeddingRing","WarpedTongs","ReplayTheSpireMod:CursedCoin","Lantern"],"acts_visited":["Exordium","TheCity","TheBeyond"],"potions_floor_usage":[23,41],"damage_taken":[{"damage":2,"enemies":"Small Slimes","floor":1,"turns":3},{"damage":0,"enemies":"Cultist","floor":5,"turns":2},{"damage":0,"enemies":"Gremlin Nob","floor":7,"turns":2},{"damage":31,"enemies":"Lagavulin","floor":10,"turns":5},{"damage":0,"enemies":"2 Louse","floor":11,"turns":1},{"damage":0,"enemies":"Exordium Thugs","floor":13,"turns":2},{"damage":0,"enemies":"Large Slime","floor":14,"turns":3},{"damage":8,"enemies":"Hexaghost","floor":16,"turns":7},{"damage":11,"enemies":"2 Thieves","floor":18,"turns":2},{"damage":0,"enemies":"Chosen","floor":19,"turns":4},{"damage":0,"enemies":"Sentry and Sphere","floor":21,"turns":3},{"damage":3,"enemies":"Replay:Snechameleon","floor":23,"turns":7},{"damage":0,"enemies":"Snecko","floor":24,"turns":2},{"damage":0,"enemies":"Cultist and Chosen","floor":25,"turns":3},{"damage":0,"enemies":"Gremlin Leader","floor":27,"turns":3},{"damage":27,"enemies":"Book of Stabbing","floor":30,"turns":4},{"damage":15,"enemies":"Snake Plant","floor":31,"turns":3},{"damage":14,"enemies":"Collector","floor":33,"turns":7},{"damage":0,"enemies":"3 Shapes","floor":35,"turns":1},{"damage":9,"enemies":"3 Darklings","floor":39,"turns":2},{"damage":1,"enemies":"Transient","floor":41,"turns":6},{"damage":14,"enemies":"4 Shapes","floor":44,"turns":2},{"damage":25,"enemies":"Nemesis","floor":46,"turns":3},{"damage":0,"enemies":"3 Darklings","floor":47,"turns":1},{"damage":2,"enemies":"Transient","floor":48,"turns":6},{"damage":29,"enemies":"Donu and Deca","floor":50,"turns":7}],"seed_played":"6347312337684797649","potions_obtained":[{"floor":5,"key":"SteroidPotion"},{"floor":11,"key":"Explosive Potion"},{"floor":13,"key":"DistilledChaos"},{"floor":21,"key":"Strength Potion"},{"floor":24,"key":"SpeedPotion"},{"floor":33,"key":"Swift Potion"},{"floor":41,"key":"SpeedPotion"}],"is_trial":false,"path_per_floor":["?","?","T","?","?","T","E","T","T","E","?","T","?","?","T","B",null,"?","?","T","?","T","E","?","?","T","E","T","T","E","?","T","B",null,"?","?","T","T","?","T","?","?","T","?","T","E","?","?","T","B",null],"character_chosen":"HERMIT","items_purchased":["Replay:Mystery Machine","Bag of Preparation","hermit:Roulette","ReplayTheSpireMod:CursedCoin","hermit:Enervate"],"campfire_rested":3,"item_purchase_floors":[3,20,22,38,38],"current_hp_per_floor":[62,62,62,62,62,62,62,62,62,31,31,31,31,31,31,23,59,48,48,48,48,48,45,45,45,45,45,45,45,18,3,24,10,56,56,56,56,56,47,47,51,51,51,37,58,33,33,31,52,23],"gold":178,"neow_bonus":"BOSS_RELIC","is_daily":false,"chose_seed":false,"campfire_upgraded":6,"win_rate":0.0,"timestamp":1608702301,"path_taken":["?","?","T","?","?","T","E","T","T","E","?","T","?","?","T","BOSS","?","?","T","?","?","E","?","?","T","E","T","T","E","?","T","BOSS","?","?","?","T","?","T","?","?","T","?","T","E","?","?","T","BOSS"],"items_purchased_type":["Relic","Relic","Card","Relic","Card"],"build_version":"2020-12-22","purchased_purges":3,"victory":true,"max_hp_per_floor":[71,71,71,71,71,71,71,71,71,71,71,71,71,71,71,71,71,71,71,71,71,71,71,71,71,71,71,71,71,71,71,71,71,71,71,71,71,71,71,71,71,71,71,71,71,71,71,71,71,71],"relic_stats":{"counters":[26,91],"Ornamental Fan":[112],"Pen Nib":[17],"Bag of Preparation":[32],"Cursed Key":1,"obtain_stats":[{"Replay:Accelerometer":10,"Lantern":46,"construct:WeddingRing":34,"ReplayTheSpireMod:CursedCoin":38,"Painkiller Herb":0,"Pen Nib":9,"Bag of Preparation":20,"Replay:Mystery Machine":3,"Cursed Key":17,"Akabeko":23,"WarpedTongs":36,"Ornamental Fan":7,"Bag of Marbles":30,"Bottled Lightning":27,"hermit:Momento":0,"Toy Ornithopter":26},{"Replay:Accelerometer":4,"Lantern":23,"construct:WeddingRing":18,"ReplayTheSpireMod:CursedCoin":19,"Painkiller Herb":0,"Pen Nib":3,"Bag of Preparation":10,"Replay:Mystery Machine":1,"Cursed Key":8,"Akabeko":12,"WarpedTongs":19,"Ornamental Fan":3,"Bag of Marbles":16,"Bottled Lightning":15,"hermit:Momento":0,"Toy Ornithopter":14},{"Replay:Accelerometer":12,"Lantern":77,"construct:WeddingRing":63,"ReplayTheSpireMod:CursedCoin":64,"Painkiller Herb":0,"Pen Nib":7,"Bag of Preparation":31,"Replay:Mystery Machine":3,"Cursed Key":25,"Akabeko":41,"WarpedTongs":64,"Ornamental Fan":7,"Bag of Marbles":53,"Bottled Lightning":49,"hermit:Momento":0,"Toy Ornithopter":46}],"Toy Ornithopter":5,"WarpedTongs":[27]},"card_choices":[{"not_picked":["hermit:ItchyTrigger","hermit:Glare"],"picked":"hermit:Roulette","floor":1},{"not_picked":["hermit:CalledShot","hermit:Misfire"],"picked":"hermit:Roulette","floor":5},{"not_picked":["hermit:TrackingShot","hermit:Feint"],"picked":"hermit:DeadMansHand","floor":7},{"not_picked":["hermit:Snipe","hermit:Manifest"],"picked":"hermit:Roulette","floor":10},{"not_picked":["hermit:Desperado","hermit:Horror"],"picked":"hermit:Manifest","floor":11},{"not_picked":["hermit:Cheat","hermit:Snipe"],"picked":"hermit:LuckOfTheDraw","floor":13},{"not_picked":["hermit:LowProfile","hermit:LuckOfTheDraw","hermit:GoldenBullet"],"picked":"SKIP","floor":14},{"not_picked":["hermit:Dissolve","hermit:Gambit"],"picked":"hermit:Magnum","floor":16},{"not_picked":["hermit:Coalescence","hermit:Combo"],"picked":"hermit:Brawl","floor":18},{"not_picked":["hermit:BodyArmor","hermit:GoldenBullet","hermit:Coalescence"],"picked":"SKIP","floor":19},{"not_picked":["hermit:Desperado","hermit:Snipe+1","hermit:CalledShot"],"picked":"SKIP","floor":21},{"not_picked":["hermit:WideOpen","hermit:TakeAim","hermit:Misfire"],"picked":"SKIP","floor":23},{"not_picked":["hermit:Gestalt","hermit:Roulette"],"picked":"hermit:NoHoldsBarred","floor":24},{"not_picked":["hermit:HoleUp","hermit:Roughhouse"],"picked":"hermit:Determination","floor":25},{"not_picked":["hermit:Headshot","hermit:ItchyTrigger"],"picked":"hermit:Roulette","floor":27},{"not_picked":["hermit:Vantage","hermit:CalledShot+1"],"picked":"hermit:EternalForm","floor":30},{"not_picked":["hermit:Snipe","hermit:HighCaliber","hermit:Showdown"],"picked":"SKIP","floor":31},{"not_picked":["hermit:FinalCanter","hermit:FromBeyond"],"picked":"hermit:BlackWind","floor":33},{"not_picked":["hermit:Snipe","hermit:SprayPray","hermit:CalledShot+1"],"picked":"SKIP","floor":35},{"not_picked":["hermit:ShadowCloak+1","hermit:LowProfile"],"picked":"hermit:Quickdraw+1","floor":39},{"not_picked":["hermit:Feint","hermit:Horror"],"picked":"hermit:Determination","floor":41},{"not_picked":["hermit:Manifest","hermit:Cheat","hermit:WideOpen"],"picked":"SKIP","floor":44},{"not_picked":["hermit:Purgatory","hermit:HoleUp"],"picked":"hermit:Gestalt+1","floor":46},{"not_picked":["hermit:TakeCover","hermit:SprayPray","hermit:Scavenge+1"],"picked":"SKIP","floor":47},{"not_picked":["hermit:GhostlyPresence","hermit:GoldenBullet"],"picked":"hermit:Glare+1","floor":48}],"player_experience":876336,"relics_obtained":[{"floor":7,"key":"Ornamental Fan"},{"floor":9,"key":"Pen Nib"},{"floor":10,"key":"Replay:Accelerometer"},{"floor":23,"key":"Akabeko"},{"floor":26,"key":"Toy Ornithopter"},{"floor":27,"key":"Bottled Lightning"},{"floor":30,"key":"Bag of Marbles"},{"floor":46,"key":"Lantern"}],"event_choices":[{"damage_healed":0,"gold_gain":0,"cards_transformed":["hermit:Strike_Hermit"],"player_choice":"Transformed","damage_taken":0,"max_hp_gain":0,"max_hp_loss":0,"event_name":"Transmorgrifier","floor":4,"gold_loss":0,"cards_obtained":["hermit:Malice"]},{"damage_healed":0,"gold_gain":0,"player_choice":"Rummage","damage_taken":0,"relics_obtained":["WarpedTongs"],"max_hp_gain":0,"max_hp_loss":0,"event_name":"Accursed Blacksmith","floor":36,"gold_loss":0,"cards_obtained":["Pain"]}],"is_beta":false,"boss_relics":[{"not_picked":["Tiny House","Black Star"],"picked":"Cursed Key"},{"not_picked":["Replay:Ancient Bell","Sozu"],"picked":"construct:WeddingRing"}],"items_purged_floors":[20,37,38],"is_endless":false,"potions_floor_spawned":[5,11,13,18,21,24,25,33,39,41,46],"ascension_level":18}}