{"host":"zksvs3x2ysy9npnz","time":1608754922,"event":{"mods":["Aspiration","BaseMod","Beaked The Cultist","BetterRewards","CatGirl Mod","Clockwork Mod","Conspire","Downfall","Energized Spire","Fiend Mod","Friendly Minions","Halation","Hermit","Highlight Path","Hubris","Hunter ??","Infinite Spire","Jedi Mod","Minty Spire (QoL Compilation)","Permanent Neow","Quick Restart","Relic Stats","Replay The Spire","Shop Mod","StSLib","SuperFastMode","The Blackbeard","The Bladedancer","The Construct"],"gold_per_floor":[99,115,115,134,157,157,157,182,182,193,218,218,232,251,268,368,368,368,380,401,414,2,2,26,36,54,69,84,84,101,136,152,253,253,253,265,285,295,309,319,319,335,335,368,368,381,381,396,413,413,413,413],"floor_reached":50,"playtime":12839,"items_purged":["octo:OctoRetract","hexamod:Strike"],"score":702,"play_id":"a97c58f4-d3ef-4ba4-a1b6-41d5ca8cd8a0","local_time":"20201223212202","is_ascension_mode":true,"campfire_choices":[{"floor":1,"key":"RECALL"},{"data":"hexamod:Float","floor":9,"key":"SMITH"},{"data":"hexamod:GhostflameBarrier","floor":18,"key":"SMITH"},{"data":"hexamod:TimeOfNeed","floor":29,"key":"SMITH"},{"data":"hexamod:Hexaguard","floor":35,"key":"SMITH"},{"data":"hexamod:Hexaguard","floor":43,"key":"SMITH"},{"floor":45,"key":"REST"},{"data":"hexamod:Hexaguard","floor":47,"key":"SMITH"}],"circlet_count":0,"master_deck":["hexamod:Strike","hexamod:Strike","hexamod:Defend+1","hexamod:Defend+1","hexamod:Defend+1","hexamod:Defend+1","hexamod:Sear+1","hexamod:Float+1","hexamod:HauntingEcho","hexamod:ShieldOfDarkness+1","hexamod:ThermalTransfer+1","hexamod:Hexaguard+1","hexamod:BurningTouch+1","hexamod:RainOfEmbers+1","hexamod:BacktrackSmack","hexamod:AdvancingGuard","hexamod:ShieldOfDarkness+1","hexamod:GhostflameBarrier+1","hexamod:EmpoweringStance+1","hexamod:VolcanoVisage+1","hexamod:Hexaguard+1","hexamod:GhostOfSpirePast+1","hexamod:Hexaguard+1","hexamod:RadiantFlame+1","hexamod:RadiantFlame+1","ReplayTheSpireMod:Brewmster+1","hexamod:TimeOfNeed+1","hexamod:Hexaguard+1","hexamod:BacktrackSmack+1"],"relics":["hexamod:SpiritBrand","halation:PinkSoulGem","aspiration:HummingbirdHeart","Frozen Egg 2","Painkiller Herb","hexamod:TheBrokenSeal","aspiration:StickyExplosives_weak","SacredBark","hubris:SlimyHat","Replay:WaspNest"],"acts_visited":["Exordium","TheCity","TheBeyond"],"potions_floor_usage":[25,25,30,31,31,32,33,33,36,36,38,38,39,50,50,50,50],"damage_taken":[{"damage":0,"enemies":"2 Louse","floor":2,"turns":3},{"damage":0,"enemies":"Small Slimes","floor":4,"turns":3},{"damage":1,"enemies":"Jaw Worm","floor":5,"turns":4},{"damage":20,"enemies":"3 Sentries","floor":8,"turns":9},{"damage":0,"enemies":"Large Slime","floor":10,"turns":5},{"damage":0,"enemies":"Replay:BlueRogue","floor":11,"turns":6},{"damage":4,"enemies":"Gremlin Gang","floor":13,"turns":7},{"damage":3,"enemies":"2 Fungi Beasts","floor":14,"turns":4},{"damage":6,"enemies":"Blue Slaver","floor":15,"turns":5},{"damage":26,"enemies":"downfall:Watcher","floor":16,"turns":17},{"damage":13,"enemies":"Shell Parasite","floor":19,"turns":7},{"damage":8,"enemies":"3 Byrds","floor":20,"turns":8},{"damage":0,"enemies":"Sentry and Sphere","floor":21,"turns":3},{"damage":0,"enemies":"downfall:FleeingMerchant","floor":22,"turns":4},{"damage":0,"enemies":"3 Cultists","floor":25,"turns":4},{"damage":0,"enemies":"Centurion and Healer","floor":26,"turns":4},{"damage":0,"enemies":"Snake Plant","floor":27,"turns":5},{"damage":0,"enemies":"Chosen and Byrds","floor":28,"turns":3},{"damage":0,"enemies":"Sentry and Sphere","floor":30,"turns":5},{"damage":0,"enemies":"Replay:Snechameleon","floor":31,"turns":6},{"damage":0,"enemies":"Snake Plant","floor":32,"turns":5},{"damage":0,"enemies":"downfall:Defect","floor":33,"turns":10},{"damage":0,"enemies":"3 Darklings","floor":36,"turns":5},{"damage":4,"enemies":"Orb Walker","floor":37,"turns":3},{"damage":0,"enemies":"Maw","floor":38,"turns":7},{"damage":9,"enemies":"Jaw Worm Horde","floor":39,"turns":5},{"damage":1,"enemies":"3 Darklings","floor":40,"turns":7},{"damage":0,"enemies":"4 Shapes","floor":42,"turns":7},{"damage":8,"enemies":"beaked:SuperParasite","floor":44,"turns":10},{"damage":2,"enemies":"Sphere and 2 Shapes","floor":46,"turns":7},{"damage":0,"enemies":"Spire Growth","floor":48,"turns":6},{"damage":0,"enemies":"Maw","floor":49,"turns":9},{"damage":106,"enemies":"downfall:Silent","floor":50,"turns":6}],"seed_played":"-2908415053928867555","potions_obtained":[{"floor":8,"key":"hexamod:DoubleChargePotion"},{"floor":11,"key":"FairyPotion"},{"floor":13,"key":"FearPotion"},{"floor":14,"key":"Fire Potion"},{"floor":20,"key":"PowerPotion"},{"floor":25,"key":"champ:CounterPotion"},{"floor":49,"key":"Adrenaline Potion"}],"is_trial":false,"path_per_floor":["R","M","?","M","M","?","T","E","R","M","E","?","M","M","M","B",null,"T","?","?","?","T","?","T","?","?","?","?","T","?","E","?","B",null,"T","?","?","?","?","?","T","?","T","E","T","?","T","?","?","B"],"character_chosen":"THE_SPIRIT","items_purchased":["hexamod:RadiantFlame+1","ReplayTheSpireMod:Brewmster+1"],"campfire_rested":1,"item_purchase_floors":[22,22],"current_hp_per_floor":[70,70,70,70,69,69,69,49,49,49,49,49,45,42,43,24,70,70,64,80,80,80,80,80,80,80,80,80,80,80,80,80,80,80,80,80,76,76,67,66,66,66,66,58,80,78,78,78,78,0,0,0],"gold":413,"neow_bonus":"UPGRADE_CARD","is_daily":false,"chose_seed":false,"campfire_upgraded":6,"win_rate":0.0,"timestamp":1608754922,"path_taken":["R","M","?","M","M","?","T","E","R","M","E","?","M","?","M","BOSS","T","?","?","?","T","?","T","?","?","?","?","T","?","E","?","BOSS","T","?","?","?","?","?","T","?","T","E","T","?","T","?","?","BOSS"],"items_purchased_type":["Card","Card"],"build_version":"2020-12-22","purchased_purges":2,"victory":false,"max_hp_per_floor":[70,70,70,70,70,70,70,70,70,70,70,70,70,70,70,70,70,70,70,80,80,80,80,80,80,80,80,80,80,80,80,80,80,80,80,80,80,80,80,80,80,80,80,80,80,80,80,80,80,80,80,80],"relic_stats":{"counters":[33,198],"obtain_stats":[{"Lantern":7,"SacredBark":34,"hexamod:TheBrokenSeal":20,"Painkiller Herb":17,"Replay:WaspNest":44,"aspiration:HummingbirdHeart":8,"hubris:SlimyHat":41,"Frozen Egg 2":11,"halation:PinkSoulGem":3,"hexamod:SpiritBrand":0,"aspiration:StickyExplosives_weak":31},{"Lantern":3,"SacredBark":22,"hexamod:TheBrokenSeal":12,"Painkiller Herb":10,"Replay:WaspNest":29,"aspiration:HummingbirdHeart":4,"hubris:SlimyHat":27,"Frozen Egg 2":6,"halation:PinkSoulGem":1,"hexamod:SpiritBrand":0,"aspiration:StickyExplosives_weak":20},{"Lantern":10,"SacredBark":127,"hexamod:TheBrokenSeal":74,"Painkiller Herb":63,"Replay:WaspNest":171,"aspiration:HummingbirdHeart":19,"hubris:SlimyHat":154,"Frozen Egg 2":30,"halation:PinkSoulGem":3,"hexamod:SpiritBrand":0,"aspiration:StickyExplosives_weak":112}]},"card_choices":[{"not_picked":["hexamod:ThermalTransfer","hexamod:HeatShield"],"picked":"hexamod:SecondSeal","floor":2},{"not_picked":["hexamod:NightmareGuise","hexamod:Firestarter"],"picked":"hexamod:HauntingEcho","floor":4},{"not_picked":["hexamod:GhostShield","hexamod:ThermalTransfer"],"picked":"hexamod:ShieldOfDarkness","floor":5},{"not_picked":["hexamod:HauntingEcho","hexamod:NightmareGuise"],"picked":"hexamod:Hexaguard","floor":8},{"not_picked":["hexamod:ThermalTransfer","hexamod:PhantomCloak"],"picked":"hexamod:BurningTouch","floor":10},{"not_picked":["hexamod:Hexaguard","hexamod:EtherealExpedition"],"picked":"hexamod:FifthSeal","floor":11},{"not_picked":["hexamod:FourthSeal","hexamod:SecondSeal"],"picked":"hexamod:ThirdSeal","floor":13},{"not_picked":["hexamod:ThermalTransfer","hexamod:SwordOfDarkness"],"picked":"hexamod:RainOfEmbers","floor":13},{"not_picked":["hexamod:HeatShield","hexamod:EmpoweringStance+1"],"picked":"hexamod:BacktrackSmack","floor":14},{"not_picked":["hexamod:ThirdSeal","hexamod:SecondSeal"],"picked":"hexamod:FirstSeal","floor":14},{"not_picked":["hexamod:Haunt","hexamod:NecessarySacrifice"],"picked":"hexamod:AdvancingGuard","floor":14},{"not_picked":["hexamod:SecondSeal","hexamod:FourthSeal"],"picked":"hexamod:SixthSeal","floor":15},{"not_picked":["hexamod:AdvancingGuard","hexamod:GhostOfSpirePast+1"],"picked":"hexamod:ShieldOfDarkness","floor":15},{"not_picked":["hexamod:ChargedBarrage","hexamod:ShieldOfDarkness"],"picked":"hexamod:GhostflameBarrier","floor":15},{"not_picked":["hexamod:TurnItUp","hexamod:UnleashSpirits"],"picked":"hexamod:EmpoweringStance+1","floor":16},{"not_picked":["hexamod:SixthSeal","hexamod:ThirdSeal"],"picked":"hexamod:FourthSeal","floor":16},{"not_picked":["hexamod:WildfireWeapon+1","hexamod:EmpoweringStance+1"],"picked":"hexamod:VolcanoVisage+1","floor":16},{"not_picked":["hexamod:FourthSeal","hexamod:FirstSeal"],"picked":"hexamod:SecondSeal","floor":19},{"not_picked":["hexamod:HauntingEcho","hexamod:GhostOfSpirePast+1"],"picked":"hexamod:Hexaguard","floor":19},{"not_picked":["hexamod:NightmareGuise","hexamod:ThermalTransfer","hexamod:Firestarter"],"picked":"SKIP","floor":19},{"not_picked":["hexamod:FourthSeal","hexamod:TurnItUp"],"picked":"hexamod:GhostOfSpirePast+1","floor":20},{"not_picked":["hexamod:FirstSeal","hexamod:SixthSeal","hexamod:FourthSeal"],"picked":"SKIP","floor":20},{"not_picked":["hexamod:GhostLash+1","hexamod:SpectersWail"],"picked":"hexamod:Hexaguard","floor":21},{"not_picked":["hexamod:GhostOfSpireFuture+1","hexamod:Hexaguard","hexamod:GhostShield+1"],"picked":"SKIP","floor":22},{"not_picked":["hexamod:InspiringFlames+1","hexamod:HauntingEcho+1","hexamod:HeatMetal"],"picked":"SKIP","floor":25},{"not_picked":["hexamod:FastForward","hexamod:GhostOfSpirePresent+1","hexamod:StepThrough"],"picked":"SKIP","floor":26},{"not_picked":["hexamod:GhostShield","hexamod:Hexaguard"],"picked":"hexamod:TimeOfNeed","floor":27},{"not_picked":["hexamod:NightmareGuise","hexamod:HeatMetal"],"picked":"hexamod:Hexaguard","floor":28},{"not_picked":["hexamod:RainOfEmbers","hexamod:HauntingEcho","hexamod:BurningTouch"],"picked":"SKIP","floor":30},{"not_picked":["hexamod:InspiringFlames","hexamod:TimeWarp","hexamod:GhostLash"],"picked":"SKIP","floor":31},{"not_picked":["hexamod:AdvancingGuard+1","hexamod:Again","hexamod:EtherealExpedition"],"picked":"SKIP","floor":32},{"not_picked":["hexamod:DynamicBlow","hexamod:Firestarter+1","hexamod:GhostShield+1"],"picked":"SKIP","floor":36},{"not_picked":["hexamod:Firestarter","hexamod:NightmareGuise","hexamod:SoulSteal"],"picked":"SKIP","floor":37},{"not_picked":["hexamod:Incineration","hexamod:SpectersWail+1","hexamod:GhostShield+1"],"picked":"SKIP","floor":38},{"not_picked":["hexamod:NightmareGuise+1","hexamod:StepThrough"],"picked":"hexamod:BacktrackSmack+1","floor":39},{"not_picked":["hexamod:NightmareStrike","hexamod:NightmareGuise","hexamod:ShieldOfDarkness+1"],"picked":"SKIP","floor":40},{"not_picked":["hexamod:SkipABeat","hexamod:ThermalTransfer","hexamod:InspiringFlames"],"picked":"SKIP","floor":42},{"not_picked":["hexamod:GhostflameInferno","hexamod:NecessarySacrifice+1","hexamod:CrushingStance"],"picked":"SKIP","floor":44},{"not_picked":["hexamod:BurningTouch+1","hexamod:FastForward","hexamod:ShieldOfDarkness+1"],"picked":"SKIP","floor":46},{"not_picked":["hexamod:AdvancingGuard+1","hexamod:HauntingEcho","hexamod:NightmareStrike"],"picked":"SKIP","floor":48},{"not_picked":["hexamod:NecessarySacrifice","hexamod:Incineration+1","hexamod:ThermalTransfer+1"],"picked":"SKIP","floor":49}],"player_experience":1897888,"relics_obtained":[{"floor":7,"key":"Lantern"},{"floor":8,"key":"aspiration:HummingbirdHeart"},{"floor":11,"key":"Frozen Egg 2"},{"floor":31,"key":"aspiration:StickyExplosives_weak"},{"floor":41,"key":"hubris:SlimyHat"},{"floor":44,"key":"Replay:WaspNest"}],"event_choices":[{"cards_removed":["hexamod:Strike"],"damage_healed":0,"gold_gain":0,"player_choice":"Offered Basic","damage_taken":0,"max_hp_gain":0,"max_hp_loss":0,"event_name":"Bonfire Elementals","floor":23,"gold_loss":0}],"is_beta":false,"boss_relics":[{"not_picked":["Cursed Key","Empty Cage"],"picked":"Painkiller Herb"},{"not_picked":["Calling Bell","aspiration:RitualDagger"],"picked":"SacredBark"}],"items_purged_floors":[22,22],"is_endless":false,"potions_floor_spawned":[8,11,13,14,20,25,26,27,31,33,39,40,44,49],"killed_by":"downfall:Silent","ascension_level":1}}