{"host":"a271difpu8igxb07","time":1608738169,"event":{"mods":["2.2 Compatiblity","AchievementEnabler","Act Like it!","Ascension Reborn","Aspiration","BaseMod","Better Note","BetterRewards","Challenge The Spire","Colored Map","Colored Powertips","Conspire","Custom Start","Downfall","Energized Spire","Halation","Hermit","Hubris","Infinite Spire","Minty Spire (QoL Compilation)","Quick Restart","READ ME - Guardian Mod","Replay The Spire","Retaliation","StSLib","The Construct","The Factory","The Jungle","vexMod"],"gold_per_floor":[99,114,65,80,80,80,80,80,110,140,170,170,170,36,51,151,151,151,166,192,27,42,42,42,42,42,42],"floor_reached":26,"playtime":2046,"items_purged":[],"score":395,"play_id":"9de2c369-6b17-4877-bc77-1f0161b23f50","local_time":"20201223224249","daily_mods":["Insanity","Flight","Binary"],"is_ascension_mode":false,"campfire_choices":[{"data":"FIFO Queue","floor":1.0,"key":"SMITH"},{"data":"Chaos","floor":8.0,"key":"SMITH"},{"data":"hubris:PowerSurge","floor":13.0,"key":"SMITH"},{"data":"ReplayTheSpireMod:Dual Polarity","floor":18.0,"key":"SMITH"},{"data":"Capacitor","floor":25.0,"key":"SMITH"},{"data":"Redo","floor":25.0,"key":"SMITH"}],"circlet_count":0,"master_deck":["Melter","Barrage","Turbo","Go for the Eyes","Chaos+1","Conserve Battery","Conserve Battery","Compile Driver","ReplaySort","Cold Snap","Ball Lightning","Leap","Streamline","Chaos+1","Turbo","BasicCrystalCard","Steam Power","Conserve Battery","Ball Lightning","Panic Button","Turbo","Gash","Turbo","Streamline","Genetic Algorithm","Cold Snap","Turbo","Gash","Compile Driver","Aggregate","Hologram","Crystallizer","ReplayGash","Ball Lightning","Rebound","Streamline","Hologram","Hologram","ReplayTheSpireMod:Dual Polarity+1","Steam","Gash","Beam Cell","Coolheaded","Panic Button","ReplaySolidLightProjector","Redo+1","hubris:PowerSurge+1","White Noise+1","BasicCrystalCard","FIFO Queue+1","Ball Lightning","Sweeping Beam","Amnesia","Coolheaded","Coolheaded","Conserve Battery","Capacitor+1","ReplayTheSpireMod:Dual Polarity+1","Rebound","Gash","Hello World+1","Time Bomb","Turbo","Echo Form+1","Panic Button+1","Barrage","Recycle","Echo Form+1","Go for the Eyes+1"],"relics":["ReplayTheSpireMod:CursedCoin","Pet Ghost","halation:PinkSoulGem","infinitespire:Bottled Soul","Guardian:PocketSentry","Eternal Feather","Ring of the Snake","Replay:Grab Bag","energizedSpire:OgreHead","vexMod:FluxCapacitor","vexMod:ImprovementManual","hubris:Backtick","Lantern","Red Mask","DollysMirror","halation:Komachan","halation:PenCase"],"acts_visited":["Exordium","TheCity"],"potions_floor_usage":[],"damage_taken":[{"damage":2.0,"enemies":"2 Louse","floor":2.0,"turns":2.0},{"damage":0.0,"enemies":"downfall:FleeingMerchant","floor":3.0,"turns":4.0},{"damage":11.0,"enemies":"Jaw Worm","floor":4.0,"turns":3.0},{"damage":0.0,"enemies":"Lagavulin","floor":9.0,"turns":4.0},{"damage":20.0,"enemies":"3 Sentries","floor":10.0,"turns":4.0},{"damage":5.0,"enemies":"Lagavulin","floor":11.0,"turns":4.0},{"damage":0.0,"enemies":"downfall:FleeingMerchant","floor":14.0,"turns":4.0},{"damage":7.0,"enemies":"conspire:RoseBush","floor":15.0,"turns":3.0},{"damage":7.0,"enemies":"Hexaghost","floor":16.0,"turns":10.0},{"damage":5.0,"enemies":"Shell Parasite","floor":19.0,"turns":3.0},{"damage":18.0,"enemies":"Masked Bandits","floor":20.0,"turns":4.0},{"damage":0.0,"enemies":"downfall:FleeingMerchant","floor":21.0,"turns":4.0},{"damage":0.0,"enemies":"conspire:FuzzyDice","floor":22.0,"turns":4.0},{"damage":0,"enemies":"conspire:HollyBat","floor":26,"turns":1}],"seed_played":"4926568582952100995","potions_obtained":[{"floor":2.0,"key":"conspire:TimeTravelPotion"},{"floor":9.0,"key":"FairyPotion"},{"floor":11.0,"key":"Elixir"},{"floor":20.0,"key":"EntropicBrew"}],"is_trial":false,"path_per_floor":["R","M","$","M","?","?","T","R","E","E","E","?","R","$","M","B",null,"R","M","?","$","M","AVR","T","R","M"],"character_chosen":"DEFECT","items_purchased":["ReplayTheSpireMod:CursedCoin","Pet Ghost","Coolheaded","Hello World","Time Bomb","DollysMirror"],"campfire_rested":0,"item_purchase_floors":[3,3,3,14,14,21],"current_hp_per_floor":[75,73,73,62,62,70,70,70,70,50,45,45,75,75,68,61,75,75,70,52,52,52,52,52,75,75,75],"gold":42,"neow_bonus":"","is_daily":true,"chose_seed":false,"campfire_upgraded":6,"win_rate":0.0,"timestamp":1608738169,"path_taken":["R","M","$","M","?","?","T","R","E","E","E","?","R","$","M","BOSS","R","M","?","$","M","AVR","T","R","M"],"items_purchased_type":["Relic","Relic","Card","Card","Card","Relic"],"build_version":"2020-12-22","purchased_purges":0,"victory":false,"max_hp_per_floor":[75,75,75,75,75,75,75,75,75,75,75,75,75,75,75,75,75,75,75,75,75,75,75,75,75,75,75],"card_choices":[{"not_picked":["ReplaySort"],"picked":"Ball Lightning","floor":2.0},{"not_picked":["Core Surge"],"picked":"Sweeping Beam","floor":3.0},{"not_picked":["Lockon"],"picked":"Conserve Battery","floor":4.0},{"not_picked":["Compile Driver"],"picked":"Capacitor","floor":9.0},{"not_picked":["ReplayTheSpireMod:System Scan"],"picked":"ReplayTheSpireMod:Dual Polarity","floor":10.0},{"not_picked":["ReplayGash"],"picked":"Rebound","floor":11.0},{"not_picked":["ReplayTheSpireMod:GoodbyeWorld"],"picked":"Gash","floor":14.0},{"not_picked":["Recycle"],"picked":"Turbo","floor":15.0},{"not_picked":["Meteor Strike"],"picked":"Echo Form","floor":16.0},{"not_picked":["Streamline"],"picked":"Panic Button+1","floor":19.0},{"not_picked":["Hologram+1"],"picked":"Barrage","floor":20.0},{"not_picked":["ReplayGash"],"picked":"Recycle","floor":21.0},{"not_picked":["Panic Button"],"picked":"Go for the Eyes+1","floor":22.0}],"player_experience":91250,"relics_obtained":[{"floor":7.0,"key":"infinitespire:Bottled Soul"},{"floor":9.0,"key":"Guardian:PocketSentry"},{"floor":10.0,"key":"Eternal Feather"},{"floor":20.0,"key":"Red Mask"},{"floor":24.0,"key":"halation:PenCase"}],"event_choices":[{"damage_healed":0.0,"max_hp_gain":0.0,"max_hp_loss":0.0,"gold_gain":0.0,"event_name":"Masked Bandits","player_choice":"Fought Bandits","floor":20.0,"gold_loss":0.0,"damage_taken":0.0}],"is_beta":false,"boss_relics":[{"not_picked":["Kintsugi","Abe\u0027s Treasure"],"picked":"Replay:Grab Bag"},{"not_picked":["hubris:TerracottaHorce","aspiration:FutureDiary"],"picked":"energizedSpire:OgreHead"},{"not_picked":["Cursed Key","Busted Crown"],"picked":"vexMod:FluxCapacitor"},{"not_picked":["vexMod:BigBerry","construct:ClawGrip"],"picked":"vexMod:ImprovementManual"},{"not_picked":["Replay:Drink Me","expansioncontent:StudyCardRelic"],"picked":"hubris:Backtick"}],"items_purged_floors":[],"is_endless":false,"potions_floor_spawned":[2,9,11,20],"killed_by":"conspire:HollyBat","ascension_level":0}}