{"host":"3rixevx6n8b56xaj","time":1608736133,"event":{"mods":["2.2 Compatiblity","AchievementEnabler","BaseMod","Colored Map","DeckTracker","Friendly Minions","Minty Spire (QoL Compilation)","StSLib","SuperFastMode"],"gold_per_floor":[118,134,150,150,167,167,183,108,108,135,155,182,182,182,182,286,286,299,499,219,231,231,265,276,276,276,294,313,348,361,36,36,131,131,179,229,71,16,66,121,121,165,165,177,277,341,355,423,423,453,453,453,21,46,46],"floor_reached":56,"playtime":2101,"items_purged":["Defend_P","Strike_P","Defend_P","Strike_P"],"score":1486,"play_id":"c86b6fa2-4b07-42d1-bdb0-a6d5d4743b29","local_time":"20201224000852","is_ascension_mode":false,"campfire_choices":[{"data":"CrushJoints","floor":6,"key":"SMITH"},{"data":"Vigilance","floor":13,"key":"SMITH"},{"data":"Wallop","floor":15,"key":"SMITH"},{"data":"SandsOfTime","floor":32,"key":"SMITH"},{"data":"WheelKick","floor":41,"key":"SMITH"},{"data":"MentalFortress","floor":49,"key":"SMITH"},{"data":"Wallop","floor":52,"key":"SMITH"}],"circlet_count":0,"master_deck":["Strike_P+1","Defend_P","Defend_P","Eruption+1","Vigilance+1","CrushJoints+1","Tantrum","EmptyFist","Wallop+1","DeusExMachina+1","Adaptation","Wallop+1","SandsOfTime+1","WheelKick+1","Evaluate+1","Wallop+1","Wallop+1","Collect+1","Protect+1","Wish+1","InnerPeace+1","Worship+1","EmptyBody+1","TalkToTheHand+1","MentalFortress+1","DevaForm","FearNoEvil","Worship+1","Wish+1"],"relics":["Snecko Eye","Mango","Toxic Egg 2","Prayer Wheel","Coffee Dripper","TheAbacus","Nunchaku","Lizard Tail","Question Card","Membership Card","Matryoshka","Philosopher\u0027s Stone","TungstenRod","Strawberry","Whetstone","Potion Belt","Pear","Pantograph","MealTicket","InkBottle","Oddly Smooth Stone","CloakClasp","DollysMirror","White Beast Statue"],"acts_visited":["Exordium","TheCity","TheBeyond","TheEnding"],"potions_floor_usage":[12,39,55,55],"damage_taken":[{"damage":0,"enemies":"Cultist","floor":1,"turns":3},{"damage":0,"enemies":"2 Louse","floor":2,"turns":2},{"damage":0,"enemies":"Small Slimes","floor":3,"turns":2},{"damage":0,"enemies":"Red Slaver","floor":5,"turns":2},{"damage":11,"enemies":"2 Fungi Beasts","floor":7,"turns":4},{"damage":0,"enemies":"Gremlin Nob","floor":10,"turns":2},{"damage":7,"enemies":"Blue Slaver","floor":11,"turns":2},{"damage":0,"enemies":"Lagavulin","floor":12,"turns":2},{"damage":0,"enemies":"Slime Boss","floor":16,"turns":5},{"damage":0,"enemies":"Spheric Guardian","floor":18,"turns":2},{"damage":10,"enemies":"Shell Parasite","floor":21,"turns":3},{"damage":6,"enemies":"Gremlin Leader","floor":23,"turns":3},{"damage":4,"enemies":"Snake Plant","floor":24,"turns":3},{"damage":0,"enemies":"Sentry and Sphere","floor":27,"turns":2},{"damage":0,"enemies":"3 Cultists","floor":28,"turns":3},{"damage":0,"enemies":"Book of Stabbing","floor":29,"turns":4},{"damage":0,"enemies":"Chosen and Byrds","floor":30,"turns":3},{"damage":62,"enemies":"Automaton","floor":33,"turns":7},{"damage":0,"enemies":"Orb Walker","floor":35,"turns":2},{"damage":30,"enemies":"3 Darklings","floor":36,"turns":3},{"damage":0,"enemies":"Spire Growth","floor":39,"turns":3},{"damage":0,"enemies":"Giant Head","floor":40,"turns":5},{"damage":9,"enemies":"Sphere and 2 Shapes","floor":42,"turns":4},{"damage":0,"enemies":"4 Shapes","floor":44,"turns":3},{"damage":19,"enemies":"Nemesis","floor":46,"turns":5},{"damage":0,"enemies":"Spire Growth","floor":47,"turns":3},{"damage":34,"enemies":"Awakened One","floor":50,"turns":8},{"damage":14,"enemies":"Shield and Spear","floor":54,"turns":4},{"damage":23,"enemies":"The Heart","floor":55,"turns":6}],"seed_played":"6561420444855964525","potions_obtained":[{"floor":2,"key":"DuplicationPotion"},{"floor":5,"key":"Swift Potion"},{"floor":7,"key":"Weak Potion"},{"floor":10,"key":"FearPotion"},{"floor":24,"key":"StancePotion"},{"floor":47,"key":"Weak Potion"}],"is_trial":false,"path_per_floor":["M","M","M","?","M","R","M","$","T","E","M","E","R","?","R","B",null,"M","?","$","M","?","E","M","?","T","M","M","E","M","$","R","B",null,"M","M","$","?","M","E","R","M","T","M","?","E","M","T","R","B",null,"R","$","E","B",null],"character_chosen":"WATCHER","items_purchased":["TheAbacus","Wallop","Membership Card","Matryoshka","TungstenRod","EmptyBody+1","Oddly Smooth Stone","CloakClasp","DollysMirror","Weak Potion","FearPotion"],"campfire_rested":0,"item_purchase_floors":[20,20,31,31,37,37,53,53,53,53,53],"current_hp_per_floor":[72,72,72,65,65,65,54,54,68,68,61,61,61,66,66,66,91,91,91,91,81,81,75,71,71,71,71,71,71,71,71,71,9,91,91,61,61,68,68,68,68,59,69,69,69,50,50,50,50,41,108,108,108,94,85],"gold":46,"neow_bonus":"BOSS_RELIC","is_daily":false,"chose_seed":false,"campfire_upgraded":7,"win_rate":0.0,"timestamp":1608736132,"path_taken":["M","M","?","?","M","R","M","$","T","E","M","E","R","?","R","BOSS","M","?","$","?","?","E","M","?","T","M","?","E","M","$","R","BOSS","M","M","$","?","M","E","R","M","T","?","?","E","?","?","R","BOSS","R","$","E","BOSS"],"items_purchased_type":["Relic","Card","Relic","Relic","Relic","Card","Relic","Relic","Relic","Potion","Potion"],"build_version":"2020-12-22","purchased_purges":4,"victory":true,"max_hp_per_floor":[72,72,72,72,72,72,72,72,86,86,86,86,86,91,91,91,91,91,91,91,91,91,91,91,91,91,91,91,91,91,91,91,91,91,91,91,91,98,98,98,98,98,108,108,108,108,108,108,108,108,108,108,108,108,108],"card_choices":[{"not_picked":["EmptyBody","ThirdEye"],"picked":"CrushJoints","floor":1},{"not_picked":["MentalFortress","FearNoEvil"],"picked":"Tantrum","floor":2},{"not_picked":["ThirdEye","PathToVictory"],"picked":"EmptyFist","floor":3},{"not_picked":["Adaptation","EmptyFist"],"picked":"Wallop","floor":5},{"not_picked":["Protect","Consecrate","FlurryOfBlows"],"picked":"SKIP","floor":7},{"not_picked":["Consecrate","Judgement+1","WaveOfTheHand+1"],"picked":"SKIP","floor":10},{"not_picked":["Vengeance+1","EmptyFist","Consecrate"],"picked":"SKIP","floor":11},{"not_picked":["Consecrate","ForeignInfluence+1","BowlingBash"],"picked":"SKIP","floor":12},{"not_picked":["Consecrate","ForeignInfluence+1","BowlingBash"],"picked":"SKIP","floor":12},{"not_picked":["Judgement+1","MasterReality"],"picked":"DeusExMachina+1","floor":16},{"not_picked":["CutThroughFate+1","Nirvana"],"picked":"Adaptation","floor":18},{"not_picked":["Halt+1","CutThroughFate+1","Study"],"picked":"SKIP","floor":18},{"not_picked":["CarveReality","Crescendo+1"],"picked":"SandsOfTime","floor":21},{"not_picked":["Weave","ThirdEye+1","Vengeance+1"],"picked":"SKIP","floor":21},{"not_picked":["Protect+1","ReachHeaven","JustLucky"],"picked":"SKIP","floor":23},{"not_picked":["ClearTheMind+1","Wireheading"],"picked":"Evaluate+1","floor":24},{"not_picked":["ReachHeaven","Crescendo+1","LikeWater"],"picked":"SKIP","floor":24},{"not_picked":["Scrawl+1","JustLucky+1"],"picked":"Wallop+1","floor":27},{"not_picked":["FlyingSleeves","CutThroughFate","Consecrate"],"picked":"SKIP","floor":27},{"not_picked":["Nirvana+1","FlyingSleeves"],"picked":"Wallop+1","floor":28},{"not_picked":["PathToVictory+1","Nirvana+1"],"picked":"Collect+1","floor":28},{"not_picked":["FlurryOfBlows","Halt+1","Prostrate+1"],"picked":"SKIP","floor":29},{"not_picked":["Conclude+1","Halt+1","Vengeance+1"],"picked":"Protect+1","floor":30},{"not_picked":["Tantrum+1","FlurryOfBlows+1","BowlingBash","Consecrate+1"],"picked":"SKIP","floor":30},{"not_picked":["ConjureBlade+1","Omniscience+1","Ragnarok"],"picked":"Wish+1","floor":33},{"not_picked":["BattleHymn","EmptyBody+1","EmptyFist+1"],"picked":"InnerPeace+1","floor":35},{"not_picked":["EmptyMind+1","ClearTheMind+1","LikeWater+1","Wireheading"],"picked":"SKIP","floor":35},{"not_picked":["LikeWater+1","SashWhip+1","Protect+1"],"picked":"Worship+1","floor":36},{"not_picked":["SashWhip+1","Scrawl+1","Consecrate+1","BowlingBash+1"],"picked":"SKIP","floor":36},{"not_picked":["Adaptation","ClearTheMind+1","Tantrum","PathToVictory+1"],"picked":"SKIP","floor":39},{"not_picked":["Crescendo+1","Evaluate+1","FollowUp","ClearTheMind+1"],"picked":"SKIP","floor":39},{"not_picked":["WaveOfTheHand+1","EmptyBody+1","LikeWater"],"picked":"TalkToTheHand+1","floor":40},{"not_picked":["Meditate+1","Crescendo+1","BattleHymn+1","WindmillStrike"],"picked":"SKIP","floor":42},{"not_picked":["ReachHeaven+1","CutThroughFate","Blasphemy+1","BowlingBash"],"picked":"SKIP","floor":42},{"not_picked":["FlurryOfBlows","Prostrate+1","Protect+1"],"picked":"MentalFortress","floor":44},{"not_picked":["Collect+1","FlyingSleeves+1","SignatureMove","ForeignInfluence+1"],"picked":"SKIP","floor":44},{"not_picked":["BowlingBash+1","FollowUp","EmptyFist+1"],"picked":"DevaForm","floor":46},{"not_picked":["WaveOfTheHand+1","WindmillStrike+1","SignatureMove+1"],"picked":"FearNoEvil","floor":47},{"not_picked":["FollowUp","Halt+1","EmptyBody+1"],"picked":"Worship+1","floor":47},{"not_picked":["EmptyMind+1","Wireheading","Crescendo+1","Study+1"],"picked":"SKIP","floor":54}],"player_experience":545486,"relics_obtained":[{"floor":9,"key":"Mango"},{"floor":10,"key":"Toxic Egg 2"},{"floor":12,"key":"Prayer Wheel"},{"floor":23,"key":"Nunchaku"},{"floor":26,"key":"Lizard Tail"},{"floor":29,"key":"Question Card"},{"floor":40,"key":"Whetstone"},{"floor":43,"key":"Potion Belt"},{"floor":43,"key":"Pear"},{"floor":46,"key":"Pantograph"},{"floor":48,"key":"MealTicket"},{"floor":48,"key":"InkBottle"},{"floor":54,"key":"White Beast Statue"}],"event_choices":[{"cards_removed":["Strike_P"],"damage_healed":0,"gold_gain":0,"player_choice":"Card Removal","damage_taken":7,"max_hp_gain":0,"max_hp_loss":0,"event_name":"Golden Wing","floor":4,"gold_loss":0},{"damage_healed":0,"gold_gain":0,"player_choice":"Donut","damage_taken":0,"max_hp_gain":5,"max_hp_loss":0,"event_name":"Big Fish","floor":14,"gold_loss":0},{"damage_healed":0,"gold_gain":200,"player_choice":"Gold","damage_taken":0,"max_hp_gain":0,"max_hp_loss":0,"event_name":"Wheel of Change","floor":19,"gold_loss":0},{"damage_healed":0,"gold_gain":0,"player_choice":"Read","damage_taken":0,"max_hp_gain":0,"max_hp_loss":0,"event_name":"The Library","floor":22,"gold_loss":0,"cards_obtained":["WheelKick"]},{"damage_healed":0,"gold_gain":0,"player_choice":"Ignored","damage_taken":0,"max_hp_gain":0,"max_hp_loss":0,"event_name":"NoteForYourself","floor":25,"gold_loss":0},{"damage_healed":0,"gold_gain":0,"player_choice":"Paid Gold","damage_taken":0,"relics_obtained":["Strawberry"],"max_hp_gain":0,"max_hp_loss":0,"event_name":"WeMeetAgain","floor":38,"gold_loss":55},{"damage_healed":0,"gold_gain":100,"player_choice":"Pray","damage_taken":0,"max_hp_gain":0,"max_hp_loss":0,"event_name":"Golden Shrine","floor":45,"gold_loss":0}],"is_beta":false,"boss_relics":[{"not_picked":["Tiny House","Fusion Hammer"],"picked":"Coffee Dripper"},{"not_picked":["Runic Pyramid","Runic Dome"],"picked":"Philosopher\u0027s Stone"}],"items_purged_floors":[8,20,31,53],"is_endless":false,"potions_floor_spawned":[2,5,7,10,24,28,29,35,47],"ascension_level":0}}