{"host":"cvw9qspg8f691jio","time":1608698577,"event":{"mods":["BaseMod","Filter the Spire","Minty Spire (QoL Compilation)","Relic Stats","StSLib"],"gold_per_floor":[111,111,127,52,67,67,99,99,169,182,195,26,61,20,20,93,93,110,35,35,35,47,74,74,124,124,124,140,140,140],"floor_reached":29,"playtime":1273,"items_purged":["Strike_G"],"score":477,"play_id":"236f49a8-86bf-4475-b5ee-b6a5a24f23b6","local_time":"20201222234257","is_ascension_mode":true,"campfire_choices":[{"data":"Predator","floor":6.0,"key":"SMITH"},{"floor":8.0,"key":"REST"},{"data":"Noxious Fumes","floor":15.0,"key":"SMITH"},{"data":"Noxious Fumes","floor":24.0,"key":"SMITH"},{"floor":27.0,"key":"REST"}],"circlet_count":0,"master_deck":["AscendersBane","Strike_G+1","Defend_G+1","Defend_G+1","Defend_G+1","Defend_G+1","Survivor","Neutralize","Die Die Die","Predator+1","Noxious Fumes+1","Acrobatics","PiercingWail","Quick Slash","Noxious Fumes+1","Well Laid Plans","Adrenaline","Acrobatics+1","Bane+1"],"relics":["Ring of the Snake","Toy Ornithopter","Gremlin Horn","DollysMirror","Art of War","SlaversCollar","Anchor"],"acts_visited":["Exordium","TheCity"],"potions_floor_usage":[29,29],"damage_taken":[{"damage":0.0,"enemies":"2 Louse","floor":1.0,"turns":1.0},{"damage":0.0,"enemies":"Small Slimes","floor":3.0,"turns":2.0},{"damage":2.0,"enemies":"Jaw Worm","floor":5.0,"turns":3.0},{"damage":19.0,"enemies":"Gremlin Nob","floor":7.0,"turns":4.0},{"damage":4.0,"enemies":"Blue Slaver","floor":10.0,"turns":3.0},{"damage":0.0,"enemies":"3 Louse","floor":11.0,"turns":2.0},{"damage":17.0,"enemies":"Lagavulin","floor":13.0,"turns":6.0},{"damage":6.0,"enemies":"Hexaghost","floor":16.0,"turns":9.0},{"damage":17.0,"enemies":"Chosen","floor":18.0,"turns":6.0},{"damage":4.0,"enemies":"Spheric Guardian","floor":22.0,"turns":5.0},{"damage":6.0,"enemies":"Gremlin Leader","floor":23.0,"turns":6.0},{"damage":41.0,"enemies":"Cultist and Chosen","floor":28.0,"turns":6.0},{"damage":19,"enemies":"Book of Stabbing","floor":29,"turns":5}],"seed_played":"6090007084057770045","potions_obtained":[{"floor":1.0,"key":"Strength Potion"},{"floor":3.0,"key":"PowerPotion"},{"floor":7.0,"key":"AttackPotion"},{"floor":10.0,"key":"Strength Potion"},{"floor":16.0,"key":"EssenceOfSteel"},{"floor":23.0,"key":"Fire Potion"},{"floor":28.0,"key":"Dexterity Potion"}],"is_trial":false,"path_per_floor":["M","?","M","?","M","R","E","R","T","M","M","$","E","$","R","B",null,"M","$","?","?","M","E","R","?","T","R","M","E"],"character_chosen":"THE_SILENT","items_purchased":["DollysMirror","Well Laid Plans"],"campfire_rested":2,"item_purchase_floors":[12,14],"current_hp_per_floor":[44,37,37,37,35,35,16,35,35,31,31,31,14,14,14,13,53,36,36,36,36,32,26,26,26,26,45,4,0,0],"gold":140,"neow_bonus":"TRANSFORM_TWO_CARDS","is_daily":false,"chose_seed":false,"campfire_upgraded":3,"win_rate":0.0,"timestamp":1608698577,"path_taken":["M","?","M","?","M","R","E","R","T","M","M","?","E","$","R","BOSS","M","$","?","?","M","E","R","?","T","R","M","E"],"items_purchased_type":["Relic","Card"],"build_version":"2020-12-13","purchased_purges":1,"victory":false,"max_hp_per_floor":[66,66,66,66,66,66,66,66,66,66,66,66,66,66,66,66,66,66,66,66,66,66,66,66,66,66,66,66,66,66],"relic_stats":{"Gremlin Horn":[6,6],"counters":[13,58],"Art of War":[8],"obtain_stats":[{"SlaversCollar":17,"Anchor":23,"Gremlin Horn":9,"DollysMirror":12,"Art of War":13,"Toy Ornithopter":7,"Ring of the Snake":0},{"SlaversCollar":8,"Anchor":11,"Gremlin Horn":4,"DollysMirror":6,"Art of War":7,"Toy Ornithopter":4,"Ring of the Snake":0},{"SlaversCollar":30,"Anchor":47,"Gremlin Horn":10,"DollysMirror":15,"Art of War":21,"Toy Ornithopter":10,"Ring of the Snake":0}],"Toy Ornithopter":15,"Ring of the Snake":[26]},"card_choices":[{"not_picked":["Accuracy","Flying Knee","Underhanded Strike"],"picked":"SKIP","floor":1.0},{"not_picked":["Catalyst","Underhanded Strike"],"picked":"Noxious Fumes","floor":3.0},{"not_picked":["Prepared","Poisoned Stab"],"picked":"Acrobatics","floor":5.0},{"not_picked":["Underhanded Strike","Cloak And Dagger"],"picked":"PiercingWail","floor":7.0},{"not_picked":["Prepared","Dodge and Roll"],"picked":"Quick Slash","floor":10.0},{"not_picked":["Prepared","All Out Attack","Masterful Stab"],"picked":"SKIP","floor":11.0},{"not_picked":["Prepared","Dodge and Roll","Cloak And Dagger"],"picked":"SKIP","floor":13.0},{"not_picked":["Phantasmal Killer","Grand Finale"],"picked":"Adrenaline","floor":16.0},{"not_picked":["Masterful Stab","Backflip"],"picked":"Acrobatics+1","floor":18.0},{"not_picked":["Slice","Poisoned Stab","Acrobatics+1"],"picked":"SKIP","floor":22.0},{"not_picked":["Reflex","Prepared","Poisoned Stab"],"picked":"SKIP","floor":23.0},{"not_picked":["Prepared","Dagger Spray"],"picked":"Bane+1","floor":28.0}],"player_experience":462112,"relics_obtained":[{"floor":7.0,"key":"Toy Ornithopter"},{"floor":9.0,"key":"Gremlin Horn"},{"floor":13.0,"key":"Art of War"},{"floor":23.0,"key":"Anchor"}],"event_choices":[{"cards_removed":["Strike_G"],"damage_healed":0.0,"max_hp_gain":0.0,"max_hp_loss":0.0,"gold_gain":0.0,"event_name":"Golden Wing","player_choice":"Card Removal","floor":2.0,"gold_loss":0.0,"damage_taken":7.0},{"cards_removed":["Strike_G"],"damage_healed":0.0,"max_hp_gain":0.0,"max_hp_loss":0.0,"gold_gain":0.0,"event_name":"The Cleric","player_choice":"Card Removal","floor":4.0,"gold_loss":75.0,"damage_taken":0.0},{"damage_healed":0.0,"max_hp_gain":0.0,"max_hp_loss":0.0,"gold_gain":0.0,"event_name":"Back to Basics","player_choice":"Simplicity","floor":20.0,"gold_loss":0.0,"damage_taken":0.0,"cards_upgraded":["Strike_G","Defend_G","Defend_G","Defend_G","Defend_G"]},{"damage_healed":0.0,"max_hp_gain":0.0,"max_hp_loss":0.0,"gold_gain":100.0,"event_name":"The Joust","player_choice":"Bet on Murderer","floor":25.0,"gold_loss":50.0,"damage_taken":0.0}],"is_beta":false,"boss_relics":[{"not_picked":["HoveringKite","Busted Crown"],"picked":"SlaversCollar"}],"items_purged_floors":[19],"is_endless":false,"potions_floor_spawned":[1,3,7,10,16,23,28],"killed_by":"Book of Stabbing","ascension_level":18}}