{"host":"6ld56ls1xbe0aj21","time":1608695722,"event":{"mods":["AchievementEnabler","BaseMod","Colored Powertips","Minty Spire (QoL Compilation)","Quick Restart","Rare Cards Sparkle","StSLib","SuperFastMode","everything is the same but u backflip on backflip","slay the spire mod where everything is the same but ironclad has a cowboy hat"],"gold_per_floor":[111,129,31,31,31,66,66,100,127,27,27,48,62,98,98,218,218,234,255,180,205,205,246,57,91,91,124,223,248,282,305,305,435,435,450,474,1473,571,595,628,628,672,697,697,712,712,328,347,347,347,347,347,34,69,69],"floor_reached":56,"playtime":2717,"items_purged":["Defend_G","Defend_G","Normality","Normality","Defend_G"],"score":1611,"play_id":"72b29502-e435-4d44-9eda-3d2a14197630","local_time":"20201223145522","is_ascension_mode":true,"campfire_choices":[{"data":"Backflip","floor":7.0,"key":"SMITH"},{"data":"Flying Knee","floor":11.0,"key":"SMITH"},{"data":"Poisoned Stab","floor":15.0,"key":"SMITH"},{"data":"Wraith Form v2","floor":32.0,"key":"SMITH"},{"data":"Violence","floor":41.0,"key":"SMITH"},{"data":"Calculated Gamble","floor":46.0,"key":"SMITH"},{"floor":49,"key":"RECALL"},{"data":"Bullet Time","floor":52,"key":"SMITH"}],"circlet_count":0,"master_deck":["Strike_G","Survivor","Neutralize+1","Venomology+1","Cloak And Dagger+1","Die Die Die+1","Dagger Throw","Flying Knee+1","Backflip+1","Acrobatics","Finisher+1","Blur","Deadly Poison","Poisoned Stab+1","Grand Finale","CurseOfTheBell","Calculated Gamble+1","Backstab","Wraith Form v2+1","Accuracy","Corpse Explosion","Bouncing Flask","Bullet Time+1","Dash+1","Backstab+1","Purity","Violence+1","Catalyst+1","Escape Plan","Catalyst+1","Blade Dance+1","Accuracy+1"],"relics":["Astrolabe","Golden Idol","Whetstone","Pear","Akabeko","Calling Bell","Bronze Scales","Question Card","Gambling Chip","Pen Nib","ClockworkSouvenir","Anchor","Mango","Potion Belt","Bird Faced Urn","Black Star","Mummified Hand","HornCleat","Happy Flower","Tingsha","StrikeDummy","Paper Crane","PreservedInsect","Membership Card","InkBottle","Boot","Orichalcum","Sling","Thread and Needle","CaptainsWheel"],"acts_visited":["Exordium","TheCity","TheBeyond","TheEnding"],"potions_floor_usage":[48,50,50,50,50,50,50,50,50,50,54,54,55],"damage_taken":[{"damage":0.0,"enemies":"2 Louse","floor":1.0,"turns":3.0},{"damage":0.0,"enemies":"Cultist","floor":2.0,"turns":3.0},{"damage":11.0,"enemies":"Lagavulin","floor":6.0,"turns":7.0},{"damage":0.0,"enemies":"Gremlin Nob","floor":8.0,"turns":2.0},{"damage":0.0,"enemies":"Small Slimes","floor":12.0,"turns":2.0},{"damage":3.0,"enemies":"Looter","floor":13.0,"turns":2.0},{"damage":8.0,"enemies":"Lagavulin","floor":14.0,"turns":5.0},{"damage":28.0,"enemies":"The Guardian","floor":16.0,"turns":8.0},{"damage":0.0,"enemies":"Chosen","floor":18.0,"turns":2.0},{"damage":0.0,"enemies":"Spheric Guardian","floor":19.0,"turns":2.0},{"damage":4.0,"enemies":"Centurion and Healer","floor":21.0,"turns":5.0},{"damage":14.0,"enemies":"Book of Stabbing","floor":23.0,"turns":2.0},{"damage":4.0,"enemies":"Slavers","floor":25.0,"turns":3.0},{"damage":8.0,"enemies":"Gremlin Leader","floor":27.0,"turns":4.0},{"damage":19.0,"enemies":"Snake Plant","floor":29.0,"turns":3.0},{"damage":13.0,"enemies":"Book of Stabbing","floor":30.0,"turns":3.0},{"damage":0.0,"enemies":"Snecko","floor":31.0,"turns":3.0},{"damage":24.0,"enemies":"Collector","floor":33.0,"turns":5.0},{"damage":9.0,"enemies":"Orb Walker","floor":35.0,"turns":3.0},{"damage":0.0,"enemies":"3 Shapes","floor":36.0,"turns":2.0},{"damage":0.0,"enemies":"Sphere and 2 Shapes","floor":39.0,"turns":4.0},{"damage":0.0,"enemies":"Nemesis","floor":40.0,"turns":5.0},{"damage":11.0,"enemies":"Reptomancer","floor":42.0,"turns":5.0},{"damage":0.0,"enemies":"Jaw Worm Horde","floor":45.0,"turns":1.0},{"damage":1,"enemies":"Writhing Mass","floor":48,"turns":4},{"damage":16,"enemies":"Awakened One","floor":50,"turns":12},{"damage":2,"enemies":"Shield and Spear","floor":54,"turns":2},{"damage":89,"enemies":"The Heart","floor":55,"turns":8}],"seed_played":"7681654547052038892","potions_obtained":[{"floor":2.0,"key":"SkillPotion"},{"floor":8.0,"key":"GamblersBrew"},{"floor":13.0,"key":"AttackPotion"},{"floor":16.0,"key":"CunningPotion"},{"floor":18.0,"key":"ColorlessPotion"},{"floor":23.0,"key":"SpeedPotion"},{"floor":29.0,"key":"Regen Potion"},{"floor":30.0,"key":"Weak Potion"},{"floor":31.0,"key":"LiquidMemories"},{"floor":33.0,"key":"SkillPotion"},{"floor":36.0,"key":"EssenceOfSteel"},{"floor":40.0,"key":"SpeedPotion"},{"floor":42.0,"key":"EntropicBrew"}],"is_trial":false,"path_per_floor":["M","M","$","?","?","E","R","E","T","$","R","M","M","E","R","B",null,"M","M","?","M","?","E","$","E","T","E","?","M","E","M","R","B",null,"M","M","?","$","M","E","R","E","T","?","M","R","$","M","R","B",null,"R","$","E","B",null],"character_chosen":"THE_SILENT","items_purchased":["Backflip","ClockworkSouvenir","Accuracy","Mummified Hand","HornCleat","Purity","Violence","Membership Card","InkBottle","DistilledChaos","Boot","Orichalcum","Sling"],"campfire_rested":0,"item_purchase_floors":[3,24,24,38,38,38,38,47,47,47,53,53,53],"current_hp_per_floor":[70,70,70,53,53,42,42,52,52,52,52,52,49,41,41,13,80,80,80,80,76,76,62,62,58,72,64,64,45,41,43,43,21,94,85,85,85,85,87,89,89,84,84,84,84,84,84,85,85,75,94,94,94,92,5],"gold":69,"neow_bonus":"BOSS_RELIC","is_daily":false,"chose_seed":false,"campfire_upgraded":7,"win_rate":0.0,"timestamp":1608695722,"path_taken":["M","M","$","?","?","E","R","E","T","$","R","?","M","E","R","BOSS","M","M","?","M","?","E","$","E","T","E","?","M","E","M","R","BOSS","M","M","?","$","M","E","R","E","T","?","M","R","$","?","R","BOSS","R","$","E","BOSS"],"items_purchased_type":["Card","Relic","Card","Relic","Relic","Card","Card","Relic","Relic","Potion","Relic","Relic","Relic"],"build_version":"2020-12-13","purchased_purges":5,"victory":true,"max_hp_per_floor":[70,70,70,70,70,70,70,80,80,80,80,80,80,80,80,80,80,80,80,80,80,80,80,80,80,94,94,94,94,94,94,94,94,94,94,94,94,94,94,94,94,94,94,94,94,94,94,94,94,94,94,94,94,94,94],"card_choices":[{"not_picked":["Setup","Underhanded Strike"],"picked":"Dagger Throw","floor":1.0},{"not_picked":["Concentrate","Underhanded Strike"],"picked":"Flying Knee","floor":2.0},{"not_picked":["Deflect","Setup"],"picked":"Finisher","floor":6.0},{"not_picked":["Deflect","Backflip"],"picked":"Blur","floor":8.0},{"not_picked":["Sucker Punch","Quick Slash","Outmaneuver"],"picked":"SKIP","floor":12.0},{"not_picked":["Acrobatics","Dagger Spray"],"picked":"Deadly Poison","floor":13.0},{"not_picked":["Dodge and Roll","Predator"],"picked":"Poisoned Stab","floor":14.0},{"not_picked":["Doppelganger","Venomology"],"picked":"Grand Finale","floor":16.0},{"not_picked":["Tactician+1","PiercingWail","Outmaneuver"],"picked":"Calculated Gamble","floor":18.0},{"not_picked":["Backflip","Prepared","Flying Knee+1","Terror"],"picked":"SKIP","floor":19.0},{"not_picked":["Blade Dance","Caltrops","Dagger Throw"],"picked":"Backstab","floor":21.0},{"not_picked":["Infinite Blades","Calculated Gamble","Blade Dance"],"picked":"Wraith Form v2","floor":23.0},{"not_picked":["Eviscerate+1","Flying Knee","Dodge and Roll+1","Underhanded Strike"],"picked":"SKIP","floor":25.0},{"not_picked":["Deadly Poison+1","Tactician","Underhanded Strike"],"picked":"Corpse Explosion","floor":27.0},{"not_picked":["Dagger Throw","Dodge and Roll+1","Infinite Blades","Predator"],"picked":"SKIP","floor":29.0},{"not_picked":["Prepared","Footwork","Masterful Stab","Quick Slash"],"picked":"SKIP","floor":30.0},{"not_picked":["Flying Knee","Deadly Poison","Deflect"],"picked":"Bouncing Flask","floor":31.0},{"not_picked":["Venomology","After Image","Glass Knife"],"picked":"Bullet Time","floor":33.0},{"not_picked":["Sucker Punch+1","Quick Slash","Infinite Blades+1"],"picked":"Dash+1","floor":35.0},{"not_picked":["Backflip","Dagger Spray","Caltrops+1"],"picked":"Backstab+1","floor":36.0},{"not_picked":["Poisoned Stab+1","Cloak And Dagger+1","Backflip","Quick Slash"],"picked":"SKIP","floor":39.0},{"not_picked":["Underhanded Strike+1","Dodge and Roll+1","Terror"],"picked":"Catalyst+1","floor":40.0},{"not_picked":["Tactician","Bullet Time","Cloak And Dagger+1"],"picked":"Escape Plan","floor":42.0},{"not_picked":["Dodge and Roll+1","Bouncing Flask+1","Quick Slash","Poisoned Stab+1"],"picked":"SKIP","floor":45.0},{"not_picked":["Dagger Throw","Dodge and Roll+1","Reflex+1"],"picked":"Blade Dance+1","floor":48},{"not_picked":["Heel Hook","All Out Attack","Caltrops"],"picked":"Accuracy+1","floor":54}],"player_experience":236570,"relics_obtained":[{"floor":6.0,"key":"Whetstone"},{"floor":8.0,"key":"Pear"},{"floor":14.0,"key":"Akabeko"},{"floor":17.0,"key":"Bronze Scales"},{"floor":17.0,"key":"Question Card"},{"floor":17.0,"key":"Gambling Chip"},{"floor":23.0,"key":"Pen Nib"},{"floor":25.0,"key":"Anchor"},{"floor":26.0,"key":"Mango"},{"floor":27.0,"key":"Potion Belt"},{"floor":30.0,"key":"Bird Faced Urn"},{"floor":40.0,"key":"Happy Flower"},{"floor":40.0,"key":"Tingsha"},{"floor":42.0,"key":"StrikeDummy"},{"floor":42.0,"key":"Paper Crane"},{"floor":43.0,"key":"PreservedInsect"},{"floor":54,"key":"Thread and Needle"},{"floor":54,"key":"CaptainsWheel"}],"event_choices":[{"damage_healed":0.0,"max_hp_gain":0.0,"max_hp_loss":0.0,"gold_gain":0.0,"event_name":"Golden Idol","player_choice":"Take Damage","floor":4.0,"gold_loss":0.0,"damage_taken":17.0,"relics_obtained":["Golden Idol"]},{"damage_healed":0.0,"max_hp_gain":0.0,"max_hp_loss":0.0,"gold_gain":0.0,"cards_transformed":["Defend_G"],"event_name":"Transmorgrifier","player_choice":"Transformed","floor":5.0,"gold_loss":0.0,"damage_taken":0.0,"cards_obtained":["Acrobatics"]},{"cards_removed":["Defend_G"],"damage_healed":0.0,"max_hp_gain":0.0,"max_hp_loss":0.0,"gold_gain":0.0,"event_name":"Beggar","player_choice":"Gave Gold","floor":20.0,"gold_loss":75.0,"damage_taken":0.0},{"cards_removed":["Strike_G"],"damage_healed":0.0,"max_hp_gain":0.0,"max_hp_loss":0.0,"gold_gain":0.0,"event_name":"Back to Basics","player_choice":"Elegance","floor":22.0,"gold_loss":0.0,"damage_taken":0.0},{"damage_healed":0.0,"max_hp_gain":0.0,"max_hp_loss":0.0,"gold_gain":99.0,"event_name":"Nest","player_choice":"Stole From Cult","floor":28.0,"gold_loss":0.0,"damage_taken":0.0},{"damage_healed":0.0,"max_hp_gain":0.0,"max_hp_loss":0.0,"gold_gain":999.0,"event_name":"MindBloom","player_choice":"Gold","floor":37.0,"gold_loss":0.0,"damage_taken":0.0,"cards_obtained":["Normality","Normality"]},{"damage_healed":0.0,"max_hp_gain":0.0,"max_hp_loss":0.0,"gold_gain":0.0,"event_name":"Duplicator","player_choice":"Copied","floor":44.0,"gold_loss":0.0,"damage_taken":0.0,"cards_obtained":["Catalyst"]}],"is_beta":false,"boss_relics":[{"not_picked":["Pandora\u0027s Box","Busted Crown"],"picked":"Calling Bell"},{"not_picked":["Cursed Key","Snecko Eye"],"picked":"Black Star"}],"items_purged_floors":[3,10,38,47,53],"is_endless":false,"potions_floor_spawned":[2,8,13,16,18,23,29,30,31,33,36,40,42],"ascension_level":3}}