{"host":"ty9fb48q9oru32qm","time":1608729484,"event":{"mods":["2.2 Compatiblity","AchievementEnabler","Act Like it!","Astrologer","BaseMod","Beaked The Cultist","Better Synergies","Block Reminder","Colored Powertips","Conspire","DeckTracker","Downfall","Friendly Minions","GifTheSpireLib","Hermit","Hubris","Infinite Spire","Jorbs\u0027s Wanderer Trilogy","Marisa????????","Minty Spire (QoL Compilation)","Permanent Neow","Quick Restart","Random Character Button","Replay The Spire","Somnambulant","StSLib","Stuff the Spire","The Construct","The Cursed","The Runesmith","The Servant 0.9.4","TheHeartMod"],"gold_per_floor":[99,118,129,30,41,41,65,77,106,106,106,126,126,137,151,253,253,253,277,289,397,469,486,510,528,578,390,460,485,548,598,616,714,714,639,656,767,365,515,529,529,529,96,96,106,119,151,162,162,162,162],"floor_reached":49,"playtime":5825,"items_purged":["hexamod:Strike","hexamod:Defend","hexamod:Strike"],"score":645,"play_id":"cd6a572f-1955-4ee7-8452-65160432434e","local_time":"20201223141804","is_ascension_mode":false,"campfire_choices":[{"data":"hexamod:Sear","floor":1,"key":"SMITH"},{"floor":11,"key":"REST"},{"floor":13,"key":"REST"},{"floor":18,"key":"RECALL"},{"data":"hexamod:ParanormalForm","floor":35,"key":"SMITH"},{"data":"infinitespire:UltimateForm","floor":42,"key":"SMITH"},{"floor":44,"key":"REST"}],"circlet_count":0,"master_deck":["hexamod:Strike","hexamod:Strike+1","hexamod:Defend+1","hexamod:Defend","hexamod:Defend","hexamod:Sear+1","hexamod:Float","hexamod:Firestarter+1","hexamod:VolcanoVisage","Replay:SS_forest_6","hexamod:ExtraCrispy+1","infinitespire:Collect","hexamod:RadiantFlame","hexamod:PhantomCloak","hexamod:VolcanoVisage","hexamod:GhostflameBarrier+1","hexamod:FirstSeal","hexamod:BurningTouch","hexamod:SpectersWail+1","hexamod:GhostLash+1","hexamod:FastForward+1","hexamod:ParanormalForm+1","hexamod:HauntingEcho+1","hexamod:Hexaguard+1","hexamod:SoulSteal+1","expansioncontent:QuickStudy","infinitespire:UltimateForm+1","hexamod:ThermalTransfer+1","hexamod:EmpoweredFlame"],"relics":["hexamod:SpiritBrand","Orichalcum","Oddly Smooth Stone","Replay:WaspNest","hubris:ScarierMask","downfall:CloakOfManyFaces","CultistMask","FaceOfCleric","NlothsMask","GremlinMask","SsserpentHead","hexamod:TheBrokenSeal","Bag of Preparation","conspire:TreasureMap","Whetstone","conspire:SlowCooker","downfall:HeartBlessingRed","Smiling Mask","StuffTheSpire:Experiment12","conspire:InfiniteJournal","StuffTheSpire:Mouthbags","HornCleat","Bottled Tornado","TheAbacus","Pocketwatch"],"acts_visited":["Exordium","TheCity","TheBeyond"],"potions_floor_usage":[20,22,33,39],"damage_taken":[{"damage":1,"enemies":"Jaw Worm","floor":2,"turns":4},{"damage":0,"enemies":"Cultist","floor":3,"turns":3},{"damage":0,"enemies":"downfall:FleeingMerchant","floor":4,"turns":4},{"damage":0,"enemies":"2 Louse","floor":5,"turns":3},{"damage":20,"enemies":"Exordium Wildlife","floor":8,"turns":6},{"damage":14,"enemies":"3 Sentries","floor":9,"turns":7},{"damage":22,"enemies":"3 Louse","floor":12,"turns":5},{"damage":12,"enemies":"Blue Slaver","floor":14,"turns":4},{"damage":6,"enemies":"2 Fungi Beasts","floor":15,"turns":6},{"damage":28,"enemies":"downfall:Defect","floor":16,"turns":8},{"damage":12,"enemies":"Spheric Guardian","floor":19,"turns":6},{"damage":17,"enemies":"3 Byrds","floor":20,"turns":5},{"damage":16,"enemies":"downfall:FaceTrader","floor":21,"turns":11},{"damage":31,"enemies":"Cultist and Chosen","floor":22,"turns":8},{"damage":0,"enemies":"Centurion and Healer","floor":23,"turns":6},{"damage":10,"enemies":"Shelled Parasite and Fungi","floor":25,"turns":5},{"damage":0,"enemies":"downfall:FleeingMerchant","floor":27,"turns":4},{"damage":0,"enemies":"Snake Plant","floor":28,"turns":3},{"damage":15,"enemies":"conspire:Head Lice","floor":29,"turns":7},{"damage":6,"enemies":"Centurion and Healer","floor":30,"turns":4},{"damage":0,"enemies":"Cultist and Chosen","floor":32,"turns":4},{"damage":46,"enemies":"downfall:Ironclad","floor":33,"turns":10},{"damage":15,"enemies":"Orb Walker","floor":36,"turns":4},{"damage":6,"enemies":"downfall:FleeingMerchant","floor":38,"turns":4},{"damage":12,"enemies":"infinitespire:Three Voidlings","floor":39,"turns":3},{"damage":35,"enemies":"Nightmare_Alpha","floor":39,"turns":12},{"damage":9,"enemies":"3 Darklings","floor":40,"turns":4},{"damage":17,"enemies":"downfall:FleeingMerchant","floor":43,"turns":4},{"damage":2,"enemies":"Maw","floor":45,"turns":7},{"damage":19,"enemies":"Jaw Worm Horde","floor":46,"turns":4},{"damage":70,"enemies":"Reptomancer","floor":47,"turns":7},{"damage":24,"enemies":"Transient","floor":48,"turns":5},{"damage":31,"enemies":"Sphere and 2 Shapes","floor":49,"turns":3}],"seed_played":"-3226526739667113333","potions_obtained":[{"floor":2,"key":"Toxic Potion"},{"floor":3,"key":"PowerPotion"},{"floor":5,"key":"Weak Potion"},{"floor":8,"key":"PowerPotion"},{"floor":20,"key":"FearPotion"},{"floor":21,"key":"Fruit Juice"},{"floor":23,"key":"Energy Potion"},{"floor":28,"key":"SkillPotion"},{"floor":29,"key":"champ:CounterPotion"},{"floor":37,"key":"infinitespire:BlackPotion"},{"floor":39,"key":"Energy Potion"},{"floor":46,"key":"hexamod:InfernoChargePotion"},{"floor":47,"key":"DuplicationPotion"}],"is_trial":false,"path_per_floor":["R","M","M","$","M","?","T","M","E","?","R","M","R","M","M","B",null,"R","M","M","?","M","M","T","M","T","$","M","E","M","?","M","B",null,"R","M","?","$","?","M","T","R","$","R","M","M","E","M","M"],"character_chosen":"THE_SPIRIT","items_purchased":["Replay:SS_forest_6","conspire:TreasureMap","expansioncontent:QuickStudy","StuffTheSpire:Experiment12","HornCleat","Bottled Tornado","hexamod:EmpoweredFlame","TheAbacus"],"campfire_rested":3,"item_purchase_floors":[4,27,38,38,43,43,43,43],"current_hp_per_floor":[70,69,69,69,69,51,51,31,17,17,38,16,37,33,35,7,70,70,66,61,60,85,86,86,84,84,89,90,76,86,68,76,38,99,99,92,92,87,68,60,60,60,59,90,96,85,31,23,0,0,0],"gold":162,"neow_bonus":"RANDOM_COMMON_RELIC","is_daily":false,"chose_seed":false,"campfire_upgraded":3,"win_rate":0.0,"timestamp":1608729484,"path_taken":["R","M","M","$","M","?","T","M","E","?","R","?","R","M","M","BOSS","R","M","M","?","?","M","T","M","?","?","?","E","?","?","M","BOSS","R","M","?","$","?","M","T","R","$","R","M","M","E","M","M"],"items_purchased_type":["Card","Relic","Card","Relic","Relic","Relic","Card","Relic"],"build_version":"2020-12-22","purchased_purges":3,"victory":false,"max_hp_per_floor":[70,70,70,70,70,70,70,70,70,70,70,70,70,70,70,70,70,70,70,70,70,86,87,87,88,88,89,90,91,92,97,98,99,99,99,100,100,101,103,104,104,104,105,105,106,107,108,109,109,109,109],"card_choices":[{"not_picked":["hexamod:RainOfEmbers","hexamod:Hexaguard"],"picked":"hexamod:Firestarter","floor":2},{"not_picked":["hexamod:SecondSeal","hexamod:SpectersWail"],"picked":"hexamod:VolcanoVisage","floor":3},{"not_picked":["hexamod:ThirdSeal","hexamod:SecondSeal"],"picked":"hexamod:ThermalTransfer","floor":4},{"not_picked":["hexamod:GhostLash","hexamod:NightmareStrike"],"picked":"hexamod:ExtraCrispy","floor":5},{"not_picked":["ReplayTheSpireMod:Black Plague","infinitespire:Menacing"],"picked":"infinitespire:Collect","floor":6},{"not_picked":["hexamod:PhantomFireball","hexamod:StepThrough"],"picked":"hexamod:RadiantFlame","floor":8},{"not_picked":["hexamod:TimeWarp","hexamod:GhostLash","hexamod:Rewind"],"picked":"SKIP","floor":9},{"not_picked":["hexamod:SecondSeal","hexamod:ThirdSeal"],"picked":"hexamod:SixthSeal","floor":12},{"not_picked":["hexamod:ShieldOfDarkness","hexamod:HeatMetal","hexamod:InspiringFlames"],"picked":"SKIP","floor":12},{"not_picked":["hexamod:FastForward","hexamod:CatchUp"],"picked":"hexamod:PhantomCloak","floor":14},{"not_picked":["hexamod:AdvancingGuard","hexamod:HeatCrush","hexamod:BacktrackSmack"],"picked":"SKIP","floor":15},{"not_picked":["hexamod:ThirdSeal","hexamod:SixthSeal"],"picked":"hexamod:SecondSeal","floor":16},{"not_picked":["hexamod:EmpoweringStance","hexamod:TimeOfNeed"],"picked":"hexamod:VolcanoVisage","floor":16},{"not_picked":["hexamod:SixthSeal","hexamod:SecondSeal"],"picked":"hexamod:ThirdSeal","floor":19},{"not_picked":["hexamod:SwordOfDarkness","hexamod:Incineration"],"picked":"hexamod:GhostflameBarrier+1","floor":19},{"not_picked":["hexamod:SecondSeal","hexamod:SixthSeal"],"picked":"hexamod:FirstSeal","floor":20},{"not_picked":["hexamod:NightmareGuise","hexamod:ThirdSeal","hexamod:InspiringFlames"],"picked":"SKIP","floor":20},{"not_picked":["hexamod:ThirdSeal","hexamod:SecondSeal"],"picked":"hexamod:FourthSeal","floor":21},{"not_picked":["hexamod:FourthSeal","hexamod:SecondSeal"],"picked":"hexamod:FirstSeal","floor":22},{"not_picked":["hexamod:ThermalTransfer","hexamod:FourthSeal","hexamod:GhostShield"],"picked":"SKIP","floor":22},{"not_picked":["hexamod:NightmareStrike","hexamod:InspiringFlames"],"picked":"hexamod:BurningTouch","floor":23},{"not_picked":["hexamod:RecurringNightmare","hexamod:FastForward","hexamod:NightmareGuise"],"picked":"SKIP","floor":25},{"not_picked":["hexamod:SwordOfDarkness","hexamod:RadiantFlame"],"picked":"hexamod:SpectersWail","floor":27},{"not_picked":["hexamod:Haunt","hexamod:WildfireWeapon"],"picked":"hexamod:GhostLash+1","floor":28},{"not_picked":["hexamod:SecondSeal","hexamod:BacktrackSmack+1","hexamod:BurningTouch+1"],"picked":"SKIP","floor":29},{"not_picked":["hexamod:InspiringFlames","hexamod:GhostLash","hexamod:GhostOfSpirePast"],"picked":"SKIP","floor":30},{"not_picked":["hexamod:Again","hexamod:RadiantFlame"],"picked":"hexamod:FastForward+1","floor":32},{"not_picked":["hexamod:SixthSeal","hexamod:CrushingStance"],"picked":"hexamod:ParanormalForm","floor":33},{"not_picked":["hexamod:PhantomFireball","hexamod:SecondSeal","hexamod:GhostShield"],"picked":"SKIP","floor":36},{"not_picked":["hexamod:BurningTouch","hexamod:BacktrackSmack"],"picked":"hexamod:HauntingEcho+1","floor":37},{"not_picked":["hexamod:DynamicBlow+1","hexamod:AdvancingGuard"],"picked":"hexamod:Hexaguard+1","floor":37},{"not_picked":["hexamod:GhostShield","hexamod:BacktrackSmack+1"],"picked":"hexamod:SoulSteal+1","floor":38},{"not_picked":["infinitespire:Menacing","ReplayTheSpireMod:Black Plague"],"picked":"infinitespire:UltimateForm","floor":39},{"not_picked":["hexamod:Firestarter+1","hexamod:TimeOfNeed","hexamod:SpectralAdrenaline"],"picked":"SKIP","floor":40},{"not_picked":["hexamod:RadiantFlame","hexamod:NightmareStrike","hexamod:NightmareGuise"],"picked":"SKIP","floor":43},{"not_picked":["hexamod:BacktrackSmack","hexamod:SkipABeat+1","hexamod:GhostShield+1"],"picked":"SKIP","floor":45},{"not_picked":["hexamod:ThermalTransfer","hexamod:FirstSeal","hexamod:ExtraCrispy"],"picked":"SKIP","floor":46},{"not_picked":["hexamod:GhostLash+1","hexamod:HauntingEcho+1","hexamod:Firestarter"],"picked":"SKIP","floor":47},{"not_picked":["hexamod:SwordOfDarkness","hexamod:FourthSeal","hexamod:RainOfEmbers+1"],"picked":"SKIP","floor":48}],"player_experience":273823,"relics_obtained":[{"floor":7,"key":"Oddly Smooth Stone"},{"floor":9,"key":"Replay:WaspNest"},{"floor":21,"key":"downfall:CloakOfManyFaces"},{"floor":26,"key":"Bag of Preparation"},{"floor":29,"key":"Whetstone"},{"floor":37,"key":"Smiling Mask"},{"floor":39,"key":"conspire:InfiniteJournal"},{"floor":41,"key":"StuffTheSpire:Mouthbags"},{"floor":47,"key":"Pocketwatch"}],"event_choices":[],"is_beta":false,"boss_relics":[{"not_picked":["beaked:SacredDeck","Pandora\u0027s Box"],"picked":"hubris:ScarierMask"},{"not_picked":["StuffTheSpire:Kangaroo","Ring of Chaos"],"picked":"conspire:SlowCooker"}],"items_purged_floors":[27,38,43],"is_endless":false,"potions_floor_spawned":[2,3,5,8,15,20,21,23,28,29,39,39,40,46,47],"killed_by":"Sphere and 2 Shapes","ascension_level":0}}