{"host":"fbjkyf8096sobcph","time":1608762051,"event":{"mods":["2.2 Compatiblity","AchievementEnabler","Aspiration","BaseMod","Better Altar","Better Match","Better Note","Better Sensory Stone","Better Skull","Better Third Choice","BetterRewards","CCEM","Clawfect","Colored Map","Conspire","Downfall","GifTheSpireLib","Halation","Highlight Path","Hubris","Infinite Spire","Mimic Mod","Minty Spire (QoL Compilation)","Permanent Neow","Replay The Spire","Shop Mod","Spicy Shops","StSLib","Stuff the Spire","Unceasing Turn Reminder","Waifu the Spire","everything is the same but u backflip on backflip","slay the spire mod where everything is the same but ironclad has a cowboy hat"],"gold_per_floor":[99,99,99,99,164,78,102,102,116,41,71,71,71,71,91,189,189,189,208,208,358,358,376,399,432,458,458,69,69,102,102,121,218,268,268,279,279,279,279,290,342,267,27,27,40,70,98,98,108,108],"floor_reached":51,"playtime":4106,"items_purged":["Pain","Injury","StuffTheSpire:CuriosityCurse"],"score":580,"play_id":"ea6129e9-6824-4899-a34e-16d98e59fcd2","local_time":"20201223232051","is_ascension_mode":false,"campfire_choices":[{"floor":1,"key":"RECALL"},{"floor":10,"key":"REST"},{"floor":13,"key":"REST"},{"data":"Pot Of Greed","floor":18,"key":"SMITH"},{"data":"hubris:Fate","floor":27,"key":"SMITH"},{"data":"Chrysalis","floor":42,"key":"SMITH"},{"data":"sneckomod:SnakeSap","floor":44,"key":"SMITH"}],"circlet_count":0,"master_deck":["sneckomod:TailWhip+1","sneckomod:SnekBite","sneckomod:Unknown","sneckomod:Unknown","sneckomod:UnknownClassINFINITE_BLACK","sneckomod:RainOfDice","sneckomod:SnakeSap+1","sneckomod:UnknownClassBLESSING","sneckomod:UnknownClassPURPLE","sneckomod:IronFang","Pot Of Greed+1","Pot Of Greed+1","Predator","Draining Mist","sneckomod:TrashToTreasure","sneckomod:MorePower+1","sneckomod:UnknownClassPURPLE+1","hubris:Fate+1","sneckomod:UnknownColorless+1","Dramatic Entrance+1","sneckomod:Unknown1Cost+1","hubris:Ssssneak+1","sneckomod:UnknownClassHEXA_GHOST_PURPLE+1","sneckomod:UnknownBlock+1","sneckomod:CheapStock+1","expansioncontent:Sear+1","sneckomod:UnknownBlock+1","sneckomod:UnknownStrength+1","sneckomod:UnknownClassBLESSING+1","sneckomod:UnknownClassHEXA_GHOST_PURPLE+1","sneckomod:CheapStock+1","sneckomod:Unknown0Cost+1","sneckomod:UnknownCommonAttack+1","Magnetism+1","Chrysalis+1","sneckomod:UnknownCommonAttack+1","sneckomod:UnknownCommonSkill+1","Mayhem+1","sneckomod:Unknown3Cost+1","sneckomod:UnknownClassBLUE+1","sneckomod:QuickMove+1","sneckomod:UnknownClassGUARDIAN+1","sneckomod:UnknownStrike+1"],"relics":["sneckomod:SneckoSoul","downfall:HeartsMalice","StuffTheSpire:Experiment12","Blood Vial","downfall:ShatteredFragment","downfall:HeartBlessingRed","Replay:Rubber Ducky","Frozen Egg 2","Busted Crown","WarpedTongs","hubris:KleinBottle","CCEMRelics:FestiveHat","ReplayTheSpireMod:TigerMarble","sneckomod:UnknownEgg","sneckomod:LoadedDie","Tiny House","StuffTheSpire:Rhapsscallions","downfall:HeartBlessingBlue","Shuriken","Replay:Accelerometer","Boot"],"acts_visited":["Exordium","TheCity","TheBeyond"],"potions_floor_usage":[16,16,47],"damage_taken":[{"damage":0,"enemies":"Cultist","floor":2,"turns":1},{"damage":0,"enemies":"Jaw Worm","floor":3,"turns":1},{"damage":0,"enemies":"2 Louse","floor":4,"turns":1},{"damage":0,"enemies":"downfall:FleeingMerchant","floor":6,"turns":4},{"damage":1,"enemies":"Large Slime","floor":9,"turns":6},{"damage":12,"enemies":"3 Sentries","floor":11,"turns":6},{"damage":0,"enemies":"3 Louse","floor":15,"turns":1},{"damage":24,"enemies":"downfall:Defect","floor":16,"turns":5},{"damage":7,"enemies":"Shell Parasite","floor":19,"turns":3},{"damage":0,"enemies":"Spheric Guardian","floor":23,"turns":2},{"damage":9,"enemies":"Snake Plant","floor":25,"turns":4},{"damage":0,"enemies":"Nightmare","floor":26,"turns":5},{"damage":1,"enemies":"downfall:FleeingMerchant","floor":28,"turns":4},{"damage":27,"enemies":"Slavers","floor":30,"turns":3},{"damage":0,"enemies":"Chosen and Byrds","floor":32,"turns":2},{"damage":0,"enemies":"downfall:Ironclad","floor":33,"turns":1},{"damage":0,"enemies":"3 Darklings","floor":36,"turns":3},{"damage":0,"enemies":"Orb Walker","floor":40,"turns":3},{"damage":0,"enemies":"downfall:FleeingMerchant","floor":43,"turns":3},{"damage":12,"enemies":"4 Shapes","floor":45,"turns":3},{"damage":0,"enemies":"Maw","floor":46,"turns":5},{"damage":0,"enemies":"Nightmare","floor":47,"turns":2},{"damage":0,"enemies":"Maw","floor":49,"turns":6},{"damage":0,"enemies":"downfall:Watcher","floor":50,"turns":2}],"seed_played":"3768679361837279140","potions_obtained":[{"floor":5,"key":"infinitespire:BlackPotion"},{"floor":9,"key":"Strength Potion"},{"floor":11,"key":"sneckomod:DiceRollPotion"},{"floor":25,"key":"FairyPotion"},{"floor":32,"key":"infinitespire:BlackPotion"},{"floor":47,"key":"conspire:TimeTravelPotion"}],"is_trial":false,"path_per_floor":["R_BF","M","M","M","?","$","T","?","M","R","E","?","R","?","M","B",null,"R","M","?","?","$","M","T","M","NM","R","$","?","E","?","M","B",null,"R_BF","M","?","?","?","M","T","R","$","R","M","MIM","NM","$","M","B",null],"character_chosen":"THE_SNECKO","items_purchased":["Grinning Jar","hubris:KleinBottle","sneckomod:UnknownEgg","sneckomod:CheapStock+1","Mayhem+1","Shuriken"],"campfire_rested":2,"item_purchase_floors":[6,22,28,28,43,43],"current_hp_per_floor":[90,91,91,91,57,57,57,36,37,64,54,54,81,81,83,61,93,93,87,87,87,56,59,59,53,56,56,58,58,34,37,39,41,107,107,109,110,110,120,121,121,131,132,132,125,128,130,130,135,137],"gold":108,"neow_bonus":"THREE_ENEMY_KILL","is_daily":false,"chose_seed":false,"campfire_upgraded":4,"win_rate":0.0,"timestamp":1608762051,"path_taken":["R_BF","M","M","M","?","$","T","?","M","R","E","?","R","?","M","BOSS","R","M","?","?","?","M","T","?","NM","R","$","?","E","?","M","BOSS","R_BF","M","?","?","?","?","T","R","$","R","M","?","NM","?","M","BOSS"],"items_purchased_type":["Relic","Relic","Relic","Card","Card","Relic"],"build_version":"2020-12-22","purchased_purges":3,"victory":true,"max_hp_per_floor":[90,91,91,91,93,93,93,93,93,93,93,93,93,93,93,93,93,93,94,94,94,94,95,95,96,97,97,98,98,99,102,102,102,107,107,109,110,110,120,121,121,131,132,132,133,134,134,134,137,137],"card_choices":[{"not_picked":["sneckomod:UnknownBlock","sneckomod:UnknownClassRED"],"picked":"sneckomod:UnknownClassINFINITE_BLACK","floor":2},{"not_picked":["sneckomod:SoulRoll","sneckomod:UnknownCommonAttack"],"picked":"sneckomod:RainOfDice","floor":3},{"not_picked":["sneckomod:DiceBlock","sneckomod:SnekBeam"],"picked":"sneckomod:SnakeSap","floor":4},{"not_picked":["sneckomod:UnknownClassRED","sneckomod:SoulDraw"],"picked":"sneckomod:UnknownClassBLESSING","floor":5},{"not_picked":["sneckomod:UnknownCommonAttack","sneckomod:UnknownWeak"],"picked":"sneckomod:UnknownClassPURPLE","floor":5},{"not_picked":["sneckomod:DangerNoodle","sneckomod:Nope"],"picked":"sneckomod:IronFang","floor":6},{"not_picked":["sneckomod:SoulRoll","sneckomod:UnknownCommonAttack","sneckomod:UnknownVulnerable"],"picked":"SKIP","floor":9},{"not_picked":["sneckomod:UnknownVulnerable","sneckomod:Nope","sneckomod:QuickBite"],"picked":"SKIP","floor":11},{"not_picked":["sneckomod:DiceCrush","sneckomod:UnknownBlock"],"picked":"sneckomod:TrashToTreasure","floor":15},{"not_picked":["sneckomod:Mudshield+1","sneckomod:UnknownRareSkill"],"picked":"sneckomod:MorePower+1","floor":16},{"not_picked":[],"picked":"sneckomod:UnknownClassPURPLE+1","floor":19},{"not_picked":["sneckomod:Nope"],"picked":"SKIP","floor":19},{"not_picked":["infinitespire:SevenWalls","ReplayTheSpireMod:??????????????????????"],"picked":"hubris:Fate","floor":22},{"not_picked":[],"picked":"sneckomod:UnknownColorless+1","floor":23},{"not_picked":["sneckomod:UnknownCommonAttack"],"picked":"SKIP","floor":23},{"not_picked":[],"picked":"Dramatic Entrance+1","floor":25},{"not_picked":[],"picked":"sneckomod:Unknown1Cost+1","floor":25},{"not_picked":["sneckomod:QuickBite"],"picked":"SKIP","floor":25},{"not_picked":[],"picked":"hubris:Ssssneak+1","floor":26},{"not_picked":[],"picked":"sneckomod:UnknownClassHEXA_GHOST_PURPLE+1","floor":26},{"not_picked":["sneckomod:SoulRoll"],"picked":"SKIP","floor":26},{"not_picked":[],"picked":"sneckomod:UnknownBlock+1","floor":28},{"not_picked":["sneckomod:UnknownCommonAttack"],"picked":"SKIP","floor":28},{"not_picked":[],"picked":"expansioncontent:Sear+1","floor":30},{"not_picked":[],"picked":"sneckomod:UnknownBlock+1","floor":30},{"not_picked":["sneckomod:Rotation"],"picked":"SKIP","floor":32},{"not_picked":[],"picked":"sneckomod:Mudshield+1","floor":33},{"not_picked":[],"picked":"sneckomod:CheapStock+1","floor":34},{"not_picked":[],"picked":"sneckomod:Unknown0Cost+1","floor":36},{"not_picked":[],"picked":"sneckomod:UnknownCommonAttack+1","floor":36},{"not_picked":[],"picked":"Magnetism+1","floor":38},{"not_picked":[],"picked":"Chrysalis","floor":38},{"not_picked":[],"picked":"sneckomod:UnknownCommonAttack+1","floor":40},{"not_picked":[],"picked":"sneckomod:UnknownCommonSkill+1","floor":43},{"not_picked":[],"picked":"sneckomod:Unknown3Cost+1","floor":45},{"not_picked":["sneckomod:CheapStock+1"],"picked":"SKIP","floor":45},{"not_picked":[],"picked":"sneckomod:UnknownClassBLUE+1","floor":46},{"not_picked":[],"picked":"sneckomod:QuickMove+1","floor":47},{"not_picked":[],"picked":"sneckomod:UnknownClassGUARDIAN+1","floor":49},{"not_picked":[],"picked":"sneckomod:UnknownStrike+1","floor":49}],"player_experience":192856,"relics_obtained":[{"floor":5,"key":"StuffTheSpire:Experiment12"},{"floor":7,"key":"Blood Vial"},{"floor":11,"key":"Replay:Rubber Ducky"},{"floor":24,"key":"CCEMRelics:FestiveHat"},{"floor":26,"key":"ReplayTheSpireMod:TigerMarble"},{"floor":30,"key":"sneckomod:LoadedDie"},{"floor":46,"key":"Replay:Accelerometer"},{"floor":47,"key":"Boot"}],"event_choices":[{"damage_healed":0,"gold_gain":0,"player_choice":"Rummage","damage_taken":0,"relics_obtained":["WarpedTongs"],"max_hp_gain":0,"max_hp_loss":0,"event_name":"Accursed Blacksmith","floor":20,"gold_loss":0,"cards_obtained":["Pain"]},{"cards_removed":["sneckomod:Strike"],"damage_healed":0,"gold_gain":0,"player_choice":"Give","damage_taken":0,"max_hp_gain":0,"max_hp_loss":0,"event_name":"betterNote:BetterNote","floor":29,"gold_loss":0,"cards_obtained":["Doubt"]},{"damage_healed":0,"gold_gain":3,"player_choice":"1","damage_taken":0,"max_hp_gain":0,"max_hp_loss":0,"event_name":"betterStone:BetterStone","floor":38,"gold_loss":0},{"cards_removed":["sneckomod:Mudshield"],"damage_healed":0,"gold_gain":0,"player_choice":"Offered Rare","damage_taken":0,"max_hp_gain":10,"max_hp_loss":0,"event_name":"Bonfire Elementals","floor":39,"gold_loss":0}],"is_beta":false,"boss_relics":[{"not_picked":["StuffTheSpire:RunicConfusion","Astrolabe"],"picked":"Busted Crown"},{"not_picked":["hubris:Stopwatch","StuffTheSpire:Kangaroo"],"picked":"Tiny House"}],"items_purged_floors":[22,22,43],"is_endless":false,"potions_floor_spawned":[9,11,15,25,32,33,45,47,49],"ascension_level":0}}