{"host":"j24lijpiho18vwaz","time":1608763063,"event":{"mods":["AchievementEnabler","Aspiration","BaseMod","Beaked The Cultist","Better Note","Better Skull","Better Third Choice","BetterRewards","CapriCore","Colored Map","Conspire","Downfall","Friendly Minions","Glutton Mod","Hermit","Infinite Spire","Jedi Mod","Marisa????????","Marked Mod","Minty Spire (QoL Compilation)","Quick Restart","Relic Sorter","Replay The Spire","Shade Mod","Shop Mod","Somnambulant","StSLib","The Blackbeard","The Dragon Tamer","The Florist","The Immortal","The Mystic","The Spell Scribe","TheVacant"],"gold_per_floor":[111,126,141,141,153,153,171,171,171,190,208,227,227,242,242,342,342,361,361,378,303,323,323,323,323],"floor_reached":24,"playtime":1119,"items_purged":["Agrypnos:Wolfsbane"],"score":194,"play_id":"659e9df6-b60f-49ca-b7ee-7b36252894f1","local_time":"20201223233743","is_ascension_mode":false,"campfire_choices":[{"data":"Agrypnos:Myosotis","floor":6,"key":"SMITH"},{"data":"Agrypnos:Trowel","floor":8,"key":"SMITH"},{"data":"Agrypnos:Fertilize","floor":15,"key":"SMITH"},{"data":"Agrypnos:Rue","floor":23,"key":"SMITH"}],"circlet_count":0,"master_deck":["Agrypnos:BasicStrike","Agrypnos:BasicStrike","Agrypnos:BasicStrike","Agrypnos:BasicStrike","Agrypnos:BasicDefend","Agrypnos:BasicDefend","Agrypnos:BasicDefend","Agrypnos:BasicDefend","Agrypnos:Dandelion","Agrypnos:Trowel+1","Agrypnos:Myosotis+1","Agrypnos:Cattail","Agrypnos:Summer","Agrypnos:Fertilize+1","Agrypnos:Rue+1","Agrypnos:Watering+1"],"relics":["Agrypnos:Floristry","NeowsBlessing","Strawberry"],"acts_visited":["Exordium","TheCity"],"potions_floor_usage":[22,24],"damage_taken":[{"damage":0,"enemies":"Cultist","floor":1,"turns":1},{"damage":0,"enemies":"2 Louse","floor":2,"turns":1},{"damage":0,"enemies":"Small Slimes","floor":3,"turns":1},{"damage":20,"enemies":"Gremlin Gang","floor":5,"turns":8},{"damage":6,"enemies":"Looter","floor":7,"turns":4},{"damage":0,"enemies":"Exordium Wildlife","floor":10,"turns":3},{"damage":0,"enemies":"Large Slime","floor":11,"turns":5},{"damage":23,"enemies":"Gremlin Gang","floor":12,"turns":5},{"damage":0,"enemies":"Exordium Wildlife","floor":14,"turns":5},{"damage":19,"enemies":"The Guardian","floor":16,"turns":9},{"damage":6,"enemies":"Shell Parasite","floor":18,"turns":5},{"damage":17,"enemies":"3 Byrds","floor":20,"turns":5},{"damage":26,"enemies":"3 Cultists","floor":22,"turns":6},{"damage":31,"enemies":"Gremlin Leader","floor":24,"turns":3}],"seed_played":"-4837261212948033902","potions_obtained":[{"floor":7,"key":"Dexterity Potion"},{"floor":10,"key":"Fire Potion"},{"floor":11,"key":"Venom Potion"}],"is_trial":false,"path_per_floor":["M","M","M","$","M","R","M","R","T","M","M","M","?","M","R","B",null,"M","?","M","$","M","R","E"],"character_chosen":"THE_FLORIST","items_purchased":[],"campfire_rested":0,"item_purchase_floors":[],"current_hp_per_floor":[70,70,70,70,50,50,44,44,51,51,51,28,77,77,77,58,77,71,71,54,54,28,28,0,0],"gold":323,"neow_bonus":"THREE_ENEMY_KILL","is_daily":false,"chose_seed":false,"campfire_upgraded":4,"win_rate":0.0,"timestamp":1608763063,"path_taken":["M","M","M","$","M","R","M","R","T","M","M","M","?","?","R","BOSS","M","?","M","$","M","R","E"],"items_purchased_type":[],"build_version":"2020-12-22","purchased_purges":1,"victory":false,"max_hp_per_floor":[70,70,70,70,70,70,70,70,77,77,77,77,77,77,77,77,77,77,77,77,77,77,77,77,77],"card_choices":[{"not_picked":["Agrypnos:Pollen","Agrypnos:StormShelter"],"picked":"Agrypnos:Myosotis","floor":1},{"not_picked":["Agrypnos:Weeding","Agrypnos:Azalea","Agrypnos:Leaf"],"picked":"SKIP","floor":2},{"not_picked":["Agrypnos:StormShelter","Agrypnos:Prune"],"picked":"Agrypnos:Wolfsbane","floor":3},{"not_picked":["Agrypnos:Leaf","Agrypnos:Azalea"],"picked":"Agrypnos:Cattail","floor":5},{"not_picked":["Agrypnos:Rot","Agrypnos:Leaf","Agrypnos:Wolfsbane"],"picked":"SKIP","floor":7},{"not_picked":["Agrypnos:Preserve","Agrypnos:CombTheEarth"],"picked":"Agrypnos:Summer","floor":10},{"not_picked":["Agrypnos:Wolfsbane","Agrypnos:ViolentBloom","Agrypnos:Myosotis"],"picked":"SKIP","floor":11},{"not_picked":["Agrypnos:Wolfsbane","Agrypnos:RustyShear"],"picked":"Agrypnos:Fertilize","floor":12},{"not_picked":["Agrypnos:MortarAndPestle","Agrypnos:Replanting","Agrypnos:RustyShear"],"picked":"SKIP","floor":14},{"not_picked":["Agrypnos:FuneralWreath","Agrypnos:Spring"],"picked":"Agrypnos:Rue","floor":16},{"not_picked":["Agrypnos:Till","Agrypnos:Azalea"],"picked":"Agrypnos:Watering+1","floor":18},{"not_picked":["Agrypnos:StormShelter+1","Agrypnos:Shell","Agrypnos:Watering+1"],"picked":"SKIP","floor":20},{"not_picked":["Agrypnos:Rake+1","Agrypnos:StormShelter","Agrypnos:Restock"],"picked":"SKIP","floor":22}],"player_experience":110383,"relics_obtained":[{"floor":9,"key":"Strawberry"}],"event_choices":[{"damage_healed":49,"gold_gain":0,"player_choice":"Full Heal","damage_taken":0,"max_hp_gain":0,"max_hp_loss":0,"event_name":"Wheel of Change","floor":13,"gold_loss":0},{"damage_healed":0,"gold_gain":0,"player_choice":"0 cards matched","damage_taken":0,"max_hp_gain":0,"max_hp_loss":0,"event_name":"Match and Keep!","floor":19,"gold_loss":0,"cards_obtained":[]}],"is_beta":false,"boss_relics":[{"not_picked":["infinitespire:Cupcake","aspiration:WatcherSkillbook","Ectoplasm"]}],"items_purged_floors":[21],"is_endless":false,"potions_floor_spawned":[7,10,11,12,16,18],"killed_by":"Gremlin Leader","ascension_level":0}}