{"host":"mmqs5ul2bvb60kyc","time":1608689451,"event":{"mods":["BaseMod","Downfall","Minty Spire (QoL Compilation)","StSLib"],"gold_per_floor":[99,99,125,50,66,66,66,92,92,121,221,221,221,242,262,360,360,360,360,360,360,375,394,394,422,347,347,347,25,25,10,32,32,32,32],"floor_reached":33,"playtime":2958,"items_purged":[],"score":259,"play_id":"56a72f20-4e04-422a-a0bb-f1c35529431b","local_time":"20201223101051","is_ascension_mode":false,"campfire_choices":[{"floor":1.0,"key":"RECALL"},{"data":"hexamod:Float","floor":4.0,"key":"SMITH"},{"data":"hexamod:ShieldOfDarkness","floor":6.0,"key":"SMITH"},{"floor":9.0,"key":"REST"},{"data":"hexamod:NightmareStrike","floor":18.0,"key":"SMITH"},{"floor":26.0,"key":"REST"},{"data":"Slimebound:CheckThePlaybook","floor":30,"key":"SMITH"}],"circlet_count":0,"master_deck":["hexamod:Defend","hexamod:Defend","hexamod:Defend","hexamod:Defend","hexamod:Float+1","hexamod:ShieldOfDarkness+1","hexamod:FastForward+1","hexamod:RadiantFlame+1","hexamod:SecondSeal","hexamod:NightmareStrike+1","hexamod:GhostOfSpireFuture+1","hexamod:ParanormalForm+1","hexamod:ThermalTransfer+1","hexamod:FastForward+1","hexamod:SixthSeal","hexamod:FastForward+1","hexamod:Hexaguard+1","Slimebound:CheckThePlaybook+1","hexamod:FourthSeal","hexamod:HeatMetal","hexamod:TimeOfNeed","hexamod:ThirdSeal","hexamod:Hexaguard+1"],"relics":["Runic Pyramid","Question Card","Turnip","downfall:HeartBlessingRed","Dead Branch","Frozen Egg 2","Juzu Bracelet","Black Star","downfall:HeartBlessingBlue","Prayer Wheel"],"acts_visited":["Exordium","TheCity"],"potions_floor_usage":[33,33,33],"damage_taken":[{"damage":19.0,"enemies":"3 Sentries","floor":3.0,"turns":8.0},{"damage":1.0,"enemies":"Jaw Worm","floor":5.0,"turns":3.0},{"damage":13.0,"enemies":"Lagavulin","floor":8.0,"turns":7.0},{"damage":10.0,"enemies":"Gremlin Nob","floor":10.0,"turns":4.0},{"damage":8.0,"enemies":"downfall:Heads","floor":11.0,"turns":7.0},{"damage":1.0,"enemies":"Small Slimes","floor":14.0,"turns":4.0},{"damage":0.0,"enemies":"2 Louse","floor":15.0,"turns":4.0},{"damage":9.0,"enemies":"downfall:Ironclad","floor":16.0,"turns":7.0},{"damage":0.0,"enemies":"Chosen","floor":19.0,"turns":1.0},{"damage":10.0,"enemies":"Shell Parasite","floor":22.0,"turns":4.0},{"damage":14.0,"enemies":"Centurion and Healer","floor":23.0,"turns":5.0},{"damage":2.0,"enemies":"Snake Plant","floor":25.0,"turns":4.0},{"damage":0,"enemies":"downfall:FleeingMerchant","floor":29,"turns":4},{"damage":18,"enemies":"downfall:FleeingMerchant","floor":31,"turns":4},{"damage":25,"enemies":"Cultist and Chosen","floor":32,"turns":6},{"damage":38,"enemies":"downfall:Silent","floor":33,"turns":6}],"seed_played":"-6664440701636217313","potions_obtained":[{"floor":5.0,"key":"SneckoOil"},{"floor":14.0,"key":"ColorlessPotion"},{"floor":15.0,"key":"ColorlessPotion"},{"floor":16.0,"key":"FearPotion"},{"floor":22.0,"key":"SkillPotion"},{"floor":29,"key":"Regen Potion"},{"floor":32,"key":"GamblersBrew"},{"floor":32,"key":"Energy Potion"}],"is_trial":false,"path_per_floor":["R","?","E","R","M","R","T","E","R","E","?","?","?","M","M","B",null,"R","M","?","?","M","M","T","M","R","?","?","$","R","$","M","B"],"character_chosen":"THE_SPIRIT","items_purchased":["Prayer Wheel"],"campfire_rested":2,"item_purchase_floors":[29],"current_hp_per_floor":[70,37,18,18,17,17,17,4,25,15,7,7,7,6,6,10,70,70,70,70,70,60,46,46,44,78,72,64,64,64,46,21,0,0,0],"gold":32,"neow_bonus":"BOSS_RELIC","is_daily":false,"chose_seed":false,"campfire_upgraded":4,"win_rate":0.0,"timestamp":1608689451,"path_taken":["R","?","E","R","M","R","T","E","R","E","?","?","?","M","M","BOSS","R","M","?","?","M","E","T","M","R","?","?","?","R","$","M","BOSS"],"items_purchased_type":["Relic"],"build_version":"2020-12-13","purchased_purges":0,"victory":false,"max_hp_per_floor":[70,70,70,70,70,70,70,70,70,70,70,70,70,70,70,70,70,70,70,70,70,70,70,70,70,80,72,72,72,72,72,72,72,72,72],"card_choices":[{"not_picked":["hexamod:HauntingEcho","hexamod:GhostShield","hexamod:Again"],"picked":"hexamod:ShieldOfDarkness","floor":3.0},{"not_picked":["hexamod:SpectersWail","hexamod:ThermalTransfer","hexamod:HauntingEcho"],"picked":"hexamod:FastForward","floor":5.0},{"not_picked":["hexamod:GhostLash","hexamod:BurningTouch","hexamod:BacktrackSmack","hexamod:Firestarter"],"picked":"SKIP","floor":8.0},{"not_picked":["hexamod:HeatShield","hexamod:SpectersWail","hexamod:RainOfEmbers"],"picked":"hexamod:RadiantFlame+1","floor":10.0},{"not_picked":["hexamod:ShieldOfDarkness","hexamod:RainOfEmbers","hexamod:BurningTouch"],"picked":"hexamod:SecondSeal","floor":11.0},{"not_picked":["hexamod:BurningTouch","hexamod:SkipABeat","hexamod:InspiringFlames"],"picked":"hexamod:NightmareStrike","floor":14.0},{"not_picked":["hexamod:NightmareGuise","hexamod:SoulSteal","hexamod:AdvancingGuard"],"picked":"hexamod:GhostOfSpireFuture+1","floor":15.0},{"not_picked":["hexamod:UnleashSpirits","hexamod:GhostflameInferno","hexamod:TimeOfNeed"],"picked":"hexamod:ParanormalForm+1","floor":16.0},{"not_picked":["hexamod:BacktrackSmack","hexamod:SwordOfDarkness","hexamod:AdvancingGuard"],"picked":"hexamod:ThermalTransfer+1","floor":19.0},{"not_picked":["hexamod:ShieldOfDarkness","hexamod:GhostShield+1","hexamod:SpectersWail+1"],"picked":"hexamod:SixthSeal","floor":22.0},{"not_picked":["hexamod:Firestarter+1","hexamod:GhostShield","hexamod:ShieldOfDarkness"],"picked":"hexamod:FastForward+1","floor":23.0},{"not_picked":["hexamod:BacktrackSmack+1","hexamod:ShieldOfDarkness","hexamod:StepThrough"],"picked":"hexamod:Hexaguard+1","floor":25.0},{"not_picked":["hexamod:HauntingEcho","hexamod:PhantomFireball","hexamod:GhostOfSpireFuture+1","hexamod:ThermalTransfer"],"picked":"SKIP","floor":29},{"not_picked":["hexamod:NightmareStrike","hexamod:GhostflameBarrier","hexamod:NightmareGuise"],"picked":"hexamod:TimeOfNeed","floor":31},{"not_picked":["hexamod:GhostflameBarrier","hexamod:BurningTouch+1","hexamod:PhantomFireball"],"picked":"hexamod:ThirdSeal","floor":32},{"not_picked":["hexamod:EtherealExpedition","hexamod:GhostflameBarrier","hexamod:PhantomFireball+1"],"picked":"hexamod:Hexaguard+1","floor":32}],"player_experience":226947,"relics_obtained":[{"floor":3.0,"key":"Turnip"},{"floor":7.0,"key":"Dead Branch"},{"floor":8.0,"key":"Frozen Egg 2"},{"floor":10.0,"key":"Juzu Bracelet"}],"event_choices":[{"damage_healed":0.0,"max_hp_gain":0.0,"max_hp_loss":0.0,"gold_gain":0.0,"event_name":"Scrap Ooze","player_choice":"Success","floor":2.0,"gold_loss":0.0,"damage_taken":33.0,"relics_obtained":["Question Card"]},{"damage_healed":0.0,"max_hp_gain":0.0,"max_hp_loss":0.0,"gold_gain":0.0,"event_name":"Duplicator","player_choice":"Copied","floor":21.0,"gold_loss":0.0,"damage_taken":0.0,"cards_obtained":["hexamod:FastForward"]}],"is_beta":false,"boss_relics":[{"not_picked":["Empty Cage","Busted Crown"],"picked":"Black Star"}],"items_purged_floors":[],"is_endless":false,"potions_floor_spawned":[5,14,15,16,22,23,32],"killed_by":"downfall:Silent","ascension_level":0}}