{"host":"6999i8eg5ewbhdiq","time":1608739690,"event":{"mods":["AchievementEnabler","BaseMod","Colored Map","Colored Powertips","Highlight Path","Minty Spire (QoL Compilation)"],"gold_per_floor":[119,133,133,152,6,6,34,47,96,96,96,113,113,128,128,224,224,239,251,267,277,18,18,44,44,44],"floor_reached":25,"playtime":1383,"items_purged":["Strike_B"],"score":248,"play_id":"c33270f7-286f-4cba-9b86-6fb7b278319a","local_time":"20201223170810","is_ascension_mode":true,"campfire_choices":[{"floor":6,"key":"REST"},{"floor":11,"key":"REST"},{"data":"Go for the Eyes","floor":13,"key":"SMITH"},{"floor":15,"key":"REST"},{"floor":23,"key":"REST"}],"circlet_count":0,"master_deck":["Strike_B+1","Strike_B","Defend_B","Defend_B","Defend_B","Zap","Dualcast","All For One+1","Steam Power","Beam Cell","Self Repair","Go for the Eyes+1","Beam Cell","Electrodynamics","Chill+1","Flash of Steel"],"relics":["Cracked Core","Happy Flower","Cables","Bag of Marbles","Matryoshka","Empty Cage","Strawberry"],"acts_visited":["Exordium","TheCity"],"potions_floor_usage":[7,7,16,24,24,24],"damage_taken":[{"damage":5,"enemies":"Cultist","floor":1,"turns":4},{"damage":11,"enemies":"Jaw Worm","floor":2,"turns":4},{"damage":7,"enemies":"2 Louse","floor":4,"turns":3},{"damage":13,"enemies":"3 Sentries","floor":7,"turns":4},{"damage":15,"enemies":"Exordium Wildlife","floor":8,"turns":4},{"damage":29,"enemies":"Exordium Thugs","floor":12,"turns":5},{"damage":5,"enemies":"2 Fungi Beasts","floor":14,"turns":3},{"damage":58,"enemies":"Slime Boss","floor":16,"turns":10},{"damage":23,"enemies":"2 Thieves","floor":18,"turns":3},{"damage":2,"enemies":"3 Byrds","floor":19,"turns":4},{"damage":35,"enemies":"Snake Plant","floor":20,"turns":3},{"damage":14,"enemies":"Chosen and Byrds","floor":21,"turns":5},{"damage":50,"enemies":"Book of Stabbing","floor":24,"turns":5},{"damage":15,"enemies":"Snecko","floor":25,"turns":4}],"seed_played":"7415336128741001683","potions_obtained":[{"floor":2,"key":"PowerPotion"},{"floor":4,"key":"Regen Potion"},{"floor":7,"key":"Dexterity Potion"},{"floor":21,"key":"Regen Potion"},{"floor":24,"key":"FairyPotion"}],"is_trial":false,"path_per_floor":["M","M","?","M","$","R","E","M","T","T","R","M","R","M","R","B",null,"M","M","M","M","$","R","E","M"],"character_chosen":"DEFECT","items_purchased":["Happy Flower","Dexterity Potion","Explosive Potion","Flash of Steel"],"campfire_rested":4,"item_purchase_floors":[5,22,22,22],"current_hp_per_floor":[70,59,44,37,37,59,58,50,50,50,72,50,50,52,74,16,75,59,64,36,29,29,51,29,14,14],"gold":44,"neow_bonus":"ONE_RANDOM_RARE_CARD","is_daily":false,"chose_seed":false,"campfire_upgraded":1,"win_rate":0.0,"timestamp":1608739690,"path_taken":["M","M","?","M","$","R","E","M","T","?","R","M","R","M","R","BOSS","M","M","?","M","$","R","E","M"],"items_purchased_type":["Relic","Potion","Potion","Card"],"build_version":"2020-12-22","purchased_purges":1,"victory":false,"max_hp_per_floor":[75,75,75,75,75,75,75,75,75,75,75,75,75,75,75,75,75,75,75,75,75,75,75,82,82,82],"card_choices":[{"not_picked":["Ball Lightning","White Noise"],"picked":"Steam Power","floor":1},{"not_picked":["Compile Driver","Hologram","Sweeping Beam"],"picked":"SKIP","floor":2},{"not_picked":["Genetic Algorithm","Barrage"],"picked":"Beam Cell","floor":4},{"not_picked":["Compile Driver","Force Field"],"picked":"Self Repair","floor":7},{"not_picked":["Self Repair","Stack"],"picked":"Go for the Eyes","floor":8},{"not_picked":["Electrodynamics","Leap"],"picked":"Beam Cell","floor":12},{"not_picked":["Cold Snap","Lockon","Skim"],"picked":"SKIP","floor":14},{"not_picked":["Hyperbeam","Rainbow"],"picked":"Electrodynamics","floor":16},{"not_picked":["Streamline","Skim"],"picked":"Chill+1","floor":18},{"not_picked":["Sunder","Storm","Coolheaded"],"picked":"SKIP","floor":19},{"not_picked":["Melter","Streamline+1","Heatsinks"],"picked":"SKIP","floor":20},{"not_picked":["Auto Shields","Hologram","Darkness"],"picked":"SKIP","floor":21},{"not_picked":["Rebound","Steam Power","Echo Form"],"picked":"SKIP","floor":24}],"player_experience":94788,"relics_obtained":[{"floor":7,"key":"Cables"},{"floor":9,"key":"Bag of Marbles"},{"floor":10,"key":"Matryoshka"},{"floor":24,"key":"Strawberry"}],"event_choices":[{"damage_healed":0,"gold_gain":0,"player_choice":"Entered Light","damage_taken":15,"max_hp_gain":0,"max_hp_loss":0,"event_name":"Shining Light","floor":3,"gold_loss":0,"cards_upgraded":["Strike_B","All For One"]}],"is_beta":false,"boss_relics":[{"not_picked":["Ectoplasm","Velvet Choker"],"picked":"Empty Cage"}],"items_purged_floors":[22],"is_endless":false,"potions_floor_spawned":[2,4,7,21,24],"killed_by":"Snecko","ascension_level":2}}