{"host":"11728qvdvolffudn","time":1608722142,"event":{"mods":["BaseMod","Block Reminder","Colored Powertips","Custom Start","Displayed Cursed Tome","Highlight Path","Minty Spire (QoL Compilation)","Permanent Neow","Quick Restart","Rare Cards Sparkle","Relic Stats"],"gold_per_floor":[117,127,127,102,120,155,155,175,175,191,191,205,205,224,224,329,329,348,360,459,469,484,484,511,389,389,389,389,389],"floor_reached":28,"playtime":998,"items_purged":["Strike_R"],"score":267,"play_id":"fe61007b-7cb2-4546-b868-3436b74cfe48","local_time":"20201223111542","is_ascension_mode":false,"campfire_choices":[{"data":"Flex","floor":7,"key":"SMITH"},{"data":"Demon Form","floor":13,"key":"SMITH"},{"data":"Bash","floor":15,"key":"SMITH"},{"data":"Feed","floor":23,"key":"SMITH"}],"circlet_count":0,"master_deck":["Strike_R","Strike_R","Strike_R","Strike_R+1","Defend_R+1","Defend_R","Defend_R","Defend_R","Bash+1","Immolate+1","Iron Wave","Battle Trance","Flex+1","Demon Form+1","Feed+1","Flex","Flex"],"relics":["Burning Blood","Lantern","Bag of Marbles","Cursed Key","Bottled Lightning"],"acts_visited":["Exordium","TheCity"],"potions_floor_usage":[6,22],"damage_taken":[{"damage":6,"enemies":"Jaw Worm","floor":1,"turns":3},{"damage":1,"enemies":"Cultist","floor":2,"turns":3},{"damage":0,"enemies":"2 Louse","floor":5,"turns":1},{"damage":13,"enemies":"Gremlin Nob","floor":6,"turns":4},{"damage":0,"enemies":"Red Slaver","floor":8,"turns":1},{"damage":0,"enemies":"Looter","floor":10,"turns":1},{"damage":0,"enemies":"Blue Slaver","floor":12,"turns":1},{"damage":0,"enemies":"Lots of Slimes","floor":14,"turns":2},{"damage":41,"enemies":"The Guardian","floor":16,"turns":7},{"damage":10,"enemies":"Shell Parasite","floor":18,"turns":3},{"damage":5,"enemies":"3 Byrds","floor":19,"turns":3},{"damage":13,"enemies":"Cultist and Chosen","floor":21,"turns":5},{"damage":16,"enemies":"Snake Plant","floor":22,"turns":2},{"damage":29,"enemies":"Slavers","floor":24,"turns":4},{"damage":16,"enemies":"Book of Stabbing","floor":28,"turns":3}],"seed_played":"8976714020145067072","potions_obtained":[{"floor":5,"key":"SneckoOil"},{"floor":8,"key":"DistilledChaos"},{"floor":12,"key":"Ancient Potion"},{"floor":14,"key":"DuplicationPotion"},{"floor":19,"key":"SteroidPotion"},{"floor":21,"key":"DuplicationPotion"},{"floor":22,"key":"BlessingOfTheForge"}],"is_trial":false,"path_per_floor":["M","M","?","$","M","E","R","M","T","M","?","M","R","M","R","B",null,"M","M","?","M","M","R","E","$","T","?","E"],"character_chosen":"IRONCLAD","items_purchased":["Flex","Flex"],"campfire_rested":0,"item_purchase_floors":[4,25],"current_hp_per_floor":[80,80,80,80,80,73,73,79,79,80,64,70,70,76,76,41,80,76,80,80,76,69,69,50,50,50,32,16,16],"gold":389,"neow_bonus":"ONE_RANDOM_RARE_CARD","is_daily":false,"chose_seed":false,"campfire_upgraded":4,"win_rate":0.0,"timestamp":1608722142,"path_taken":["M","M","?","$","M","E","R","M","T","?","?","M","R","M","R","BOSS","M","M","?","M","M","R","E","$","T","?","E"],"items_purchased_type":["Card","Card"],"build_version":"2020-12-22","purchased_purges":1,"victory":false,"max_hp_per_floor":[80,80,80,80,80,80,80,80,80,80,80,80,80,80,80,80,80,80,83,83,86,89,89,93,93,93,98,98,98],"relic_stats":{"counters":[15,43],"Cursed Key":0,"obtain_stats":[{"Lantern":6,"Bag of Marbles":9,"Bottled Lightning":24,"Cursed Key":17,"Burning Blood":0},{"Lantern":4,"Bag of Marbles":5,"Bottled Lightning":14,"Cursed Key":9,"Burning Blood":0},{"Lantern":11,"Bag of Marbles":12,"Bottled Lightning":40,"Cursed Key":23,"Burning Blood":0}],"Burning Blood":68},"card_choices":[{"not_picked":["Sword Boomerang","Twin Strike"],"picked":"Iron Wave","floor":1},{"not_picked":["True Grit","Body Slam"],"picked":"Battle Trance","floor":2},{"not_picked":["Twin Strike","Body Slam","Pommel Strike"],"picked":"SKIP","floor":5},{"not_picked":["Warcry","Intimidate","Fire Breathing"],"picked":"SKIP","floor":6},{"not_picked":["Searing Blow","Wild Strike"],"picked":"Demon Form","floor":8},{"not_picked":["Shrug It Off","Clothesline","Blood for Blood"],"picked":"SKIP","floor":10},{"not_picked":["Warcry","Metallicize","Thunderclap"],"picked":"SKIP","floor":12},{"not_picked":["True Grit","Sword Boomerang","Cleave"],"picked":"SKIP","floor":14},{"not_picked":["Barricade","Exhume"],"picked":"Feed","floor":16},{"not_picked":["Pummel","Cleave","Armaments"],"picked":"SKIP","floor":18},{"not_picked":["Headbutt","Havoc","Thunderclap"],"picked":"SKIP","floor":19},{"not_picked":["Disarm","Clothesline"],"picked":"Flex","floor":21},{"not_picked":["Armaments+1","Disarm","Heavy Blade"],"picked":"SKIP","floor":22},{"not_picked":["Exhume","Cleave+1","Searing Blow+1"],"picked":"SKIP","floor":24}],"player_experience":129870,"relics_obtained":[{"floor":6,"key":"Lantern"},{"floor":9,"key":"Bag of Marbles"},{"floor":24,"key":"Bottled Lightning"}],"event_choices":[{"damage_healed":0,"gold_gain":0,"player_choice":"Upgraded","damage_taken":0,"max_hp_gain":0,"max_hp_loss":0,"event_name":"Upgrade Shrine","floor":3,"gold_loss":0,"cards_upgraded":["Immolate"]},{"damage_healed":0,"gold_gain":0,"player_choice":"Entered Light","damage_taken":16,"max_hp_gain":0,"max_hp_loss":0,"event_name":"Shining Light","floor":11,"gold_loss":0,"cards_upgraded":["Strike_R","Defend_R"]},{"damage_healed":0,"gold_gain":99,"player_choice":"Stole From Cult","damage_taken":0,"max_hp_gain":0,"max_hp_loss":0,"event_name":"Nest","floor":20,"gold_loss":0},{"damage_healed":0,"gold_gain":0,"player_choice":"Shed Blood","damage_taken":23,"max_hp_gain":5,"max_hp_loss":0,"event_name":"Forgotten Altar","floor":27,"gold_loss":0}],"is_beta":false,"boss_relics":[{"not_picked":["Tiny House","Astrolabe"],"picked":"Cursed Key"}],"items_purged_floors":[25],"is_endless":false,"potions_floor_spawned":[5,8,12,14,19,21,22,24],"killed_by":"Book of Stabbing","ascension_level":0}}