{"host":"ymw71f7rc9ndansy","time":1608722320,"event":{"mods":["ATMod(°¢èªMod)","Act Like it!","Aspiration","BaseMod","DeckTracker","Hubris","Library of Ruina","Library of Ruina Extra","Minty Spire (QoL Compilation)","MostiFishMod","Remove Card Discount Mod","Replay The Spire","StSLib","TestMod","¡¾ÒÅÎï¿¨ÅÆ¡¿REMEMod","²ÐÁôÖ®Îï"],"gold_per_floor":[118,118,38,49,59,94,108,108,133,133,201,235,250,268,268,368,368,384,396,382,401,419,419,448,448,471,471,471,503,503,533,533,553,553,653,653,668,406,406,417,417,417],"floor_reached":41,"playtime":1343,"items_purged":["Regret","PlaceholderMod:BaseStrike","PlaceholderMod:BaseStrike","PlaceholderMod:BaseStrike","PlaceholderMod:BaseDefend","PlaceholderMod:BaseStrike","PlaceholderMod:BaseStrike","PlaceholderMod:BaseDefend","PlaceholderMod:PoisonWhip","PlaceholderMod:ConsolidateHit+1","PlaceholderMod:BaseDefend","PlaceholderMod:DissolvingSpikes","PlaceholderMod:SelectReaction","PlaceholderMod:BaseDefend","PlaceholderMod:DiffusionChemical","PlaceholderMod:ChainPoly","PlaceholderMod:Break"],"score":636,"play_id":"2c88e438-ebe0-4bf9-8aeb-cbc67012024c","local_time":"20201223191840","is_ascension_mode":false,"campfire_choices":[{"data":"PlaceholderMod:ConsolidateHit","floor":8,"key":"SMITH"},{"data":"AT_ManFootWork","floor":10,"key":"SMITH"},{"data":"PlaceholderMod:PericyclicReaction","floor":15,"key":"SMITH"},{"data":"MostiFishMod:SephirahHod","floor":23,"key":"SMITH"},{"data":"PlaceholderMod:DiffusionPoison","floor":25,"key":"SMITH"},{"data":"PlaceholderMod:Activation","floor":30,"key":"SMITH"},{"data":"PlaceholderMod:Inner","floor":34,"key":"SMITH"}],"circlet_count":0,"master_deck":["PlaceholderMod:BaseDefend","PlaceholderMod:Crystal","AT_ManFootWork+1","PlaceholderMod:SeverePoisonStrike","PlaceholderMod:RadicalHit","PlaceholderMod:PericyclicReaction+1","PlaceholderMod:DiffusionPoison+1","MostiFishMod:SephirahHod+1","PlaceholderMod:EnergyAbsorb+1","PlaceholderMod:Activation+1","PlaceholderMod:Inner+1","PlaceholderMod:HighConcentration","PlaceholderMod:DiffusionPoison+1"],"relics":["PlaceholderMod:Tancle","testmod-TestBox","DaveBox","REME_ComplimentaryCards","AT_ATBox","GuanYuAspect","testmod-CrystalShield","NeowsBlessing","testmod-Fortitude","Toy Ornithopter","Replay:Rubber Ducky","Ornamental Fan","AT_BladeRuinedKing","MostiFishMod:Hod","testmod-LifeArmor","Simple Rune","Happy Flower","PageOfAspirationHeart","hubris:TerracottaHorce","Toxic Egg 2"],"acts_visited":["Exordium","TheCity","TheBeyond"],"potions_floor_usage":[12],"damage_taken":[{"damage":0,"enemies":"2 Louse","floor":1,"turns":1},{"damage":0,"enemies":"Jaw Worm","floor":4,"turns":1},{"damage":0,"enemies":"Cultist","floor":5,"turns":1},{"damage":0,"enemies":"Replay:BlueRogue","floor":6,"turns":4},{"damage":0,"enemies":"Lots of Slimes","floor":7,"turns":3},{"damage":1,"enemies":"3 Sentries","floor":12,"turns":4},{"damage":0,"enemies":"Exordium Thugs","floor":13,"turns":3},{"damage":16,"enemies":"3 Louse","floor":14,"turns":2},{"damage":0,"enemies":"Slime Boss","floor":16,"turns":2},{"damage":0,"enemies":"Spheric Guardian","floor":18,"turns":5},{"damage":7,"enemies":"Shell Parasite","floor":19,"turns":2},{"damage":0,"enemies":"Chosen and Byrds","floor":21,"turns":3},{"damage":0,"enemies":"Cultist and Chosen","floor":22,"turns":3},{"damage":12,"enemies":"Replay:Snechameleon","floor":24,"turns":2},{"damage":0,"enemies":"Book of Stabbing","floor":29,"turns":4},{"damage":0,"enemies":"Replay:Snechameleon","floor":31,"turns":4},{"damage":0,"enemies":"Snake Plant","floor":33,"turns":3},{"damage":6,"enemies":"hubris:MusketHawk","floor":35,"turns":4},{"damage":0,"enemies":"3 Shapes","floor":37,"turns":2},{"damage":0,"enemies":"3 Darklings","floor":40,"turns":2},{"damage":0,"enemies":"Maw","floor":41,"turns":1}],"seed_played":"4119329570776597574","potions_obtained":[{"floor":4,"key":"Toxic Potion"},{"floor":6,"key":"Adrenaline Potion"},{"floor":7,"key":"EssenceOfSteel"},{"floor":14,"key":"EntropicBrew"}],"is_trial":false,"path_per_floor":["M","?","$","M","M","E","M","R","T","R","T","E","M","M","R","B",null,"M","M","$","M","M","R","E","R","T","PTL","PTL","E","R","E","?","M","R","B",null,"M","$","?","M","M"],"character_chosen":"THE_PLACEHOLDER","items_purchased":["PlaceholderMod:DiffusionChemical","Toxic Egg 2"],"campfire_rested":0,"item_purchase_floors":[3,38],"current_hp_per_floor":[39,39,39,39,39,39,39,39,39,39,39,39,39,26,26,35,39,39,39,39,39,39,39,32,32,32,32,32,39,39,42,42,44,44,44,44,44,44,44,44,44,44],"gold":417,"neow_bonus":"THREE_ENEMY_KILL","is_daily":false,"chose_seed":false,"campfire_upgraded":7,"win_rate":0.0,"timestamp":1608722320,"path_taken":["M","?","$","M","M","E","M","R","T","R","?","E","?","M","R","BOSS","M","M","$","?","M","R","E","R","T","PTL","PTL","E","R","E","?","M","R","BOSS","M","$","?","?","M"],"items_purchased_type":["Card","Relic"],"build_version":"2020-12-22","purchased_purges":17,"victory":false,"max_hp_per_floor":[39,39,39,39,39,39,39,39,39,39,39,39,39,39,39,39,39,39,39,39,39,39,39,39,39,39,39,39,39,39,44,44,44,44,44,44,44,44,44,44,44,44],"card_choices":[{"not_picked":["PlaceholderMod:Sweep","PlaceholderMod:TriggerStrike"],"picked":"PlaceholderMod:SeverePoisonStrike","floor":1},{"not_picked":["PlaceholderMod:DissolvingSpikes","PlaceholderMod:ThreeBenzyolStart"],"picked":"PlaceholderMod:ConsolidateHit","floor":4},{"not_picked":["PlaceholderMod:Sweep","PlaceholderMod:Stratification"],"picked":"PlaceholderMod:DissolvingSpikes","floor":5},{"not_picked":["PlaceholderMod:SprayAttack","PlaceholderMod:HornyBlast","PlaceholderMod:Hyperplasia"],"picked":"SKIP","floor":6},{"not_picked":["PlaceholderMod:SprayAttack","PlaceholderMod:HornyBlast","PlaceholderMod:Hyperplasia"],"picked":"SKIP","floor":6},{"not_picked":["PlaceholderMod:HardStrike","PlaceholderMod:ParasiteChange"],"picked":"PlaceholderMod:RadicalHit","floor":7},{"not_picked":["PlaceholderMod:SpinBlade","PlaceholderMod:Package"],"picked":"PlaceholderMod:SelectReaction","floor":12},{"not_picked":["PlaceholderMod:UnpureUse","PlaceholderMod:CrystallizationStrike","PlaceholderMod:TriggerStrike"],"picked":"SKIP","floor":13},{"not_picked":["PlaceholderMod:CycleAttack","PlaceholderMod:EvolutionSpray"],"picked":"PlaceholderMod:PericyclicReaction","floor":14},{"not_picked":["PlaceholderMod:ReactionCatalyze","PlaceholderMod:CorePoison"],"picked":"PlaceholderMod:DiffusionPoison","floor":16},{"not_picked":["PlaceholderMod:SpinBlade","PlaceholderMod:StrongAcid"],"picked":"PlaceholderMod:FastReaction+1","floor":18},{"not_picked":["PlaceholderMod:ThreeBenzyolStart","PlaceholderMod:ChainPoly+1","PlaceholderMod:ComplexForm"],"picked":"SKIP","floor":19},{"not_picked":["PlaceholderMod:SelectReaction","PlaceholderMod:HardStinger","PlaceholderMod:Sweep"],"picked":"SKIP","floor":21},{"not_picked":["PlaceholderMod:Colorful","PlaceholderMod:DirectingGroup","PlaceholderMod:NearChange"],"picked":"SKIP","floor":22},{"not_picked":["PlaceholderMod:NutritionAbsorb","PlaceholderMod:Turn"],"picked":"PlaceholderMod:EnergyAbsorb+1","floor":24},{"not_picked":["PlaceholderMod:HardStinger","PlaceholderMod:FastReaction"],"picked":"PlaceholderMod:Activation","floor":29},{"not_picked":["PlaceholderMod:SeverePoisonStrike","PlaceholderMod:DissolvingSpikes"],"picked":"PlaceholderMod:Inner","floor":31},{"not_picked":["PlaceholderMod:Hard","PlaceholderMod:AngryAttack"],"picked":"PlaceholderMod:HighConcentration","floor":33},{"not_picked":["PlaceholderMod:Assimilation","PlaceholderMod:AbsorbTouch"],"picked":"PlaceholderMod:DiffusionPoison","floor":35},{"not_picked":["PlaceholderMod:Turn","PlaceholderMod:SprayAttack","PlaceholderMod:ConsolidateHit+1"],"picked":"SKIP","floor":37},{"not_picked":["PlaceholderMod:ThreeBenzyolStart","PlaceholderMod:DissolvingSpikes","PlaceholderMod:Stratification+1"],"picked":"SKIP","floor":40}],"player_experience":971119,"relics_obtained":[{"floor":6,"key":"Toy Ornithopter"},{"floor":9,"key":"Replay:Rubber Ducky"},{"floor":11,"key":"Ornamental Fan"},{"floor":12,"key":"AT_BladeRuinedKing"},{"floor":24,"key":"testmod-LifeArmor"},{"floor":26,"key":"Simple Rune"},{"floor":29,"key":"Happy Flower"},{"floor":31,"key":"PageOfAspirationHeart"}],"event_choices":[{"damage_healed":0,"gold_gain":0,"player_choice":"Box","damage_taken":0,"relics_obtained":["testmod-Fortitude"],"max_hp_gain":0,"max_hp_loss":0,"event_name":"Big Fish","floor":2,"gold_loss":0,"cards_obtained":["Regret"]},{"damage_healed":0,"gold_gain":0,"cards_transformed":["PlaceholderMod:FastReaction","Reaper"],"player_choice":"Became Test Subject","damage_taken":0,"max_hp_gain":0,"max_hp_loss":0,"event_name":"Drug Dealer","floor":32,"gold_loss":0,"cards_obtained":["PlaceholderMod:Break","PlaceholderMod:ChainPoly"]},{"damage_healed":0,"gold_gain":0,"player_choice":"Upgraded","damage_taken":0,"max_hp_gain":0,"max_hp_loss":0,"event_name":"Upgrade Shrine","floor":39,"gold_loss":0,"cards_upgraded":["PlaceholderMod:DiffusionPoison"]}],"is_beta":false,"boss_relics":[{"not_picked":["Abe\u0027s Treasure","Sozu"],"picked":"MostiFishMod:Hod"},{"not_picked":["Replay:Bronze Core","hubris:GrandSneckoEye"],"picked":"hubris:TerracottaHorce"}],"items_purged_floors":[3,3,3,3,3,3,20,20,20,20,20,20,20,38,38,38,38],"is_endless":false,"potions_floor_spawned":[4,6,7,14,18,22,31,33,40],"killed_by":"Maw","ascension_level":0}}