{"host":"9d9dhukr2jywmy0f","time":1608712059,"event":{"mods":["2.2 Compatiblity","Alarm Clock","BaseMod","Bestiary","Block Reminder","Colored Map","Colored Powertips","Curses Come First","DeckTracker","Displayed Cursed Tome","Highlight Path","Key Reminder","Keyboard Shortcuts","Minty Spire (QoL Compilation)","MonsterHotkey","Potion Indicator Mod","Quick Restart","Rare Cards Sparkle","Relic Sorter","Relic Stats","Spire Birthday Party","StSLib","Synergy Search","Unceasing Turn Reminder","Unknown Chances"],"gold_per_floor":[114,114,133,152,77,115,190,190,190,209,209,247,247,285,285,410,410,429,448,448,164,164,202,221,71,71,71,109,109,109,109,109,234,234,253,272,291,310,10,48,67,67,67,105,105,124,143,178,178,178],"floor_reached":51,"playtime":3572,"items_purged":["Rage","FlurryOfBlows"],"score":1138,"play_id":"79182e0f-4a1d-458a-9c3c-36444a8fa75b","local_time":"20201223162739","daily_mods":["SealedDeck","Red Cards","Night Terrors"],"is_ascension_mode":false,"campfire_choices":[{"data":"SignatureMove","floor":8.0,"key":"SMITH"},{"data":"Entrench","floor":11.0,"key":"SMITH"},{"data":"Second Wind","floor":13.0,"key":"SMITH"},{"data":"Power Through","floor":15.0,"key":"SMITH"},{"data":"Shockwave","floor":29.0,"key":"SMITH"},{"data":"Burning Pact","floor":32.0,"key":"SMITH"},{"data":"Barricade","floor":42.0,"key":"SMITH"},{"data":"Burning Pact","floor":49.0,"key":"SMITH"}],"circlet_count":0,"master_deck":["Shockwave+1","ClearTheMind","Shrug It Off","SignatureMove+1","Indignation","Entrench+1","Power Through+1","Second Wind+1","Burning Pact+1","Burning Pact+1","Offering","Shrug It Off+1","Master of Strategy","Entrench+1","Feel No Pain+1","Dual Wield+1","Barricade+1"],"relics":["PureWater","Golden Idol","Blue Candle","StrikeDummy","Question Card","StoneCalendar","Busted Crown","Smiling Mask","Omamori","MealTicket","CaptainsWheel","MutagenicStrength","SlaversCollar","Chemical X","Gambling Chip","Nunchaku","Pear","Incense Burner","TungstenRod"],"acts_visited":["Exordium","TheCity","TheBeyond"],"potions_floor_usage":[50,50,50,50],"damage_taken":[{"damage":0.0,"enemies":"2 Louse","floor":1.0,"turns":3.0},{"damage":0.0,"enemies":"Jaw Worm","floor":3.0,"turns":1.0},{"damage":0.0,"enemies":"Small Slimes","floor":4.0,"turns":4.0},{"damage":0.0,"enemies":"Gremlin Nob","floor":6.0,"turns":3.0},{"damage":0.0,"enemies":"2 Fungi Beasts","floor":10.0,"turns":3.0},{"damage":0.0,"enemies":"3 Sentries","floor":12.0,"turns":5.0},{"damage":0.0,"enemies":"Lagavulin","floor":14.0,"turns":2.0},{"damage":0.0,"enemies":"Hexaghost","floor":16.0,"turns":8.0},{"damage":0.0,"enemies":"Shell Parasite","floor":18.0,"turns":3.0},{"damage":0.0,"enemies":"3 Byrds","floor":19.0,"turns":7.0},{"damage":0.0,"enemies":"Slavers","floor":23.0,"turns":4.0},{"damage":0.0,"enemies":"Snecko","floor":24.0,"turns":1.0},{"damage":0.0,"enemies":"Gremlin Leader","floor":28.0,"turns":2.0},{"damage":0.0,"enemies":"Collector","floor":33.0,"turns":5.0},{"damage":6.0,"enemies":"3 Darklings","floor":35.0,"turns":4.0},{"damage":0.0,"enemies":"3 Shapes","floor":36.0,"turns":6.0},{"damage":0.0,"enemies":"Transient","floor":37.0,"turns":5.0},{"damage":0.0,"enemies":"Maw","floor":38.0,"turns":6.0},{"damage":0.0,"enemies":"Nemesis","floor":40.0,"turns":3.0},{"damage":0.0,"enemies":"Writhing Mass","floor":41.0,"turns":4.0},{"damage":0.0,"enemies":"Giant Head","floor":44.0,"turns":7.0},{"damage":0.0,"enemies":"Jaw Worm Horde","floor":46.0,"turns":7.0},{"damage":0.0,"enemies":"3 Darklings","floor":47.0,"turns":8.0},{"damage":6.0,"enemies":"2 Orb Walkers","floor":48.0,"turns":7.0},{"damage":0,"enemies":"Donu and Deca","floor":50,"turns":8}],"seed_played":"4926568582952100995","potions_obtained":[{"floor":1.0,"key":"EntropicBrew"},{"floor":3.0,"key":"Dexterity Potion"},{"floor":4.0,"key":"ColorlessPotion"},{"floor":14.0,"key":"DistilledChaos"},{"floor":23.0,"key":"BottledMiracle"},{"floor":36.0,"key":"CultistPotion"}],"is_trial":false,"path_per_floor":["M","?","M","M","$","E","?","R","T","M","R","E","R","E","R","B",null,"M","M","?","$","?","E","M","$","T","?","E","R","?","?","R","B",null,"M","M","M","M","$","E","M","R","T","E","T","M","M","?","R","B",null],"character_chosen":"WATCHER","items_purchased":["Master of Strategy","Omamori","DuplicationPotion","GamblersBrew","Chemical X"],"campfire_rested":0,"item_purchase_floors":[21,25,39,39,39],"current_hp_per_floor":[72,54,54,54,54,54,43,43,43,43,43,43,43,43,43,43,72,72,72,72,72,72,72,72,72,72,72,72,72,72,72,72,72,72,66,66,66,66,72,72,72,72,72,82,82,82,82,76,76,76],"gold":178,"neow_bonus":"","is_daily":true,"chose_seed":false,"campfire_upgraded":8,"win_rate":0.0,"timestamp":1608712059,"path_taken":["M","?","M","M","$","E","?","R","T","M","R","E","R","E","R","BOSS","M","M","?","$","?","E","M","$","T","?","E","R","?","?","R","BOSS","M","M","?","M","$","E","M","R","T","E","?","M","M","?","R","BOSS"],"items_purchased_type":["Card","Relic","Potion","Potion","Relic"],"build_version":"2020-12-22","purchased_purges":2,"victory":true,"max_hp_per_floor":[72,72,72,72,72,72,72,72,72,72,72,72,72,72,72,72,72,72,72,72,72,72,72,72,72,72,72,72,72,72,72,72,72,72,72,72,72,72,72,72,72,72,72,82,82,82,82,82,82,82],"relic_stats":{"counters":[25,116],"Golden Idol":198,"Blue Candle":[0],"StoneCalendar":[213],"Question Card":19,"Smiling Mask":0,"Nunchaku":[2],"Busted Crown":34,"Gambling Chip":[17],"MealTicket":6,"Chemical X":[1],"obtain_stats":[{"Pear":44,"Golden Idol":2,"Blue Candle":6,"StoneCalendar":14,"Omamori":25,"Incense Burner":45,"Question Card":12,"Smiling Mask":23,"SlaversCollar":34,"CaptainsWheel":28,"Nunchaku":43,"Busted Crown":17,"MutagenicStrength":30,"Gambling Chip":40,"MealTicket":27,"Chemical X":39,"PureWater":0,"StrikeDummy":9,"TungstenRod":48},{"Pear":21,"Golden Idol":1,"Blue Candle":4,"StoneCalendar":7,"Omamori":12,"Incense Burner":21,"Question Card":6,"Smiling Mask":11,"SlaversCollar":14,"CaptainsWheel":13,"Nunchaku":20,"Busted Crown":8,"MutagenicStrength":13,"Gambling Chip":19,"MealTicket":12,"Chemical X":18,"PureWater":0,"StrikeDummy":4,"TungstenRod":24},{"Pear":86,"Golden Idol":3,"Blue Candle":11,"StoneCalendar":21,"Omamori":44,"Incense Burner":86,"Question Card":19,"Smiling Mask":43,"SlaversCollar":51,"CaptainsWheel":46,"Nunchaku":79,"Busted Crown":29,"MutagenicStrength":46,"Gambling Chip":75,"MealTicket":44,"Chemical X":72,"PureWater":0,"StrikeDummy":11,"TungstenRod":108}],"TungstenRod":0},"card_choices":[{"not_picked":["Wallop","Blood for Blood","Sword Boomerang"],"picked":"SKIP","floor":1.0},{"not_picked":["Consecrate","SashWhip"],"picked":"Second Wind","floor":3.0},{"not_picked":["Crescendo","WindmillStrike"],"picked":"Burning Pact","floor":4.0},{"not_picked":["Corruption","ClearTheMind","WreathOfFlame"],"picked":"SKIP","floor":6.0},{"not_picked":["JustLucky","Pommel Strike"],"picked":"Burning Pact","floor":10.0},{"not_picked":["Combust","Ragnarok","FlyingSleeves"],"picked":"SKIP","floor":12.0},{"not_picked":["Iron Wave","CutThroughFate","Flex","Nirvana"],"picked":"SKIP","floor":14.0},{"not_picked":["Feed","Blasphemy","Omniscience"],"picked":"Offering","floor":16.0},{"not_picked":["Havoc"],"picked":"Shrug It Off+1","floor":18.0},{"not_picked":["Cleave","Heavy Blade+1"],"picked":"SKIP","floor":19.0},{"not_picked":["Sentinel","Sever Soul"],"picked":"SKIP","floor":23.0},{"not_picked":["EmptyFist","InnerPeace+1"],"picked":"SKIP","floor":24.0},{"not_picked":["BowlingBash","ConjureBlade"],"picked":"SKIP","floor":28.0},{"not_picked":["Warcry"],"picked":"Feel No Pain+1","floor":35.0},{"not_picked":["EmptyFist+1"],"picked":"Dual Wield+1","floor":36.0},{"not_picked":["Dropkick+1","PathToVictory"],"picked":"SKIP","floor":37.0},{"not_picked":["EmptyFist","Pummel+1"],"picked":"SKIP","floor":38.0},{"not_picked":["ClearTheMind","BattleHymn"],"picked":"SKIP","floor":40.0},{"not_picked":["Prostrate"],"picked":"Barricade","floor":41.0},{"not_picked":["ClearTheMind+1","Pummel"],"picked":"SKIP","floor":44.0},{"not_picked":["EmptyFist","Clash"],"picked":"SKIP","floor":46.0},{"not_picked":["EmptyFist","Clash"],"picked":"SKIP","floor":46.0},{"not_picked":["Dark Embrace","Cleave"],"picked":"SKIP","floor":47.0}],"player_experience":730997,"relics_obtained":[{"floor":6.0,"key":"Blue Candle"},{"floor":9.0,"key":"StrikeDummy"},{"floor":12.0,"key":"Question Card"},{"floor":14.0,"key":"StoneCalendar"},{"floor":23.0,"key":"Smiling Mask"},{"floor":28.0,"key":"CaptainsWheel"},{"floor":40.0,"key":"Gambling Chip"},{"floor":43.0,"key":"Nunchaku"},{"floor":44.0,"key":"Pear"},{"floor":45.0,"key":"Incense Burner"},{"floor":48.0,"key":"TungstenRod"}],"event_choices":[{"damage_healed":0.0,"max_hp_gain":0.0,"max_hp_loss":0.0,"gold_gain":0.0,"event_name":"Golden Idol","player_choice":"Take Damage","floor":2.0,"gold_loss":0.0,"damage_taken":18.0,"relics_obtained":["Golden Idol"]},{"damage_healed":0.0,"max_hp_gain":0.0,"max_hp_loss":0.0,"gold_gain":75.0,"event_name":"World of Goop","player_choice":"Gather Gold","floor":7.0,"gold_loss":0.0,"damage_taken":11.0},{"damage_healed":0.0,"max_hp_gain":0.0,"max_hp_loss":0.0,"gold_gain":0.0,"event_name":"Vampires","player_choice":"Ignored","floor":20.0,"gold_loss":0.0,"damage_taken":0.0},{"cards_removed":["Evaluate"],"damage_healed":0.0,"max_hp_gain":0.0,"max_hp_loss":0.0,"gold_gain":0.0,"event_name":"Back to Basics","player_choice":"Elegance","floor":22.0,"gold_loss":0.0,"damage_taken":0.0},{"damage_healed":0.0,"max_hp_gain":0.0,"max_hp_loss":0.0,"gold_gain":0.0,"event_name":"Addict","player_choice":"Stole Relic","floor":27.0,"gold_loss":0.0,"damage_taken":0.0,"relics_obtained":["MealTicket"],"cards_obtained":["Shame"]},{"damage_healed":0.0,"max_hp_gain":0.0,"max_hp_loss":0.0,"gold_gain":0.0,"event_name":"Drug Dealer","player_choice":"Inject Mutagens","floor":30.0,"gold_loss":0.0,"damage_taken":0.0,"relics_obtained":["MutagenicStrength"]},{"damage_healed":0.0,"max_hp_gain":0.0,"max_hp_loss":0.0,"gold_gain":0.0,"event_name":"Duplicator","player_choice":"Copied","floor":31.0,"gold_loss":0.0,"damage_taken":0.0,"cards_obtained":["Entrench"]},{"damage_healed":0.0,"max_hp_gain":0.0,"max_hp_loss":0.0,"gold_gain":0.0,"event_name":"Mysterious Sphere","player_choice":"Fight","floor":48.0,"gold_loss":0.0,"damage_taken":0.0}],"is_beta":false,"boss_relics":[{"not_picked":["Ectoplasm","Runic Pyramid"],"picked":"Busted Crown"},{"not_picked":["VioletLotus","Astrolabe"],"picked":"SlaversCollar"}],"items_purged_floors":[5,21],"is_endless":false,"potions_floor_spawned":[1,3,4,14,23,24,28,33,36,40,41,47],"ascension_level":0}}