{"host":"cyiefo55v5hz1ih5","time":1608697245,"event":{"mods":["2.2 Compatiblity","AchievementEnabler","BaseMod","GifTheSpireLib","Hermit","Hubris","Minty Spire (QoL Compilation)","Replay The Spire","Robot Space Explorer","Spicy Shops","StSLib"],"gold_per_floor":[114,39,39,39,54,54,229,229,229,242,242,271,271,301,301,311,311,410,410,398,398,398,398,411,439,457,470,470,470,470],"floor_reached":29,"playtime":2013,"items_purged":["hermit:Strike_Hermit"],"score":264,"play_id":"0efbd1e0-9b13-4744-a946-89e61b567b46","local_time":"20201222232045","is_ascension_mode":true,"campfire_choices":[{"floor":6.0,"key":"RECALL"},{"data":"Flame Barrier","floor":13.0,"key":"SMITH"},{"data":"hermit:Snapshot","floor":13.0,"key":"SMITH"},{"floor":17.0,"key":"REST"}],"circlet_count":0,"master_deck":["hermit:Strike_Hermit","hermit:Defend_Hermit","hermit:Defend_Hermit","hermit:Defend_Hermit","hermit:Defend_Hermit","hermit:Snapshot+1","hermit:Covet","hermit:PistolWhip+1","Doubt","Flame Barrier+1","Disarm","hermit:Ricochet","hermit:Roughhouse","hermit:Horror","hermit:Deadeye","hermit:GhostlyPresence","hermit:Feint","Doubt"],"relics":["hermit:Momento","hubris:DisguiseKit","Oddly Smooth Stone","Replay:Arrowhead","StrikeDummy","Anchor","Cursed Key","Art of War","Vajra"],"acts_visited":["Exordium","TheCity"],"potions_floor_usage":[29],"damage_taken":[{"damage":0.0,"enemies":"Cultist","floor":1.0,"turns":4.0},{"damage":2.0,"enemies":"2 Louse","floor":5.0,"turns":2.0},{"damage":0.0,"enemies":"Small Slimes","floor":10.0,"turns":3.0},{"damage":5.0,"enemies":"Lagavulin","floor":12.0,"turns":5.0},{"damage":28.0,"enemies":"3 Sentries","floor":14.0,"turns":14.0},{"damage":0.0,"enemies":"Blue Slaver","floor":16.0,"turns":4.0},{"damage":13.0,"enemies":"Slime Boss","floor":18.0,"turns":9.0},{"damage":4.0,"enemies":"2 Thieves","floor":20.0,"turns":4.0},{"damage":0.0,"enemies":"Chosen","floor":24.0,"turns":5.0},{"damage":18.0,"enemies":"Slavers","floor":25.0,"turns":6.0},{"damage":0.0,"enemies":"Centurion and Healer","floor":26.0,"turns":6.0},{"damage":30.0,"enemies":"Sentry and Sphere","floor":27.0,"turns":6.0},{"damage":21,"enemies":"Gremlin Leader","floor":29,"turns":4}],"seed_played":"-2892919024381648575","potions_obtained":[{"floor":1.0,"key":"Dexterity Potion"},{"floor":12.0,"key":"SteroidPotion"},{"floor":14.0,"key":"AttackPotion"},{"floor":16.0,"key":"ColorlessPotion"},{"floor":25.0,"key":"Strength Potion"},{"floor":26.0,"key":"BlessingOfTheForge"}],"is_trial":false,"path_per_floor":["M","$","?","?","M","R","?","PTL","PTL","M","T","E","R","E","T","M","R","B",null,"M","?","?","?","M","E","M","M","T","E"],"character_chosen":"HERMIT","items_purchased":[],"campfire_rested":1,"item_purchase_floors":[],"current_hp_per_floor":[68,68,68,68,66,66,66,66,66,66,66,61,61,33,33,33,53,40,68,64,64,64,64,64,46,46,16,16,0,0],"gold":470,"neow_bonus":"REMOVE_TWO","is_daily":false,"chose_seed":false,"campfire_upgraded":2,"win_rate":0.0,"timestamp":1608697245,"path_taken":["M","$","?","?","?","R","?","PTL","PTL","M","T","E","R","E","?","M","R","BOSS","M","?","?","?","M","E","M","M","T","E"],"items_purchased_type":[],"build_version":"2020-12-13","purchased_purges":1,"victory":false,"max_hp_per_floor":[68,68,68,68,68,68,68,68,68,68,68,68,68,68,68,68,68,68,68,68,68,68,68,68,68,68,68,68,68,68],"card_choices":[{"not_picked":["hermit:Quickdraw","hermit:Desperado"],"picked":"hermit:PistolWhip","floor":1.0},{"not_picked":["hermit:Headshot","hermit:Manifest","hermit:HighCaliber","Blood for Blood"],"picked":"SKIP","floor":5.0},{"not_picked":["hermit:HighCaliber","hermit:Combo","hermit:NoHoldsBarred"],"picked":"Flame Barrier","floor":10.0},{"not_picked":["hermit:Vantage","hermit:WideOpen","hermit:ItchyTrigger"],"picked":"Disarm","floor":12.0},{"not_picked":["hermit:FlashPowder","hermit:BodyArmor","hermit:Desperado","Headbutt"],"picked":"SKIP","floor":14.0},{"not_picked":["hermit:Snipe","hermit:TakeAim","Run Through"],"picked":"hermit:Ricochet","floor":16.0},{"not_picked":["hermit:Reprieve","hermit:BlackWind","Exhume"],"picked":"hermit:Roughhouse","floor":18.0},{"not_picked":["hermit:Dive","hermit:Desperado","hermit:Ricochet","Body Slam"],"picked":"SKIP","floor":20.0},{"not_picked":["hermit:ItchyTrigger","hermit:Manifest","Reckless Charge"],"picked":"hermit:Deadeye","floor":24.0},{"not_picked":["hermit:CursedWeapon","hermit:BlackWind","Pummel"],"picked":"hermit:GhostlyPresence","floor":25.0},{"not_picked":["hermit:Quickdraw","hermit:Ricochet+1","hermit:LoneWolf","Heavy Blade"],"picked":"SKIP","floor":26.0},{"not_picked":["hermit:Dive","hermit:Glare","Clothesline"],"picked":"hermit:Feint","floor":27.0}],"player_experience":712253,"relics_obtained":[{"floor":11.0,"key":"Oddly Smooth Stone"},{"floor":12.0,"key":"Replay:Arrowhead"},{"floor":14.0,"key":"StrikeDummy"},{"floor":15.0,"key":"Anchor"},{"floor":25.0,"key":"Vajra"}],"event_choices":[{"damage_healed":0.0,"max_hp_gain":0.0,"max_hp_loss":0.0,"gold_gain":0.0,"event_name":"Upgrade Shrine","player_choice":"Upgraded","floor":4.0,"gold_loss":0.0,"damage_taken":0.0,"cards_upgraded":["hermit:PistolWhip"]},{"damage_healed":0.0,"max_hp_gain":0.0,"max_hp_loss":0.0,"gold_gain":175.0,"event_name":"Liars Game","player_choice":"AGREE","floor":7.0,"gold_loss":0.0,"damage_taken":0.0,"cards_obtained":["Doubt"]},{"damage_healed":0.0,"max_hp_gain":0.0,"max_hp_loss":0.0,"gold_gain":0.0,"event_name":"The Library","player_choice":"Read","floor":21.0,"gold_loss":0.0,"damage_taken":0.0,"cards_obtained":["hermit:Horror"]}],"is_beta":false,"boss_relics":[{"not_picked":["Astrolabe","Runic Dome"],"picked":"Cursed Key"}],"items_purged_floors":[2],"is_endless":false,"potions_floor_spawned":[1,12,14,16,25,26],"killed_by":"Gremlin Leader","ascension_level":1}}