{"host":"raai0vtvcfkt8csp","time":1608767657,"event":{"mods":["2.2 Compatiblity","AchievementEnabler","BaseMod","Block Reminder","DeckTracker","Defective Defect","GifTheSpireLib","Minty Spire (QoL Compilation)","Quick Restart","Random Character Button","Rare Cards Sparkle","StSLib","Unceasing Turn Reminder"],"gold_per_floor":[116,116,116,116,133,163,178,211,211,237,254,282,282,357,357,460,460,460,460,460,460,460,460,460,460,460,460,460,460,460,460,460,460,460,460,460,460,26,26,26,26,26,26,26,26,0,0,0,0,0,0],"floor_reached":50,"playtime":8051,"items_purged":[],"score":733,"play_id":"95a0d135-459f-430b-bee2-776515e084c3","local_time":"20201224005417","is_ascension_mode":true,"campfire_choices":[{"floor":13,"key":"REST"},{"floor":15,"key":"REST"},{"floor":23,"key":"REST"},{"floor":25,"key":"REST"},{"floor":30,"key":"REST"},{"floor":32,"key":"RECALL"},{"data":"Devotion","floor":40,"key":"SMITH"},{"data":"Blasphemy","floor":42,"key":"SMITH"},{"data":"Ghostly","floor":45,"key":"SMITH"},{"data":"Omniscience","floor":49,"key":"SMITH"}],"circlet_count":0,"master_deck":["Strike_P","Strike_P","Defend_P","Defend_P","Defend_P","Defend_P","Eruption","Vigilance","Evaluate","TalkToTheHand","FlyingSleeves","CutThroughFate","Blasphemy+1","DeceiveReality","FollowUp","Study","DevaForm","ClearTheMind+1","Ghostly+1","Ghostly","Ghostly","Ghostly","Ghostly","Consecrate","SashWhip+1","Omniscience+1","Vengeance","Perseverance","Fasting2+1","FollowUp","Devotion+1","SashWhip+1","JustLucky+1","Prostrate+1","CarveReality","Wireheading+1","EmptyBody","DevaForm","Madness","Madness","BattleHymn"],"relics":["PureWater","NeowsBlessing","Torii","Lizard Tail","Smiling Mask","Incense Burner","Lantern","Darkstone Periapt","Ectoplasm","Bottled Tornado","Sozu","Lee\u0027s Waffle","Gremlin Horn","Oddly Smooth Stone","Boot","MealTicket","Red Mask"],"acts_visited":["Exordium","TheCity","TheBeyond"],"potions_floor_usage":[8,12,16,21,24,35,50],"damage_taken":[{"damage":0,"enemies":"Jaw Worm","floor":1,"turns":1},{"damage":0,"enemies":"Small Slimes","floor":5,"turns":1},{"damage":0,"enemies":"3 Sentries","floor":6,"turns":1},{"damage":0,"enemies":"Cultist","floor":7,"turns":4},{"damage":16,"enemies":"Lagavulin","floor":8,"turns":10},{"damage":37,"enemies":"Gremlin Nob","floor":10,"turns":5},{"damage":0,"enemies":"3 Louse","floor":11,"turns":4},{"damage":10,"enemies":"3 Sentries","floor":12,"turns":10},{"damage":16,"enemies":"The Guardian","floor":16,"turns":13},{"damage":45,"enemies":"Chosen","floor":18,"turns":7},{"damage":1,"enemies":"Shell Parasite","floor":20,"turns":5},{"damage":2,"enemies":"Chosen and Byrds","floor":21,"turns":12},{"damage":16,"enemies":"Cultist and Chosen","floor":22,"turns":12},{"damage":21,"enemies":"Gremlin Leader","floor":24,"turns":8},{"damage":8,"enemies":"Snake Plant","floor":27,"turns":6},{"damage":0,"enemies":"3 Cultists","floor":28,"turns":7},{"damage":1,"enemies":"Sentry and Sphere","floor":31,"turns":5},{"damage":0,"enemies":"Collector","floor":33,"turns":8},{"damage":7,"enemies":"3 Darklings","floor":35,"turns":6},{"damage":1,"enemies":"Orb Walker","floor":36,"turns":5},{"damage":1,"enemies":"Spire Growth","floor":37,"turns":7},{"damage":1,"enemies":"Sphere and 2 Shapes","floor":39,"turns":8},{"damage":0,"enemies":"Nemesis","floor":41,"turns":7},{"damage":2,"enemies":"Reptomancer","floor":44,"turns":6},{"damage":41,"enemies":"Awakened One","floor":50,"turns":19}],"seed_played":"-8539517832276967452","potions_obtained":[{"floor":7,"key":"StancePotion"},{"floor":8,"key":"BottledMiracle"},{"floor":10,"key":"BlessingOfTheForge"},{"floor":20,"key":"Swift Potion"},{"floor":22,"key":"Weak Potion"},{"floor":28,"key":"SpeedPotion"},{"floor":31,"key":"SkillPotion"},{"floor":33,"key":"Strength Potion"}],"is_trial":false,"path_per_floor":["M","?","?","?","M","E","M","E","T","E","M","E","R","?","R","B",null,"M","?","M","M","M","R","E","R","T","M","M","?","R","M","R","B",null,"M","M","M","$","M","R","E","R","T","E","R","?","?","?","R","B"],"character_chosen":"WATCHER","items_purchased":["Lee\u0027s Waffle","CarveReality","Gremlin Horn"],"campfire_rested":5,"item_purchase_floors":[38,38,38],"current_hp_per_floor":[72,54,59,59,59,59,59,43,43,6,6,37,60,49,72,56,77,32,32,31,29,13,24,3,14,14,6,6,6,17,16,16,16,38,31,30,29,45,44,44,44,44,44,42,42,42,36,36,36,0,0],"gold":0,"neow_bonus":"THREE_ENEMY_KILL","is_daily":false,"chose_seed":false,"campfire_upgraded":4,"win_rate":0.0,"timestamp":1608767657,"path_taken":["M","?","?","?","?","E","M","E","T","E","M","E","R","?","R","BOSS","M","?","M","M","M","R","E","R","T","M","M","?","R","?","R","BOSS","M","M","M","$","M","R","E","R","T","E","R","?","?","?","R","BOSS"],"items_purchased_type":["Relic","Card","Relic"],"build_version":"2020-12-22","purchased_purges":0,"victory":false,"max_hp_per_floor":[72,72,77,77,77,77,77,77,77,77,77,77,77,77,77,77,77,77,38,38,38,38,38,38,38,38,38,38,38,38,38,38,38,38,38,38,38,45,45,45,45,45,45,45,45,45,45,45,45,45,45],"card_choices":[{"not_picked":["EmptyFist","BowlingBash"],"picked":"Evaluate","floor":1},{"not_picked":["CutThroughFate","CrushJoints"],"picked":"TalkToTheHand","floor":5},{"not_picked":["Protect","EmptyFist"],"picked":"FlyingSleeves","floor":6},{"not_picked":["WaveOfTheHand","EmptyBody"],"picked":"CutThroughFate","floor":7},{"not_picked":["Halt","Nirvana"],"picked":"Blasphemy","floor":8},{"not_picked":["BowlingBash","Meditate"],"picked":"DeceiveReality","floor":10},{"not_picked":["Worship","CutThroughFate"],"picked":"FollowUp","floor":11},{"not_picked":["FearNoEvil","WheelKick"],"picked":"Study","floor":12},{"not_picked":["DeusExMachina","Judgement"],"picked":"DevaForm","floor":16},{"not_picked":["Crescendo","Evaluate"],"picked":"ClearTheMind+1","floor":18},{"not_picked":["ThirdEye","Protect"],"picked":"Consecrate","floor":20},{"not_picked":["Evaluate","ForeignInfluence+1"],"picked":"SashWhip+1","floor":21},{"not_picked":["BowlingBash","EmptyFist"],"picked":"Omniscience","floor":22},{"not_picked":["Conclude","Evaluate"],"picked":"Vengeance","floor":24},{"not_picked":["CrushJoints","BowlingBash"],"picked":"Perseverance","floor":27},{"not_picked":["EmptyFist","EmptyBody"],"picked":"Fasting2","floor":28},{"not_picked":["Prostrate","WreathOfFlame"],"picked":"FollowUp","floor":31},{"not_picked":["Blasphemy","MasterReality"],"picked":"Devotion","floor":33},{"not_picked":["Study","Worship"],"picked":"SashWhip+1","floor":35},{"not_picked":["Swivel","DeceiveReality"],"picked":"JustLucky+1","floor":36},{"not_picked":["MentalFortress+1","SignatureMove+1"],"picked":"Prostrate+1","floor":37},{"not_picked":["ThirdEye+1","Consecrate"],"picked":"Wireheading+1","floor":39},{"not_picked":["ClearTheMind","CrushJoints+1"],"picked":"EmptyBody","floor":41},{"not_picked":["FlyingSleeves","CutThroughFate"],"picked":"DevaForm","floor":44}],"player_experience":436671,"relics_obtained":[{"floor":6,"key":"Lizard Tail"},{"floor":8,"key":"Smiling Mask"},{"floor":9,"key":"Incense Burner"},{"floor":10,"key":"Lantern"},{"floor":12,"key":"Darkstone Periapt"},{"floor":24,"key":"Bottled Tornado"},{"floor":41,"key":"Oddly Smooth Stone"},{"floor":43,"key":"Boot"},{"floor":44,"key":"MealTicket"}],"event_choices":[{"damage_healed":0,"gold_gain":0,"player_choice":"Success","damage_taken":18,"relics_obtained":["Torii"],"max_hp_gain":0,"max_hp_loss":0,"event_name":"Scrap Ooze","floor":2,"gold_loss":0},{"damage_healed":0,"gold_gain":0,"player_choice":"Donut","damage_taken":0,"max_hp_gain":5,"max_hp_loss":0,"event_name":"Big Fish","floor":3,"gold_loss":0},{"cards_removed":["Strike_P"],"damage_healed":0,"gold_gain":0,"player_choice":"Offered Basic","damage_taken":0,"max_hp_gain":0,"max_hp_loss":0,"event_name":"Bonfire Elementals","floor":4,"gold_loss":0},{"damage_healed":0,"gold_gain":75,"player_choice":"Gather Gold","damage_taken":11,"max_hp_gain":0,"max_hp_loss":0,"event_name":"World of Goop","floor":14,"gold_loss":0},{"damage_healed":0,"gold_gain":0,"player_choice":"Became a Ghost","damage_taken":0,"max_hp_gain":0,"max_hp_loss":39,"event_name":"Ghosts","floor":19,"gold_loss":0,"cards_obtained":["Ghostly","Ghostly","Ghostly","Ghostly","Ghostly"]},{"damage_healed":0,"gold_gain":0,"player_choice":"Forge","damage_taken":0,"max_hp_gain":0,"max_hp_loss":0,"event_name":"Accursed Blacksmith","floor":29,"gold_loss":0,"cards_upgraded":["Fasting2"]},{"damage_healed":0,"gold_gain":0,"player_choice":"Paid","damage_taken":0,"relics_obtained":["Red Mask"],"max_hp_gain":0,"max_hp_loss":0,"event_name":"Tomb of Lord Red Mask","floor":46,"gold_loss":26},{"damage_healed":0,"gold_gain":0,"player_choice":"Embrace Madness","damage_taken":6,"max_hp_gain":0,"max_hp_loss":0,"event_name":"Winding Halls","floor":47,"gold_loss":0,"cards_obtained":["Madness","Madness"]},{"damage_healed":0,"gold_gain":0,"cards_transformed":["Strike_P"],"player_choice":"Transformed","damage_taken":0,"max_hp_gain":0,"max_hp_loss":0,"event_name":"Transmorgrifier","floor":48,"gold_loss":0,"cards_obtained":["BattleHymn"]}],"is_beta":false,"boss_relics":[{"not_picked":["Tiny House","Velvet Choker"],"picked":"Ectoplasm"},{"not_picked":["Pandora\u0027s Box","Empty Cage"],"picked":"Sozu"}],"items_purged_floors":[],"is_endless":false,"potions_floor_spawned":[7,8,10,20,22,28,31,33,35,44],"killed_by":"Awakened One","ascension_level":1}}