{"host":"0vd2boh2oi7jm085","time":1608730222,"event":{"mods":["BaseMod","Colored Map","Colored Powertips","Highlight Path","Minty Spire (QoL Compilation)","Quick Restart","StSLib","The IronCluck"],"gold_per_floor":[218,229,56,56,56,56,91,107,153,167,198,214,226,241,241,318,368,381,44,64,114,134,134,145,145,145,145,145,70,97,117,117,117,117],"floor_reached":33,"playtime":674,"items_purged":["Bash"],"score":530,"play_id":"141a28f6-d7ef-4bc9-92f1-7717ada8b59f","local_time":"20201223053022","is_ascension_mode":true,"campfire_choices":[{"data":"Searing Blow+1","floor":6.0,"key":"SMITH"},{"floor":15.0,"key":"REST"},{"floor":23.0,"key":"REST"},{"floor":25.0,"key":"REST"},{"data":"Searing Blow+2","floor":27.0,"key":"SMITH"},{"data":"Searing Blow+3","floor":32,"key":"SMITH"}],"circlet_count":0,"master_deck":["AscendersBane","Strike_R","Strike_R","Strike_R","Strike_R","Strike_R","Defend_R","Defend_R","Defend_R","Defend_R","Searing Blow+4","Thunderclap+1","Demon Form"],"relics":["Burning Blood","Bag of Marbles","Pen Nib","Ginger","Happy Flower","Anchor","Tiny House","Regal Pillow","Lantern","Mercury Hourglass","Champion Belt","CaptainsWheel"],"acts_visited":["Exordium","TheCity"],"potions_floor_usage":[30,33,33],"damage_taken":[{"damage":1.0,"enemies":"Cultist","floor":1.0,"turns":3.0},{"damage":8.0,"enemies":"2 Louse","floor":2.0,"turns":2.0},{"damage":31.0,"enemies":"Gremlin Nob","floor":7.0,"turns":4.0},{"damage":6.0,"enemies":"Small Slimes","floor":8.0,"turns":2.0},{"damage":14.0,"enemies":"Exordium Thugs","floor":10.0,"turns":2.0},{"damage":10.0,"enemies":"Lagavulin","floor":11.0,"turns":5.0},{"damage":1.0,"enemies":"Looter","floor":12.0,"turns":2.0},{"damage":0.0,"enemies":"Lots of Slimes","floor":13.0,"turns":1.0},{"damage":2.0,"enemies":"Gremlin Gang","floor":14.0,"turns":2.0},{"damage":37.0,"enemies":"Slime Boss","floor":16.0,"turns":9.0},{"damage":47.0,"enemies":"2 Thieves","floor":18.0,"turns":4.0},{"damage":25.0,"enemies":"Spheric Guardian","floor":20.0,"turns":4.0},{"damage":28.0,"enemies":"Snake Plant","floor":22.0,"turns":4.0},{"damage":41.0,"enemies":"3 Cultists","floor":24.0,"turns":5.0},{"damage":24,"enemies":"Gremlin Leader","floor":30,"turns":4},{"damage":10,"enemies":"Snecko","floor":31,"turns":4},{"damage":29,"enemies":"Collector","floor":33,"turns":5}],"seed_played":"-6173953146923075789","potions_obtained":[{"floor":1.0,"key":"Explosive Potion"},{"floor":7.0,"key":"Weak Potion"},{"floor":12.0,"key":"BlessingOfTheForge"},{"floor":13.0,"key":"FearPotion"},{"floor":17.0,"key":"FairyPotion"},{"floor":24.0,"key":"LiquidBronze"},{"floor":30,"key":"PowerPotion"},{"floor":31,"key":"SkillPotion"}],"is_trial":false,"path_per_floor":["M","M","$","?","?","R","E","M","T","M","E","M","M","M","R","B",null,"M","$","M","?","M","R","M","R","T","R","T","$","E","M","R","B"],"character_chosen":"IRONCLAD","items_purchased":["Bag of Marbles","Regal Pillow","Lantern"],"campfire_rested":3,"item_purchase_floors":[3,19,19],"current_hp_per_floor":[73,71,71,71,53,53,28,28,28,20,16,21,27,31,53,22,67,26,26,7,7,16,55,20,59,59,59,59,59,41,37,37,8,8],"gold":117,"neow_bonus":"HUNDRED_GOLD","is_daily":false,"chose_seed":false,"campfire_upgraded":3,"win_rate":0.0,"timestamp":1608730222,"path_taken":["M","?","$","?","?","R","E","M","T","M","E","?","M","M","R","BOSS","M","$","M","?","M","R","M","R","T","R","?","$","E","?","R","BOSS"],"items_purchased_type":["Relic","Relic","Relic"],"build_version":"2020-12-22","purchased_purges":1,"victory":false,"max_hp_per_floor":[75,75,75,75,75,75,75,75,75,75,75,75,75,75,75,75,80,80,80,80,80,80,80,80,80,80,80,80,80,80,80,80,80,80],"card_choices":[{"not_picked":["Sentinel","Pommel Strike"],"picked":"Searing Blow","floor":1.0},{"not_picked":["Headbutt","Sever Soul","Seeing Red"],"picked":"SKIP","floor":2.0},{"not_picked":["Sever Soul","Twin Strike"],"picked":"Thunderclap","floor":7.0},{"not_picked":["Evolve","Metallicize","Cleave"],"picked":"SKIP","floor":8.0},{"not_picked":["Twin Strike","Perfected Strike","Bludgeon"],"picked":"SKIP","floor":10.0},{"not_picked":["Iron Wave","Exhume","Fire Breathing"],"picked":"SKIP","floor":11.0},{"not_picked":["Clash","Body Slam","Heavy Blade"],"picked":"SKIP","floor":12.0},{"not_picked":["True Grit","Heavy Blade","Perfected Strike"],"picked":"SKIP","floor":13.0},{"not_picked":["Sentinel","Flex","Dark Embrace"],"picked":"SKIP","floor":14.0},{"not_picked":["Corruption","Offering"],"picked":"Demon Form","floor":16.0},{"not_picked":["Carnage","Headbutt","Wild Strike+1"],"picked":"SKIP","floor":18.0},{"not_picked":["Dropkick","Exhume","Body Slam+1"],"picked":"SKIP","floor":20.0},{"not_picked":["Dual Wield","Rupture","Iron Wave"],"picked":"SKIP","floor":22.0},{"not_picked":["Hemokinesis","Carnage","Feel No Pain"],"picked":"SKIP","floor":24.0},{"not_picked":["Cleave","Warcry","Infernal Blade"],"picked":"SKIP","floor":30},{"not_picked":["Flex","Shockwave","True Grit"],"picked":"SKIP","floor":31}],"player_experience":102254,"relics_obtained":[{"floor":7.0,"key":"Ginger"},{"floor":9.0,"key":"Happy Flower"},{"floor":11.0,"key":"Anchor"},{"floor":26.0,"key":"Mercury Hourglass"},{"floor":28.0,"key":"Champion Belt"},{"floor":30,"key":"CaptainsWheel"}],"event_choices":[{"damage_healed":0.0,"max_hp_gain":0.0,"max_hp_loss":0.0,"gold_gain":0.0,"event_name":"Living Wall","player_choice":"Grow","floor":4.0,"gold_loss":0.0,"damage_taken":0.0,"cards_upgraded":["Searing Blow"]},{"damage_healed":0.0,"max_hp_gain":0.0,"max_hp_loss":0.0,"gold_gain":0.0,"event_name":"Scrap Ooze","player_choice":"Success","floor":5.0,"gold_loss":0.0,"damage_taken":18.0,"relics_obtained":["Pen Nib"]},{"damage_healed":0.0,"max_hp_gain":0.0,"max_hp_loss":0.0,"gold_gain":50.0,"event_name":"Nest","player_choice":"Stole From Cult","floor":21.0,"gold_loss":0.0,"damage_taken":0.0}],"is_beta":false,"boss_relics":[{"not_picked":["Sozu","Coffee Dripper"],"picked":"Tiny House"}],"items_purged_floors":[29],"is_endless":false,"potions_floor_spawned":[1,7,8,12,13,18,24,30,31],"killed_by":"Collector","ascension_level":18}}