{"host":"soyfmymeou4emntr","time":1608688933,"event":{"mods":["BaseMod","Minty Spire (QoL Compilation)","Relic Sorter","Relic Stats","StSLib"],"gold_per_floor":[117,135,149,28,40,74,74,1,82,112,112,137,9,19,19,97,97,117,137,148,97,97,97,124,135,135,146,159,1,1,46,46,120,120,134,176,156,200,218,275,288,320,320,320,357,395,407,28,28,28],"floor_reached":51,"playtime":5613,"items_purged":["Defend_P"],"score":1497,"play_id":"9779fea9-3507-4a35-a640-11db44c53108","local_time":"20201222190213","is_ascension_mode":true,"campfire_choices":[{"data":"Ragnarok","floor":7.0,"key":"SMITH"},{"data":"MentalFortress","floor":11.0,"key":"SMITH"},{"data":"TalkToTheHand","floor":15.0,"key":"SMITH"},{"floor":23.0,"key":"REST"},{"floor":30.0,"key":"REST"},{"floor":32.0,"key":"REST"},{"floor":49.0,"key":"REST"}],"circlet_count":0,"master_deck":["AscendersBane","Strike_P+1","Strike_P+1","Strike_P","Strike_P","Defend_P+1","Defend_P","Defend_P+1","Eruption","Vigilance","InnerPeace+1","FollowUp","Worship+1","Wallop+1","MentalFortress+1","Protect+1","Ragnarok+1","JustLucky+1","TalkToTheHand+1","LessonLearned","Indignation+1","BattleHymn+1","CutThroughFate","Crescendo","Wish","Meditate","MentalFortress","Omniscience","Meditate","Wireheading","WheelKick","TalkToTheHand","Meditate","Omniscience","Protect","Tantrum"],"relics":["Snecko Eye","Ginger","Blood Vial","StrikeDummy","GoldenEye","Regal Pillow","Fusion Hammer","Darkstone Periapt","Mummified Hand","Black Star","Question Card","Matryoshka","Nunchaku","Akabeko","Lantern","Peace Pipe","OrangePellets"],"acts_visited":["Exordium","TheCity","TheBeyond"],"potions_floor_usage":[],"damage_taken":[{"damage":0.0,"enemies":"2 Louse","floor":1.0,"turns":2.0},{"damage":0.0,"enemies":"Cultist","floor":2.0,"turns":2.0},{"damage":2.0,"enemies":"Small Slimes","floor":3.0,"turns":3.0},{"damage":0.0,"enemies":"Blue Slaver","floor":5.0,"turns":3.0},{"damage":4.0,"enemies":"Lagavulin","floor":6.0,"turns":5.0},{"damage":7.0,"enemies":"3 Sentries","floor":10.0,"turns":6.0},{"damage":0.0,"enemies":"Gremlin Nob","floor":12.0,"turns":2.0},{"damage":0.0,"enemies":"3 Louse","floor":14.0,"turns":3.0},{"damage":13.0,"enemies":"The Guardian","floor":16.0,"turns":6.0},{"damage":8.0,"enemies":"Shell Parasite","floor":18.0,"turns":5.0},{"damage":11.0,"enemies":"2 Thieves","floor":19.0,"turns":3.0},{"damage":9.0,"enemies":"Centurion and Healer","floor":20.0,"turns":6.0},{"damage":55.0,"enemies":"Slavers","floor":24.0,"turns":4.0},{"damage":0.0,"enemies":"Sentry and Sphere","floor":25.0,"turns":3.0},{"damage":0.0,"enemies":"Snecko","floor":27.0,"turns":2.0},{"damage":0.0,"enemies":"Cultist and Chosen","floor":28.0,"turns":3.0},{"damage":8.0,"enemies":"Snake Plant","floor":31.0,"turns":3.0},{"damage":23.0,"enemies":"Collector","floor":33.0,"turns":7.0},{"damage":13.0,"enemies":"3 Darklings","floor":35.0,"turns":4.0},{"damage":0.0,"enemies":"3 Shapes","floor":36.0,"turns":2.0},{"damage":9.0,"enemies":"Transient","floor":38.0,"turns":6.0},{"damage":4.0,"enemies":"Jaw Worm Horde","floor":39.0,"turns":3.0},{"damage":0.0,"enemies":"Nemesis","floor":40.0,"turns":3.0},{"damage":6.0,"enemies":"3 Darklings","floor":41.0,"turns":4.0},{"damage":5.0,"enemies":"Giant Head","floor":42.0,"turns":5.0},{"damage":0.0,"enemies":"Maw","floor":45.0,"turns":6.0},{"damage":10.0,"enemies":"Writhing Mass","floor":46.0,"turns":4.0},{"damage":0.0,"enemies":"Jaw Worm Horde","floor":47.0,"turns":2.0},{"damage":39,"enemies":"Time Eater","floor":50,"turns":10}],"seed_played":"-2037120550696231410","potions_obtained":[{"floor":2.0,"key":"Swift Potion"},{"floor":5.0,"key":"Strength Potion"},{"floor":12.0,"key":"Dexterity Potion"},{"floor":18.0,"key":"Strength Potion"},{"floor":19.0,"key":"LiquidBronze"},{"floor":27.0,"key":"Fruit Juice"},{"floor":28.0,"key":"Ancient Potion"},{"floor":35.0,"key":"CultistPotion"},{"floor":40.0,"key":"SneckoOil"},{"floor":46.0,"key":"BottledMiracle"},{"floor":47.0,"key":"SteroidPotion"}],"is_trial":false,"path_per_floor":["M","M","M","$","M","E","R","?","T","E","R","E","$","M","R","B",null,"M","M","M","$","?","R","E","M","T","M","M","$","R","M","R","B",null,"M","M","?","M","M","E","M","E","T","?","M","M","M","$","R","B",null],"character_chosen":"WATCHER","items_purchased":["Wallop","MentalFortress","PowerPotion","CutThroughFate","Meditate","MentalFortress","Tantrum","OrangePellets","Fruit Juice","SteroidPotion"],"campfire_rested":4,"item_purchase_floors":[4,4,13,21,29,29,48,48,48,48],"current_hp_per_floor":[61,61,59,59,59,55,55,55,55,50,50,52,52,54,54,43,62,56,47,40,40,40,68,13,15,15,17,24,24,60,54,73,50,67,56,58,58,51,49,51,47,44,44,44,46,38,40,45,78,39],"gold":28,"neow_bonus":"BOSS_RELIC","is_daily":false,"chose_seed":false,"campfire_upgraded":3,"win_rate":0.0,"timestamp":1608688933,"path_taken":["M","M","M","$","M","E","R","?","T","E","R","E","$","M","R","BOSS","M","?","M","$","?","R","E","M","T","M","M","$","R","M","R","BOSS","M","M","?","M","M","E","?","E","T","?","M","?","M","$","R","BOSS"],"items_purchased_type":["Card","Card","Potion","Card","Card","Card","Card","Relic","Potion","Potion"],"build_version":"2020-12-13","purchased_purges":1,"victory":true,"max_hp_per_floor":[68,68,68,68,68,68,68,68,68,68,68,68,68,68,68,68,68,68,68,68,68,68,68,68,68,68,68,73,73,73,73,73,73,73,73,73,73,73,73,73,73,73,73,73,73,73,73,78,78,78],"relic_stats":{"Darkstone Periapt":0,"Regal Pillow":33,"counters":[29,117],"Ginger":[19],"GoldenEye":[81],"Question Card":5,"Blood Vial":42,"Peace Pipe":0,"OrangePellets":[2],"Nunchaku":[6],"Mummified Hand":[79],"Snecko Eye":[202,174,177,196],"Black Star":2,"obtain_stats":[{"Darkstone Periapt":24,"Regal Pillow":12,"Lantern":43,"Ginger":6,"GoldenEye":10,"Question Card":40,"Akabeko":42,"Blood Vial":8,"Peace Pipe":43,"OrangePellets":48,"Nunchaku":42,"Matryoshka":40,"Mummified Hand":26,"Snecko Eye":0,"Fusion Hammer":17,"Black Star":34,"PureWater":0,"StrikeDummy":9},{"Darkstone Periapt":13,"Regal Pillow":7,"Lantern":25,"Ginger":5,"GoldenEye":6,"Question Card":23,"Akabeko":25,"Blood Vial":5,"Peace Pipe":25,"OrangePellets":28,"Nunchaku":25,"Matryoshka":23,"Mummified Hand":14,"Snecko Eye":0,"Fusion Hammer":9,"Black Star":18,"PureWater":0,"StrikeDummy":5},{"Darkstone Periapt":50,"Regal Pillow":23,"Lantern":95,"Ginger":15,"GoldenEye":21,"Question Card":86,"Akabeko":95,"Blood Vial":15,"Peace Pipe":95,"OrangePellets":107,"Nunchaku":95,"Matryoshka":86,"Mummified Hand":53,"Snecko Eye":0,"Fusion Hammer":32,"Black Star":68,"PureWater":0,"StrikeDummy":15}]},"card_choices":[{"not_picked":["Halt","Prostrate"],"picked":"InnerPeace","floor":1.0},{"not_picked":["EmptyFist","Sanctity"],"picked":"FollowUp","floor":2.0},{"not_picked":["Prostrate","BowlingBash"],"picked":"Worship","floor":3.0},{"not_picked":["LikeWater","BowlingBash"],"picked":"Protect","floor":5.0},{"not_picked":["ForeignInfluence","CutThroughFate"],"picked":"Ragnarok","floor":6.0},{"not_picked":["Halt","SashWhip","Perseverance"],"picked":"SKIP","floor":10.0},{"not_picked":["FlyingSleeves","DeceiveReality"],"picked":"JustLucky","floor":12.0},{"not_picked":["Conclude","Wallop"],"picked":"TalkToTheHand","floor":14.0},{"not_picked":["MasterReality","Judgement"],"picked":"LessonLearned","floor":16.0},{"not_picked":["SignatureMove","EmptyBody"],"picked":"Indignation","floor":18.0},{"not_picked":["ClearTheMind","EmptyFist"],"picked":"BattleHymn+1","floor":19.0},{"not_picked":["SashWhip","EmptyBody","Prostrate"],"picked":"SKIP","floor":20.0},{"not_picked":["Weave","Vengeance+1","Evaluate"],"picked":"SKIP","floor":24.0},{"not_picked":["FearNoEvil","BowlingBash"],"picked":"Crescendo","floor":25.0},{"not_picked":["BowlingBash+1","Indignation","ForeignInfluence"],"picked":"SKIP","floor":27.0},{"not_picked":["BowlingBash","ThirdEye"],"picked":"Wish","floor":28.0},{"not_picked":["ThirdEye","CutThroughFate","Crescendo"],"picked":"SKIP","floor":31.0},{"not_picked":["DeusExMachina","Wish"],"picked":"Omniscience","floor":33.0},{"not_picked":["Crescendo","Evaluate","ThirdEye"],"picked":"SKIP","floor":35.0},{"not_picked":["BattleHymn","WindmillStrike+1"],"picked":"Meditate","floor":36.0},{"not_picked":["Consecrate","ThirdEye","FollowUp+1"],"picked":"SKIP","floor":38.0},{"not_picked":["EmptyFist","Consecrate"],"picked":"Wireheading","floor":39.0},{"not_picked":["Crescendo+1","MentalFortress+1"],"picked":"WheelKick","floor":40.0},{"not_picked":["SashWhip+1","Swivel","Scrawl"],"picked":"TalkToTheHand","floor":41.0},{"not_picked":["CarveReality","CutThroughFate","ThirdEye+1"],"picked":"Meditate","floor":42.0},{"not_picked":["FlyingSleeves","WaveOfTheHand","JustLucky","BattleHymn"],"picked":"SKIP","floor":45.0},{"not_picked":["FlurryOfBlows","FollowUp","CrushJoints","Crescendo"],"picked":"SKIP","floor":46.0},{"not_picked":["Fasting2","FlyingSleeves","PathToVictory"],"picked":"Protect","floor":47.0}],"player_experience":2605176,"relics_obtained":[{"floor":6.0,"key":"Ginger"},{"floor":9.0,"key":"StrikeDummy"},{"floor":10.0,"key":"GoldenEye"},{"floor":12.0,"key":"Regal Pillow"},{"floor":24.0,"key":"Darkstone Periapt"},{"floor":26.0,"key":"Mummified Hand"},{"floor":40.0,"key":"Question Card"},{"floor":40.0,"key":"Matryoshka"},{"floor":42.0,"key":"Nunchaku"},{"floor":42.0,"key":"Akabeko"},{"floor":43.0,"key":"Lantern"},{"floor":43.0,"key":"Peace Pipe"}],"event_choices":[{"damage_healed":0.0,"max_hp_gain":0.0,"max_hp_loss":0.0,"gold_gain":0.0,"event_name":"WeMeetAgain","player_choice":"Paid Gold","floor":8.0,"gold_loss":73.0,"damage_taken":0.0,"relics_obtained":["Blood Vial"]},{"damage_healed":0.0,"max_hp_gain":0.0,"max_hp_loss":0.0,"gold_gain":0.0,"event_name":"Ghosts","player_choice":"Ignored","floor":22.0,"gold_loss":0.0,"damage_taken":0.0},{"damage_healed":0.0,"max_hp_gain":0.0,"max_hp_loss":0.0,"gold_gain":0.0,"event_name":"The Woman in Blue","player_choice":"Bought 1 Potion","floor":37.0,"gold_loss":0.0,"damage_taken":0.0},{"damage_healed":0.0,"max_hp_gain":0.0,"max_hp_loss":0.0,"gold_gain":0.0,"event_name":"Duplicator","player_choice":"Copied","floor":44.0,"gold_loss":0.0,"damage_taken":0.0,"cards_obtained":["Omniscience"]}],"is_beta":false,"boss_relics":[{"not_picked":["Tiny House","Cursed Key"],"picked":"Fusion Hammer"},{"not_picked":["Sozu","Calling Bell"],"picked":"Black Star"}],"items_purged_floors":[13],"is_endless":false,"potions_floor_spawned":[2,5,12,14,18,19,27,28,33,35,36,40,46,47],"ascension_level":19}}