{"host":"wg33yb1rgt3nbe17","time":1608688769,"event":{"mods":["AchievementEnabler","BaseMod","Colored Map","Minty Spire (QoL Compilation)","Permanent Neow","Relic Stats","StSLib"],"gold_per_floor":[114,39,39,39,50,50,75,75,102,120,20,30,41,53,53,126,126,141,154,79,24,34,34,47,47,70,70,70,111,140,140,140],"floor_reached":31,"playtime":767,"items_purged":["Normality","Defend_R"],"score":513,"play_id":"31c9e941-c567-4f2b-8301-95a2bca9f8f7","local_time":"20201222205929","is_ascension_mode":true,"campfire_choices":[{"data":"Carnage","floor":6,"key":"SMITH"},{"data":"True Grit","floor":8,"key":"SMITH"},{"floor":15,"key":"REST"},{"floor":23,"key":"REST"},{"floor":25,"key":"REST"}],"circlet_count":0,"master_deck":["AscendersBane","Strike_R","Strike_R","Strike_R","Strike_R","Defend_R","Bash","Carnage+1","Clash","True Grit+1","Second Wind","Offering","Shrug It Off","Clash","Limit Break","Clash","Shockwave+1","Shrug It Off","Clash","Anger","Sever Soul"],"relics":["Burning Blood","Lizard Tail","Omamori","PreservedInsect","Busted Crown","MealTicket","CeramicFish"],"acts_visited":["Exordium","TheCity"],"potions_floor_usage":[16,16,22],"damage_taken":[{"damage":16,"enemies":"Small Slimes","floor":1,"turns":4},{"damage":7,"enemies":"2 Louse","floor":5,"turns":3},{"damage":25,"enemies":"Lagavulin","floor":7,"turns":5},{"damage":12,"enemies":"Jaw Worm","floor":10,"turns":3},{"damage":9,"enemies":"Exordium Wildlife","floor":12,"turns":3},{"damage":6,"enemies":"Large Slime","floor":13,"turns":2},{"damage":7,"enemies":"3 Louse","floor":14,"turns":3},{"damage":47,"enemies":"Slime Boss","floor":16,"turns":10},{"damage":26,"enemies":"2 Thieves","floor":18,"turns":3},{"damage":25,"enemies":"Shell Parasite","floor":19,"turns":3},{"damage":15,"enemies":"Snake Plant","floor":22,"turns":3},{"damage":32,"enemies":"Chosen and Byrds","floor":24,"turns":6},{"damage":17,"enemies":"Slavers","floor":29,"turns":5},{"damage":22,"enemies":"3 Cultists","floor":30,"turns":4},{"damage":67,"enemies":"Sentry and Sphere","floor":31,"turns":5}],"seed_played":"7068455030585445535","potions_obtained":[{"floor":1,"key":"BloodPotion"},{"floor":7,"key":"SteroidPotion"},{"floor":12,"key":"PowerPotion"},{"floor":19,"key":"ColorlessPotion"},{"floor":22,"key":"Dexterity Potion"}],"is_trial":false,"path_per_floor":["M","$","?","?","M","R","E","R","T","M","$","M","M","M","R","B",null,"M","M","?","$","M","R","M","R","T","$","?","E","M","M"],"character_chosen":"IRONCLAD","items_purchased":["Shrug It Off"],"campfire_rested":3,"item_purchase_floors":[21],"current_hp_per_floor":[58,58,51,51,50,50,31,31,31,25,25,22,22,21,43,17,61,41,22,22,22,13,35,9,31,31,46,46,35,19,0,0],"gold":140,"neow_bonus":"ONE_RARE_RELIC","is_daily":false,"chose_seed":false,"campfire_upgraded":2,"win_rate":0.0,"timestamp":1608688769,"path_taken":["M","$","?","?","M","R","E","R","T","M","?","?","M","M","R","BOSS","M","M","?","$","M","R","M","R","T","$","?","E","?","M"],"items_purchased_type":["Card"],"build_version":"2020-12-13","purchased_purges":2,"victory":false,"max_hp_per_floor":[75,75,75,75,75,75,75,75,75,75,75,75,75,75,75,75,75,75,75,75,75,75,75,75,75,75,75,75,75,75,75,75],"relic_stats":{"Lizard Tail":37,"Busted Crown":12,"counters":[15,62],"CeramicFish":18,"MealTicket":15,"PreservedInsect":40,"obtain_stats":[{"Lizard Tail":0,"Busted Crown":17,"CeramicFish":29,"MealTicket":26,"PreservedInsect":9,"Omamori":7,"Burning Blood":0},{"Lizard Tail":0,"Busted Crown":8,"CeramicFish":13,"MealTicket":12,"PreservedInsect":3,"Omamori":3,"Burning Blood":0},{"Lizard Tail":0,"Busted Crown":33,"CeramicFish":53,"MealTicket":48,"PreservedInsect":12,"Omamori":12,"Burning Blood":0}],"Burning Blood":84},"card_choices":[{"not_picked":["Thunderclap","Havoc"],"picked":"Carnage","floor":1},{"not_picked":["Twin Strike","Seeing Red"],"picked":"Clash","floor":5},{"not_picked":["Armaments","Searing Blow"],"picked":"True Grit","floor":7},{"not_picked":["Thunderclap","Searing Blow"],"picked":"Second Wind","floor":10},{"not_picked":["Intimidate","Twin Strike"],"picked":"Offering","floor":12},{"not_picked":["Perfected Strike","Sever Soul"],"picked":"Shrug It Off","floor":13},{"not_picked":["Rupture","Carnage"],"picked":"Clash","floor":14},{"not_picked":["Exhume","Berserk"],"picked":"Limit Break","floor":16},{"not_picked":[],"picked":"Clash","floor":18},{"not_picked":[],"picked":"Shockwave","floor":19},{"not_picked":["Perfected Strike"],"picked":"SKIP","floor":22},{"not_picked":[],"picked":"Clash","floor":24},{"not_picked":[],"picked":"Anger","floor":29},{"not_picked":[],"picked":"Sever Soul","floor":30}],"player_experience":533154,"relics_obtained":[{"floor":7,"key":"Omamori"},{"floor":9,"key":"PreservedInsect"},{"floor":26,"key":"MealTicket"},{"floor":29,"key":"CeramicFish"}],"event_choices":[{"cards_removed":["Defend_R"],"damage_healed":0,"gold_gain":0,"player_choice":"Card Removal","damage_taken":7,"max_hp_gain":0,"max_hp_loss":0,"event_name":"Golden Wing","floor":3,"gold_loss":0},{"cards_removed":["Strike_R"],"damage_healed":0,"gold_gain":0,"player_choice":"Forget","damage_taken":0,"max_hp_gain":0,"max_hp_loss":0,"event_name":"Living Wall","floor":4,"gold_loss":0},{"cards_removed":["Defend_R"],"damage_healed":0,"gold_gain":0,"player_choice":"Gave Gold","damage_taken":0,"max_hp_gain":0,"max_hp_loss":0,"event_name":"Beggar","floor":20,"gold_loss":75},{"damage_healed":0,"gold_gain":0,"player_choice":"Upgraded","damage_taken":0,"max_hp_gain":0,"max_hp_loss":0,"event_name":"Upgrade Shrine","floor":28,"gold_loss":0,"cards_upgraded":["Shockwave"]}],"is_beta":false,"boss_relics":[{"not_picked":["Sozu","Black Star"],"picked":"Busted Crown"}],"items_purged_floors":[2,11],"is_endless":false,"potions_floor_spawned":[1,7,12,14,19,22],"killed_by":"Sentry and Sphere","ascension_level":18}}