{"host":"tb138zs7vhci6g1j","time":1608710656,"event":{"mods":["2.2 Compatiblity","Aspiration","BaseMod","Better Note","Friendly Minions","Minty Spire (QoL Compilation)","RNG Fix","Rare Cards Sparkle","StSLib","The Marked"],"gold_per_floor":[111,111,111,135,135,168,168,182,182,200,218,259,259,284,284,404,404,417,441,516,516,516,551,551,575,602,641,73,113,41,57,57,185,185,208,208,208,223,243,243,286,286,313,359,9,9,24,39,39,39],"floor_reached":51,"playtime":3248,"items_purged":["theMarked:Strike","theMarked:Strike"],"score":875,"play_id":"69f74d76-ff4c-414c-b35d-255871806ede","local_time":"20201223100416","is_ascension_mode":false,"campfire_choices":[{"data":"theMarked:ResourceFulStrike","floor":7,"key":"SMITH"},{"data":"theMarked:Parkour","floor":13,"key":"SMITH"},{"floor":15,"key":"REST"},{"floor":24,"key":"REST"},{"floor":32,"key":"REST"},{"data":"theMarked:Panic","floor":40,"key":"SMITH"},{"data":"theMarked:MuscleMemory","floor":46,"key":"SMITH"},{"data":"theMarked:MagicAdept","floor":49,"key":"SMITH"}],"circlet_count":0,"master_deck":["theMarked:Strike","theMarked:Strike","theMarked:Defend","theMarked:Defend","theMarked:Defend","theMarked:Defend","theMarked:SoldierOfQuellstein+1","theMarked:ResourceFulStrike+1","theMarked:ChainLightning","theMarked:Panic+1","theMarked:EmpowerWeapon","theMarked:TwofoldDefense","theMarked:Parkour+1","theMarked:Defy","theMarked:Static","theMarked:ChannelForce","theMarked:ResourceFulStrike+1","theMarked:Aftermath+1","theMarked:MuscleMemory+1","theMarked:Electrocute+1","theMarked:SwordAndMagic+1","Finesse+1","theMarked:MagicAdept+1","theMarked:EnhancedHearing","theMarked:HeightenedSenses+1","theMarked:EternalStudent+1","theMarked:RepellingDischarge+1","Bandage Up+1"],"relics":["theMarked:ArtifactOfAir","NeowsBlessing","Golden Idol","Oddly Smooth Stone","theMarked:NailFile","aspiration:SeaSaltIceCream","Black Star","theMarked:SpiritSword","Gremlin Horn","aspiration:StickyExplosives_weak","Dream Catcher","Blood Vial","aspiration:Stabinomicon","Tiny Chest","Membership Card","Toxic Egg 2","Gambling Chip","Kunai","Sundial","Happy Flower","Busted Crown","Singing Bowl","Eternal Feather","Smiling Mask","MawBank","Bag of Marbles","Anchor","Bag of Preparation","InkBottle","Frozen Eye"],"acts_visited":["Exordium","TheCity","TheBeyond"],"potions_floor_usage":[12,12,12,18,27,28,33,41,50,50,50,50,50],"damage_taken":[{"damage":0,"enemies":"Cultist","floor":1,"turns":1},{"damage":0,"enemies":"Small Slimes","floor":4,"turns":1},{"damage":0,"enemies":"3 Sentries","floor":6,"turns":1},{"damage":0,"enemies":"Jaw Worm","floor":8,"turns":2},{"damage":2,"enemies":"Gremlin Gang","floor":10,"turns":4},{"damage":12,"enemies":"3 Louse","floor":11,"turns":2},{"damage":3,"enemies":"Lagavulin","floor":12,"turns":7},{"damage":4,"enemies":"Large Slime","floor":14,"turns":3},{"damage":33,"enemies":"The Guardian","floor":16,"turns":10},{"damage":16,"enemies":"2 Thieves","floor":18,"turns":3},{"damage":17,"enemies":"3 Byrds","floor":19,"turns":4},{"damage":9,"enemies":"Gremlin Leader","floor":23,"turns":4},{"damage":18,"enemies":"Snecko","floor":25,"turns":4},{"damage":39,"enemies":"Book of Stabbing","floor":27,"turns":4},{"damage":5,"enemies":"Gremlin Leader","floor":29,"turns":4},{"damage":4,"enemies":"Cultist and Chosen","floor":31,"turns":2},{"damage":12,"enemies":"Champ","floor":33,"turns":6},{"damage":0,"enemies":"3 Shapes","floor":35,"turns":2},{"damage":0,"enemies":"3 Darklings","floor":38,"turns":2},{"damage":0,"enemies":"Sphere and 2 Shapes","floor":39,"turns":3},{"damage":34,"enemies":"Nemesis","floor":41,"turns":5},{"damage":18,"enemies":"Giant Head","floor":44,"turns":6},{"damage":0,"enemies":"Jaw Worm Horde","floor":47,"turns":3},{"damage":0,"enemies":"Maw","floor":48,"turns":4},{"damage":6,"enemies":"Time Eater","floor":50,"turns":5}],"seed_played":"3796317473044728583","potions_obtained":[{"floor":4,"key":"SpeedPotion"},{"floor":6,"key":"Weak Potion"},{"floor":11,"key":"SkillPotion"},{"floor":12,"key":"Block Potion"},{"floor":14,"key":"theMarked:ChargePotion"},{"floor":19,"key":"FairyPotion"},{"floor":29,"key":"Weak Potion"},{"floor":31,"key":"BlessingOfTheForge"},{"floor":35,"key":"EntropicBrew"},{"floor":38,"key":"SpeedPotion"},{"floor":47,"key":"Weak Potion"},{"floor":48,"key":"Dexterity Potion"}],"is_trial":false,"path_per_floor":["M","?","?","M","?","E","R","M","T","M","M","E","R","M","R","B",null,"M","M","?","?","?","E","R","M","T","E","$","E","$","M","R","B",null,"M","?","T","M","M","R","E","?","T","E","$","R","M","M","R","B",null],"character_chosen":"THE_DEFAULT","items_purchased":["Membership Card","Toxic Egg 2","Fruit Juice","Gambling Chip","Finesse+1","Happy Flower","Bag of Preparation","InkBottle","Bandage Up+1","Frozen Eye"],"campfire_rested":3,"item_purchase_floors":[28,28,28,28,28,30,45,45,45,45],"current_hp_per_floor":[70,53,46,46,46,46,46,46,46,44,32,36,36,32,53,20,70,54,37,30,30,30,21,42,24,24,21,26,23,23,21,43,33,75,75,75,75,77,79,79,47,47,47,33,33,48,58,68,83,81],"gold":39,"neow_bonus":"THREE_ENEMY_KILL","is_daily":false,"chose_seed":false,"campfire_upgraded":5,"win_rate":0.0,"timestamp":1608710656,"path_taken":["M","?","?","M","?","E","R","M","T","M","M","E","R","?","R","BOSS","M","M","?","?","?","E","R","M","T","E","$","E","?","?","R","BOSS","M","?","?","M","M","R","E","?","T","E","?","R","?","M","R","BOSS"],"items_purchased_type":["Relic","Relic","Potion","Relic","Card","Relic","Relic","Relic","Card","Relic"],"build_version":"2020-12-22","purchased_purges":2,"victory":true,"max_hp_per_floor":[70,70,70,70,70,70,70,70,70,70,70,70,70,70,70,70,70,70,70,70,70,70,70,70,70,70,70,75,75,75,75,75,75,75,75,75,75,77,79,79,81,81,81,83,83,83,85,87,87,87],"card_choices":[{"not_picked":["theMarked:ContemptForTheProud","theMarked:Frustration"],"picked":"theMarked:ResourceFulStrike","floor":1},{"not_picked":["theMarked:Aftermath","theMarked:HeritageOfTheMarked"],"picked":"theMarked:ChainLightning","floor":4},{"not_picked":["theMarked:HeightenedSenses","theMarked:ElectricStrings"],"picked":"theMarked:Panic","floor":6},{"not_picked":["theMarked:WardOff","theMarked:MagicAdept"],"picked":"theMarked:EmpowerWeapon","floor":8},{"not_picked":["theMarked:TunnelVision","theMarked:WastefulAttack"],"picked":"theMarked:TwofoldDefense","floor":10},{"not_picked":["theMarked:Improvise","theMarked:ComboAttacks"],"picked":"theMarked:Parkour","floor":11},{"not_picked":["theMarked:Panic","theMarked:HeritageOfTheMarked"],"picked":"theMarked:Defy","floor":12},{"not_picked":["theMarked:BanishingStrike","theMarked:Parkour"],"picked":"theMarked:Static","floor":14},{"not_picked":["theMarked:SoldierForm","theMarked:Snap"],"picked":"theMarked:ChannelForce","floor":16},{"not_picked":["theMarked:WastefulAttack","theMarked:Electrify+1"],"picked":"theMarked:ResourceFulStrike+1","floor":18},{"not_picked":["theMarked:ElectricStrings","theMarked:Generate+1"],"picked":"theMarked:Aftermath+1","floor":19},{"not_picked":["theMarked:Overcharge","theMarked:Static"],"picked":"theMarked:MuscleMemory","floor":23},{"not_picked":["theMarked:WastefulAttack","theMarked:BanishingStrike"],"picked":"theMarked:ComboAttacks","floor":24},{"not_picked":["theMarked:RepellingDischarge","theMarked:LightningStrikesTwice+1"],"picked":"theMarked:Electrocute+1","floor":25},{"not_picked":["theMarked:DeterminationOfTheMarked","theMarked:WastefulAttack"],"picked":"theMarked:SwordAndMagic+1","floor":27},{"not_picked":["theMarked:BanishingWave","theMarked:TwofoldDefense+1"],"picked":"theMarked:MagicAdept","floor":29},{"not_picked":["theMarked:Improvise+1","theMarked:ResourceFulStrike"],"picked":"theMarked:EnhancedHearing","floor":31},{"not_picked":["theMarked:Aftermath+1","theMarked:ComboAttacks"],"picked":"theMarked:HeightenedSenses+1","floor":32},{"not_picked":["theMarked:BindingBlade+1","theMarked:Defy"],"picked":"theMarked:EternalStudent+1","floor":33},{"not_picked":[],"picked":"theMarked:RepellingDischarge+1","floor":35},{"not_picked":["theMarked:ChainLightning"],"picked":"Singing Bowl","floor":38},{"not_picked":["theMarked:BanishingStrike"],"picked":"Singing Bowl","floor":39},{"not_picked":["theMarked:MysticalArsenal"],"picked":"Singing Bowl","floor":41},{"not_picked":["theMarked:HeightenedSenses+1"],"picked":"Singing Bowl","floor":44},{"not_picked":["theMarked:ResourceFulStrike+1"],"picked":"Singing Bowl","floor":47},{"not_picked":["theMarked:RepellingDischarge+1"],"picked":"Singing Bowl","floor":48}],"player_experience":1696872,"relics_obtained":[{"floor":6,"key":"Oddly Smooth Stone"},{"floor":9,"key":"theMarked:NailFile"},{"floor":12,"key":"aspiration:SeaSaltIceCream"},{"floor":23,"key":"aspiration:StickyExplosives_weak"},{"floor":23,"key":"Dream Catcher"},{"floor":26,"key":"Blood Vial"},{"floor":27,"key":"aspiration:Stabinomicon"},{"floor":27,"key":"Tiny Chest"},{"floor":29,"key":"Kunai"},{"floor":29,"key":"Sundial"},{"floor":37,"key":"Singing Bowl"},{"floor":41,"key":"Eternal Feather"},{"floor":41,"key":"Smiling Mask"},{"floor":43,"key":"MawBank"},{"floor":44,"key":"Bag of Marbles"},{"floor":44,"key":"Anchor"}],"event_choices":[{"damage_healed":0,"gold_gain":0,"player_choice":"Take Damage","damage_taken":17,"relics_obtained":["Golden Idol"],"max_hp_gain":0,"max_hp_loss":0,"event_name":"Golden Idol","floor":2,"gold_loss":0},{"cards_removed":["theMarked:Strike"],"damage_healed":0,"gold_gain":0,"player_choice":"Card Removal","damage_taken":7,"max_hp_gain":0,"max_hp_loss":0,"event_name":"Golden Wing","floor":3,"gold_loss":0},{"damage_healed":0,"gold_gain":0,"player_choice":"Grow","damage_taken":0,"max_hp_gain":0,"max_hp_loss":0,"event_name":"Living Wall","floor":5,"gold_loss":0,"cards_upgraded":["theMarked:SoldierOfQuellstein"]},{"damage_healed":0,"gold_gain":75,"player_choice":"Touch","damage_taken":7,"max_hp_gain":0,"max_hp_loss":0,"event_name":"FaceTrader","floor":20,"gold_loss":0},{"damage_healed":0,"gold_gain":0,"player_choice":"Ignored","damage_taken":0,"max_hp_gain":0,"max_hp_loss":0,"event_name":"betterNote:BetterNote","floor":21,"gold_loss":0,"cards_obtained":["Bandage Up"]},{"damage_healed":0,"gold_gain":0,"player_choice":"Opened","damage_taken":0,"relics_obtained":["Gremlin Horn"],"max_hp_gain":0,"max_hp_loss":0,"event_name":"The Mausoleum","floor":22,"gold_loss":0},{"cards_removed":["theMarked:ComboAttacks"],"damage_healed":0,"gold_gain":0,"player_choice":"Removed Power","damage_taken":0,"max_hp_gain":0,"max_hp_loss":0,"event_name":"Falling","floor":36,"gold_loss":0},{"damage_healed":0,"gold_gain":0,"player_choice":"Ignored","damage_taken":0,"max_hp_gain":0,"max_hp_loss":0,"event_name":"SecretPortal","floor":42,"gold_loss":0}],"is_beta":false,"boss_relics":[{"not_picked":["aspiration:WatcherSkillbook","theMarked:Eyepatch"],"picked":"theMarked:SpiritSword"},{"not_picked":["Tiny House","aspiration:SilentSkillbook"],"picked":"Busted Crown"}],"items_purged_floors":[28,45],"is_endless":false,"potions_floor_spawned":[4,6,11,12,14,19,29,31,35,38,39,47,48],"ascension_level":0}}