{"host":"porgtwlvhh3hs75v","time":1608725406,"event":{"mods":["ATMod(°¢èªMod)","Act Like it!","BaseMod","GifTheSpireLib","Minty Spire (QoL Compilation)","Replay The Spire","StSLib","The Cursed","The Servant 0.9.4"],"gold_per_floor":[117,117,31,31,81,81,111,127,151,165,5,21,54,54,54,131,131,150,150,167,92,112,112,130,130,130,130,130],"floor_reached":27,"playtime":1369,"items_purged":["Strike_B"],"score":492,"play_id":"e58cc36e-5825-463d-be19-29d9951e83ab","local_time":"20201223201006","is_ascension_mode":true,"campfire_choices":[{"data":"Recycle","floor":6.0,"key":"SMITH"},{"floor":15.0,"key":"REST"},{"data":"Turbo","floor":23,"key":"SMITH"},{"data":"Seek","floor":25,"key":"SMITH"}],"circlet_count":0,"master_deck":["AscendersBane","Strike_B","Defend_B","Defend_B","Defend_B","Defend_B","Zap","Dualcast","Parasite","ReplayTheSpireMod:Brewmster","AT_RealColorLess","Recycle+1","AT_RobotInSpace","Mirror Shield","AT_DarkMatter","Defragment","Panic Button","ReplayTheSpireMod:Calculation Training","Coolheaded","Skim","Creative AI","AT_EmpoweredMortalDraw","Double Energy","Leap","Turbo+1","AT_ThreeBodyProblem","Seek+1","Tempest"],"relics":["Cracked Core","AT_ATBox","Ginger","DataDisk","Prayer Wheel","Bag of Preparation","Unceasing Top","AT_MortalBlade","Girya"],"acts_visited":["Exordium","TheCity"],"potions_floor_usage":[22],"damage_taken":[{"damage":10.0,"enemies":"Jaw Worm","floor":1.0,"turns":6.0},{"damage":36.0,"enemies":"3 Sentries","floor":7.0,"turns":11.0},{"damage":8.0,"enemies":"2 Louse","floor":8.0,"turns":7.0},{"damage":6.0,"enemies":"Cultist","floor":10.0,"turns":4.0},{"damage":39.0,"enemies":"Exordium Wildlife","floor":12.0,"turns":8.0},{"damage":0.0,"enemies":"Gremlin Nob","floor":13.0,"turns":3.0},{"damage":8.0,"enemies":"Fading Forest","floor":16.0,"turns":13.0},{"damage":15.0,"enemies":"Chosen","floor":18.0,"turns":6.0},{"damage":0.0,"enemies":"Spheric Guardian","floor":20.0,"turns":2.0},{"damage":26,"enemies":"Snake Plant","floor":22,"turns":5},{"damage":35,"enemies":"Centurion and Healer","floor":24,"turns":6}],"seed_played":"949405310663523281","potions_obtained":[{"floor":10.0,"key":"PowerPotion"},{"floor":12.0,"key":"PowerPotion"},{"floor":16.0,"key":"SpeedPotion"},{"floor":22,"key":"FearPotion"}],"is_trial":false,"path_per_floor":["M","?","$","?","?","R","E","M","T","M","$","M","E","T","R","B",null,"M","?","M","$","M","R","M","R","T","?"],"character_chosen":"DEFECT","items_purchased":["AT_RobotInSpace","ReplayTheSpireMod:Calculation Training","AT_ThreeBodyProblem"],"campfire_rested":1,"item_purchase_floors":[3,11,21],"current_hp_per_floor":[54,54,54,43,43,43,7,21,21,15,15,11,11,11,32,32,61,46,46,46,46,20,20,10,10,10,0,0],"gold":130,"neow_bonus":"RANDOM_COLORLESS_2","is_daily":false,"chose_seed":false,"campfire_upgraded":3,"win_rate":0.0,"timestamp":1608725406,"path_taken":["M","?","$","?","?","R","E","M","T","M","$","?","E","?","R","BOSS","M","?","?","?","M","R","M","R","T","?"],"items_purchased_type":["Card","Card","Card"],"build_version":"2020-12-22","purchased_purges":1,"victory":false,"max_hp_per_floor":[71,71,71,71,71,71,71,71,71,71,71,71,71,71,71,71,71,71,71,71,71,71,71,71,71,71,71,71],"card_choices":[{"not_picked":["ReplayTheSpireMod:Necrogeddon","Chrysalis"],"picked":"ReplayTheSpireMod:Brewmster","floor":0.0},{"not_picked":["Force Field","Barrage","Compile Driver"],"picked":"SKIP","floor":1.0},{"not_picked":["Stack","Rebound"],"picked":"Mirror Shield","floor":7.0},{"not_picked":["Sweeping Beam","AT_HeatAcrobatics"],"picked":"AT_DarkMatter","floor":8.0},{"not_picked":["Heatsinks","Ball Lightning"],"picked":"Defragment","floor":8.0},{"not_picked":["BootSequence","Cold Snap"],"picked":"Panic Button","floor":10.0},{"not_picked":["Leap","Rebound","AT_HeatAcrobatics"],"picked":"SKIP","floor":10.0},{"not_picked":["Compile Driver","BootSequence"],"picked":"Coolheaded","floor":12.0},{"not_picked":["Steam","Stack","Redo"],"picked":"SKIP","floor":12.0},{"not_picked":["Meteor Strike","Hello World"],"picked":"Skim","floor":13.0},{"not_picked":["Machine Learning","Seek"],"picked":"Creative AI","floor":16.0},{"not_picked":["Rebound","Genetic Algorithm"],"picked":"Double Energy","floor":18.0},{"not_picked":["Sweeping Beam","Static Discharge","Compile Driver"],"picked":"SKIP","floor":18.0},{"not_picked":["Compile Driver","Capacitor"],"picked":"Turbo","floor":20.0},{"not_picked":["Steam Power","Lockon","Coolheaded"],"picked":"SKIP","floor":20.0},{"not_picked":["Ball Lightning","Cold Snap"],"picked":"Seek","floor":22},{"not_picked":["AT_RobotInSpace+1","Aggregate"],"picked":"Tempest","floor":22},{"not_picked":["Steam Power","Conserve Battery","Genetic Algorithm"],"picked":"SKIP","floor":24},{"not_picked":["Conserve Battery","Cold Snap","Gash"],"picked":"SKIP","floor":24}],"player_experience":527723,"relics_obtained":[{"floor":7.0,"key":"DataDisk"},{"floor":9.0,"key":"Bag of Preparation"},{"floor":13.0,"key":"Unceasing Top"},{"floor":26,"key":"Girya"}],"event_choices":[{"damage_healed":0.0,"max_hp_gain":0.0,"max_hp_loss":0.0,"gold_gain":0.0,"cards_transformed":["Strike_B"],"event_name":"Living Wall","player_choice":"Change","floor":2.0,"gold_loss":0.0,"damage_taken":0.0,"cards_obtained":["Recycle"]},{"damage_healed":0.0,"max_hp_gain":0.0,"max_hp_loss":0.0,"gold_gain":0.0,"event_name":"Scrap Ooze","player_choice":"Success","floor":4.0,"gold_loss":0.0,"damage_taken":11.0,"relics_obtained":["Ginger"]},{"damage_healed":0.0,"max_hp_gain":0.0,"max_hp_loss":0.0,"gold_gain":50.0,"event_name":"Golden Shrine","player_choice":"Pray","floor":5.0,"gold_loss":0.0,"damage_taken":0.0},{"damage_healed":0.0,"max_hp_gain":0.0,"max_hp_loss":0.0,"gold_gain":0.0,"cards_transformed":["Strike_B"],"event_name":"Transmorgrifier","player_choice":"Transformed","floor":19.0,"gold_loss":0.0,"damage_taken":0.0,"cards_obtained":["Leap"]}],"is_beta":false,"boss_relics":[{"not_picked":["FrozenCore","ChewingGum"],"picked":"AT_MortalBlade"}],"items_purged_floors":[11],"is_endless":false,"potions_floor_spawned":[10,12,16,22],"ascension_level":20}}