{"host":"wg33yb1rgt3nbe17","time":1608684593,"event":{"mods":["AchievementEnabler","BaseMod","Colored Map","Minty Spire (QoL Compilation)","Permanent Neow","Relic Stats","StSLib"],"gold_per_floor":[119,119,119,119,131,168,180,202,214,226,226],"floor_reached":10,"playtime":205,"items_purged":[],"score":122,"play_id":"73e17453-d3c0-4afc-9657-5dcd1565c172","local_time":"20201222194953","is_ascension_mode":true,"campfire_choices":[{"floor":7,"key":"REST"}],"circlet_count":0,"master_deck":["AscendersBane","Strike_R","Strike_R","Strike_R","Strike_R","Defend_R","Defend_R","Whirlwind","Hemokinesis","Shockwave","Shrug It Off","Flex"],"relics":["Burning Blood","MawBank","Vajra","Eternal Feather"],"acts_visited":["Exordium"],"potions_floor_usage":[6],"damage_taken":[{"damage":14,"enemies":"Small Slimes","floor":1,"turns":2},{"damage":44,"enemies":"3 Sentries","floor":6,"turns":6},{"damage":6,"enemies":"Cultist","floor":8,"turns":3},{"damage":54,"enemies":"Lagavulin","floor":10,"turns":6}],"seed_played":"5418669436193869706","potions_obtained":[{"floor":1,"key":"BloodPotion"}],"is_trial":false,"path_per_floor":["M","?","?","?","?","E","R","M","T","E"],"character_chosen":"IRONCLAD","items_purchased":[],"campfire_rested":1,"item_purchase_floors":[],"current_hp_per_floor":[42,35,60,42,42,19,41,41,41,0,0],"gold":226,"neow_bonus":"TRANSFORM_TWO_CARDS","is_daily":false,"chose_seed":false,"campfire_upgraded":0,"win_rate":0.0,"timestamp":1608684593,"path_taken":["M","?","?","?","?","E","R","M","T","E"],"items_purchased_type":[],"build_version":"2020-12-13","purchased_purges":0,"victory":false,"max_hp_per_floor":[75,75,75,75,75,75,75,75,75,75,75],"relic_stats":{"counters":[4,17],"Eternal Feather":0,"MawBank":72,"obtain_stats":[{"Vajra":6,"Eternal Feather":9,"MawBank":4,"Burning Blood":0},{"Vajra":2,"Eternal Feather":3,"MawBank":1,"Burning Blood":0},{"Vajra":8,"Eternal Feather":11,"MawBank":2,"Burning Blood":0}],"Burning Blood":18},"card_choices":[{"not_picked":["Wild Strike","Flex"],"picked":"Shockwave","floor":1},{"not_picked":["Evolve","Dropkick"],"picked":"Shrug It Off","floor":6},{"not_picked":["Pommel Strike","Body Slam"],"picked":"Flex","floor":8}],"player_experience":532949,"relics_obtained":[{"floor":6,"key":"Vajra"},{"floor":9,"key":"Eternal Feather"}],"event_choices":[{"cards_removed":["Strike_R"],"damage_healed":0,"gold_gain":0,"player_choice":"Card Removal","damage_taken":7,"max_hp_gain":0,"max_hp_loss":0,"event_name":"Golden Wing","floor":2,"gold_loss":0},{"damage_healed":25,"gold_gain":0,"player_choice":"Banana","damage_taken":0,"max_hp_gain":0,"max_hp_loss":0,"event_name":"Big Fish","floor":3,"gold_loss":0},{"damage_healed":0,"gold_gain":0,"player_choice":"Success","damage_taken":18,"relics_obtained":["MawBank"],"max_hp_gain":0,"max_hp_loss":0,"event_name":"Scrap Ooze","floor":4,"gold_loss":0},{"cards_removed":["Bash"],"damage_healed":0,"gold_gain":0,"player_choice":"Purged","damage_taken":0,"max_hp_gain":0,"max_hp_loss":0,"event_name":"Purifier","floor":5,"gold_loss":0}],"is_beta":false,"boss_relics":[],"items_purged_floors":[],"is_endless":false,"potions_floor_spawned":[1],"killed_by":"Lagavulin","ascension_level":18}}