{"host":"sabve5zmqufxyc5o","time":1608725869,"event":{"mods":["2.2 Compatiblity","AchievementEnabler","Act Like it!","BaseMod","Block Reminder","Colored Map","Colored Powertips","DeckTracker","KOR Keyword Fix","Keyboard Shortcuts","Minty Spire (QoL Compilation)","Quick Restart","Rare Cards Sparkle","Relic Stats","StSLib","SuperFastMode"],"gold_per_floor":[116,116,191,215,215,253,253,65,91,112,148,148,179,195,195,291,291,315,340,120,140,164,164,199,199,199,28,69,82,82,103,103,103,103],"floor_reached":33,"playtime":703,"items_purged":[],"score":660,"play_id":"5c40ea75-beef-449c-97d9-77c35bcd3209","local_time":"20201223211749","is_ascension_mode":true,"campfire_choices":[{"data":"Defragment","floor":7.0,"key":"SMITH"},{"floor":12.0,"key":"REST"},{"data":"Seek","floor":15.0,"key":"SMITH"},{"floor":23.0,"key":"REST"},{"floor":25.0,"key":"REST"},{"floor":30.0,"key":"REST"},{"floor":32.0,"key":"REST"}],"circlet_count":0,"master_deck":["AscendersBane","Strike_B","Strike_B","Strike_B+1","Strike_B","Defend_B","Defend_B","Defend_B","Defend_B","Zap+1","Dualcast+1","Defragment+1","Hologram","Go for the Eyes+1","Ball Lightning","Seek+1","Glacier","Rebound","Static Discharge","Stack","Electrodynamics","Self Repair","Chill","Loop","Turbo","Barrage","Go for the Eyes","Sweeping Beam","Compile Driver","Coolheaded","Core Surge","Streamline","Leap"],"relics":["Cracked Core","NeowsBlessing","Golden Idol","HornCleat","Oddly Smooth Stone","Whetstone","Nunchaku","Smiling Mask","SlaversCollar","Centennial Puzzle","War Paint","Blood Vial","Gambling Chip"],"acts_visited":["Exordium","TheCity"],"potions_floor_usage":[33],"damage_taken":[{"damage":0.0,"enemies":"Cultist","floor":1.0,"turns":1.0},{"damage":0.0,"enemies":"Jaw Worm","floor":4.0,"turns":1.0},{"damage":0.0,"enemies":"3 Sentries","floor":6.0,"turns":1.0},{"damage":8.0,"enemies":"Small Slimes","floor":10.0,"turns":3.0},{"damage":27.0,"enemies":"Lagavulin","floor":11.0,"turns":6.0},{"damage":4.0,"enemies":"3 Sentries","floor":13.0,"turns":6.0},{"damage":0.0,"enemies":"Looter","floor":14.0,"turns":3.0},{"damage":22.0,"enemies":"The Guardian","floor":16.0,"turns":13.0},{"damage":3.0,"enemies":"Chosen","floor":18.0,"turns":5.0},{"damage":8.0,"enemies":"Shell Parasite","floor":19.0,"turns":7.0},{"damage":19.0,"enemies":"Centurion and Healer","floor":21.0,"turns":8.0},{"damage":20.0,"enemies":"Snake Plant","floor":22.0,"turns":5.0},{"damage":32.0,"enemies":"Slavers","floor":24.0,"turns":2.0},{"damage":17.0,"enemies":"Book of Stabbing","floor":28.0,"turns":5.0},{"damage":7.0,"enemies":"Cultist and Chosen","floor":29.0,"turns":6.0},{"damage":23.0,"enemies":"Shelled Parasite and Fungi","floor":31.0,"turns":6.0},{"damage":47,"enemies":"Automaton","floor":33,"turns":8}],"seed_played":"3606544057323410073","potions_obtained":[{"floor":6.0,"key":"LiquidBronze"},{"floor":10.0,"key":"Energy Potion"},{"floor":14.0,"key":"PowerPotion"},{"floor":18.0,"key":"Weak Potion"},{"floor":24.0,"key":"BlessingOfTheForge"},{"floor":29.0,"key":"Energy Potion"}],"is_trial":false,"path_per_floor":["M","?","?","M","T","E","R","$","T","M","E","R","E","M","R","B",null,"M","M","$","M","M","R","E","R","T","$","E","M","R","M","R","B"],"character_chosen":"DEFECT","items_purchased":["Ball Lightning","Seek","Loop","Turbo","Barrage","Go for the Eyes","Blood Vial"],"campfire_rested":5,"item_purchase_floors":[8,8,20,20,20,20,27],"current_hp_per_floor":[64,64,53,53,53,53,53,53,53,45,18,37,33,33,33,11,51,48,47,47,35,22,41,9,28,28,28,13,15,34,20,39,0,0],"gold":103,"neow_bonus":"THREE_ENEMY_KILL","is_daily":false,"chose_seed":false,"campfire_upgraded":2,"win_rate":0.0,"timestamp":1608725869,"path_taken":["M","?","?","M","?","E","R","$","T","M","E","R","E","M","R","BOSS","M","M","$","M","M","R","E","R","T","$","E","M","R","M","R","BOSS"],"items_purchased_type":["Card","Card","Card","Card","Card","Card","Relic"],"build_version":"2020-12-22","purchased_purges":0,"victory":false,"max_hp_per_floor":[71,64,64,64,64,64,64,64,64,64,64,64,64,64,64,64,64,64,64,64,64,64,64,64,64,64,64,64,64,64,64,64,64,64],"relic_stats":{"Blood Vial":8,"Nunchaku":[11],"Centennial Puzzle":[12],"counters":[17,86],"Golden Idol":93,"Gambling Chip":[12],"Whetstone":["Go for the Eyes","Strike_B"],"War Paint":["Dualcast","Zap"],"Smiling Mask":0,"obtain_stats":[{"NeowsBlessing":0,"Golden Idol":2,"Oddly Smooth Stone":6,"Whetstone":9,"War Paint":26,"Smiling Mask":13,"Blood Vial":27,"SlaversCollar":17,"Nunchaku":11,"Centennial Puzzle":24,"HornCleat":5,"Gambling Chip":28,"Cracked Core":0},{"NeowsBlessing":0,"Golden Idol":1,"Oddly Smooth Stone":3,"Whetstone":3,"War Paint":13,"Smiling Mask":6,"Blood Vial":13,"SlaversCollar":8,"Nunchaku":5,"Centennial Puzzle":13,"HornCleat":2,"Gambling Chip":14,"Cracked Core":0},{"NeowsBlessing":0,"Golden Idol":1,"Oddly Smooth Stone":3,"Whetstone":3,"War Paint":61,"Smiling Mask":18,"Blood Vial":61,"SlaversCollar":34,"Nunchaku":12,"Centennial Puzzle":61,"HornCleat":2,"Gambling Chip":66,"Cracked Core":0}]},"card_choices":[{"not_picked":["Stack","Melter"],"picked":"Defragment","floor":1.0},{"not_picked":["Stack","Redo"],"picked":"Hologram","floor":4.0},{"not_picked":["Barrage","Fission"],"picked":"Go for the Eyes","floor":6.0},{"not_picked":["Leap","Defragment"],"picked":"Glacier","floor":10.0},{"not_picked":["Force Field","Barrage"],"picked":"Rebound","floor":11.0},{"not_picked":["Scrape","Doom and Gloom"],"picked":"Static Discharge","floor":13.0},{"not_picked":["Darkness","Coolheaded"],"picked":"Stack","floor":14.0},{"not_picked":["Fission","Buffer"],"picked":"Electrodynamics","floor":16.0},{"not_picked":["White Noise","Force Field"],"picked":"Self Repair","floor":18.0},{"not_picked":["Redo","Streamline"],"picked":"Chill","floor":19.0},{"not_picked":["Scrape","Gash"],"picked":"Sweeping Beam","floor":21.0},{"not_picked":["Stack","Buffer"],"picked":"Compile Driver","floor":22.0},{"not_picked":["Leap","Steam Power"],"picked":"Coolheaded","floor":24.0},{"not_picked":["Hologram","Redo"],"picked":"Core Surge","floor":28.0},{"not_picked":["Turbo","Go for the Eyes"],"picked":"Streamline","floor":29.0},{"not_picked":["Barrage","Go for the Eyes"],"picked":"Leap","floor":31.0}],"player_experience":802279,"relics_obtained":[{"floor":5.0,"key":"HornCleat"},{"floor":6.0,"key":"Oddly Smooth Stone"},{"floor":9.0,"key":"Whetstone"},{"floor":11.0,"key":"Nunchaku"},{"floor":13.0,"key":"Smiling Mask"},{"floor":24.0,"key":"Centennial Puzzle"},{"floor":26.0,"key":"War Paint"},{"floor":28.0,"key":"Gambling Chip"}],"event_choices":[{"damage_healed":0.0,"max_hp_gain":0.0,"max_hp_loss":7.0,"gold_gain":0.0,"event_name":"Golden Idol","player_choice":"Lose Max HP","floor":2.0,"gold_loss":0.0,"damage_taken":0.0,"relics_obtained":["Golden Idol"]},{"damage_healed":0.0,"max_hp_gain":0.0,"max_hp_loss":0.0,"gold_gain":75.0,"event_name":"World of Goop","player_choice":"Gather Gold","floor":3.0,"gold_loss":0.0,"damage_taken":11.0}],"is_beta":false,"boss_relics":[{"not_picked":["SacredBark","Snecko Eye"],"picked":"SlaversCollar"}],"items_purged_floors":[],"is_endless":false,"potions_floor_spawned":[6,10,11,14,18,19,24,29],"killed_by":"Automaton","ascension_level":20}}