{"host":"ktoxvvst1mwxww91","time":1608741180,"event":{"mods":["BaseMod","Hermit","Minty Spire (QoL Compilation)","StSLib","The Hierophant","The Mystic","The Necromancer"],"gold_per_floor":[109,109,123,48,123,158,158,208,208,208,219,246,258,293,293,368,368,383,395,217,229,247,247,258,258,284,264,52,86,103,118,118,194,194,210,210,210],"floor_reached":36,"playtime":1057,"items_purged":["Strike_B","Sweeping Beam+1","Decay"],"score":775,"play_id":"fd2f6bf6-0856-43b3-8fd2-032531dff334","local_time":"20201223173300","is_ascension_mode":true,"campfire_choices":[{"data":"Zap","floor":7,"key":"SMITH"},{"data":"Dualcast","floor":10,"key":"SMITH"},{"floor":15,"key":"REST"},{"floor":23,"key":"REST"},{"data":"Defragment","floor":32,"key":"SMITH"}],"circlet_count":0,"master_deck":["AscendersBane","Defend_B","Defend_B","Defend_B","Zap+1","Dualcast+1","Ball Lightning","BootSequence","Ball Lightning","Conserve Battery","Conserve Battery","Defragment","Machine Learning","Heatsinks+1","Melter+1","Static Discharge","Force Field+1","Static Discharge","Loop","Defragment+1","Leap","Capacitor+1","Creative AI","Steam"],"relics":["Cracked Core","NeowsBlessing","Sundial","Meat on the Bone","Odd Mushroom","Darkstone Periapt","Astrolabe","Bronze Scales","Blood Vial","Busted Crown"],"acts_visited":["Exordium","TheCity","TheBeyond"],"potions_floor_usage":[12,12,16,18,29,31,36],"damage_taken":[{"damage":0,"enemies":"Jaw Worm","floor":1,"turns":1},{"damage":0,"enemies":"Cultist","floor":3,"turns":1},{"damage":0,"enemies":"3 Sentries","floor":6,"turns":1},{"damage":0,"enemies":"2 Louse","floor":11,"turns":2},{"damage":17,"enemies":"The Mushroom Lair","floor":12,"turns":3},{"damage":0,"enemies":"2 Fungi Beasts","floor":13,"turns":3},{"damage":22,"enemies":"Gremlin Nob","floor":14,"turns":4},{"damage":18,"enemies":"The Guardian","floor":16,"turns":9},{"damage":14,"enemies":"Spheric Guardian","floor":18,"turns":4},{"damage":16,"enemies":"3 Byrds","floor":19,"turns":3},{"damage":31,"enemies":"Centurion and Healer","floor":21,"turns":7},{"damage":17,"enemies":"Snecko","floor":22,"turns":6},{"damage":10,"enemies":"Chosen and Byrds","floor":24,"turns":4},{"damage":17,"enemies":"Book of Stabbing","floor":29,"turns":3},{"damage":4,"enemies":"Centurion and Healer","floor":30,"turns":6},{"damage":17,"enemies":"3 Cultists","floor":31,"turns":5},{"damage":60,"enemies":"Automaton","floor":33,"turns":10},{"damage":42,"enemies":"3 Darklings","floor":35,"turns":5},{"damage":43,"enemies":"3 Shapes","floor":36,"turns":3}],"seed_played":"-8649012537303071230","potions_obtained":[{"floor":1,"key":"EntropicBrew"},{"floor":11,"key":"LiquidMemories"},{"floor":16,"key":"EssenceOfSteel"},{"floor":24,"key":"BlessingOfTheForge"},{"floor":29,"key":"GamblersBrew"},{"floor":30,"key":"Block Potion"},{"floor":33,"key":"GamblersBrew"}],"is_trial":false,"path_per_floor":["M","?","M","$","?","E","R","?","T","R","M","?","M","E","R","B",null,"M","M","$","M","M","R","M","?","T","?","$","E","M","M","R","B",null,"M","M"],"character_chosen":"DEFECT","items_purchased":["Static Discharge","Defragment"],"campfire_rested":2,"item_purchase_floors":[20,28],"current_hp_per_floor":[64,64,64,64,53,53,53,53,53,53,53,36,36,26,47,41,64,50,46,46,27,22,43,45,51,51,51,51,46,44,41,41,35,67,39,0,0],"gold":210,"neow_bonus":"THREE_ENEMY_KILL","is_daily":false,"chose_seed":false,"campfire_upgraded":3,"win_rate":0.0,"timestamp":1608741180,"path_taken":["M","?","?","$","?","E","R","?","T","R","?","?","M","E","R","BOSS","M","M","$","M","M","R","M","?","T","?","$","E","?","M","R","BOSS","M","M"],"items_purchased_type":["Card","Card"],"build_version":"2020-12-22","purchased_purges":3,"victory":false,"max_hp_per_floor":[71,71,71,71,71,71,71,71,71,71,71,71,71,71,71,71,71,71,71,71,71,71,71,71,77,77,77,77,77,77,77,77,77,77,77,77,77],"card_choices":[{"not_picked":["Auto Shields","Sunder"],"picked":"Ball Lightning","floor":1},{"not_picked":["Doom and Gloom","Recycle"],"picked":"Ball Lightning","floor":3},{"not_picked":["BootSequence","Glacier","Streamline"],"picked":"SKIP","floor":6},{"not_picked":["Sunder","Streamline","Doom and Gloom"],"picked":"SKIP","floor":11},{"not_picked":["Rip and Tear","Beam Cell"],"picked":"Conserve Battery","floor":12},{"not_picked":["Melter","Multi-Cast"],"picked":"Conserve Battery","floor":13},{"not_picked":["Scrape","Heatsinks"],"picked":"Defragment","floor":14},{"not_picked":["Rainbow","Meteor Strike"],"picked":"Machine Learning","floor":16},{"not_picked":["Sweeping Beam+1","Beam Cell"],"picked":"Static Discharge","floor":18},{"not_picked":["Gash","Go for the Eyes+1"],"picked":"Force Field+1","floor":19},{"not_picked":["Go for the Eyes","Steam Power+1"],"picked":"Loop","floor":21},{"not_picked":["Coolheaded","Sweeping Beam","Cold Snap"],"picked":"SKIP","floor":22},{"not_picked":["Rip and Tear","Glacier","Gash"],"picked":"SKIP","floor":24},{"not_picked":["Glacier","Steam"],"picked":"Leap","floor":29},{"not_picked":["Coolheaded","Go for the Eyes","Echo Form"],"picked":"SKIP","floor":30},{"not_picked":["BootSequence","Double Energy"],"picked":"Capacitor+1","floor":31},{"not_picked":["Amplify","Meteor Strike"],"picked":"Creative AI","floor":33},{"not_picked":[],"picked":"Steam","floor":35}],"player_experience":922629,"relics_obtained":[{"floor":6,"key":"Sundial"},{"floor":9,"key":"Meat on the Bone"},{"floor":12,"key":"Odd Mushroom"},{"floor":14,"key":"Darkstone Periapt"},{"floor":26,"key":"Bronze Scales"},{"floor":29,"key":"Blood Vial"}],"event_choices":[{"damage_healed":0,"gold_gain":0,"cards_transformed":["Strike_B"],"player_choice":"Transformed","damage_taken":0,"max_hp_gain":0,"max_hp_loss":0,"event_name":"Transmorgrifier","floor":2,"gold_loss":0,"cards_obtained":["BootSequence"]},{"damage_healed":0,"gold_gain":75,"player_choice":"Gather Gold","damage_taken":11,"max_hp_gain":0,"max_hp_loss":0,"event_name":"World of Goop","floor":5,"gold_loss":0},{"damage_healed":0,"gold_gain":50,"player_choice":"Pray","damage_taken":0,"max_hp_gain":0,"max_hp_loss":0,"event_name":"Golden Shrine","floor":8,"gold_loss":0},{"damage_healed":0,"gold_gain":0,"player_choice":"Fought Mushrooms","damage_taken":0,"max_hp_gain":0,"max_hp_loss":0,"event_name":"Mushrooms","floor":12,"gold_loss":0},{"damage_healed":0,"gold_gain":0,"player_choice":"Smashed Altar","damage_taken":0,"max_hp_gain":0,"max_hp_loss":0,"event_name":"Forgotten Altar","floor":25,"gold_loss":0,"cards_obtained":["Decay"]},{"damage_healed":0,"gold_gain":0,"player_choice":"Bought 1 Potion","damage_taken":0,"max_hp_gain":0,"max_hp_loss":0,"event_name":"The Woman in Blue","floor":27,"gold_loss":0}],"is_beta":false,"boss_relics":[{"not_picked":["Sozu","Snecko Eye"],"picked":"Astrolabe"},{"not_picked":["Coffee Dripper","Nuclear Battery"],"picked":"Busted Crown"}],"items_purged_floors":[4,20,28],"is_endless":false,"potions_floor_spawned":[1,11,12,16,24,29,30,33],"killed_by":"3 Shapes","ascension_level":17}}