{"host":"7pe9xwx78c6nlay8","time":1608747549,"event":{"mods":["BaseMod","Minty Spire (QoL Compilation)"],"gold_per_floor":[112,287,13,88,99,99,99,129,209,209,209],"floor_reached":10,"playtime":132,"items_purged":["Doubt"],"score":142,"play_id":"6762b9c7-5122-4703-8615-be0ab9e3125c","local_time":"20201224021909","is_ascension_mode":true,"campfire_choices":[{"data":"DevaForm","floor":6,"key":"SMITH"}],"circlet_count":0,"master_deck":["AscendersBane","Strike_P","Strike_P","Strike_P","Strike_P","Defend_P","Defend_P","Defend_P","Defend_P","Eruption+1","Vigilance","BattleHymn","DevaForm+1","PathToVictory","Weave","CutThroughFate"],"relics":["PureWater","NeowsBlessing","Bird Faced Urn","Bottled Lightning"],"acts_visited":["Exordium"],"potions_floor_usage":[10],"damage_taken":[{"damage":0.0,"enemies":"Cultist","floor":1.0,"turns":1.0},{"damage":0,"enemies":"Small Slimes","floor":5,"turns":1},{"damage":0,"enemies":"3 Sentries","floor":8,"turns":2},{"damage":60,"enemies":"Gremlin Nob","floor":10,"turns":3}],"seed_played":"-6132236324418073642","potions_obtained":[{"floor":5,"key":"Block Potion"}],"is_trial":false,"path_per_floor":["M","?","$","?","M","R","?","E","T","E"],"character_chosen":"WATCHER","items_purchased":["DevaForm","PathToVictory"],"campfire_rested":0,"item_purchase_floors":[3,3],"current_hp_per_floor":[65,65,65,58,58,58,58,58,58,0,0],"gold":209,"neow_bonus":"THREE_ENEMY_KILL","is_daily":false,"chose_seed":false,"campfire_upgraded":1,"win_rate":0.0,"timestamp":1608747549,"path_taken":["M","?","$","?","?","R","?","E","T","E"],"items_purchased_type":["Card","Card"],"build_version":"2020-12-22","purchased_purges":1,"victory":false,"max_hp_per_floor":[72,72,72,72,72,72,72,72,72,72,72],"card_choices":[{"not_picked":["Halt","FlyingSleeves"],"picked":"BattleHymn","floor":1.0},{"not_picked":["SashWhip","Protect"],"picked":"Weave","floor":5},{"not_picked":["LessonLearned","Consecrate"],"picked":"CutThroughFate","floor":8}],"player_experience":1559038,"relics_obtained":[{"floor":8,"key":"Bird Faced Urn"},{"floor":9,"key":"Bottled Lightning"}],"event_choices":[{"damage_healed":0.0,"max_hp_gain":0.0,"max_hp_loss":0.0,"gold_gain":175.0,"event_name":"Liars Game","player_choice":"AGREE","floor":2.0,"gold_loss":0.0,"damage_taken":0.0,"cards_obtained":["Doubt"]},{"damage_healed":0,"gold_gain":75,"player_choice":"Touch","damage_taken":7,"max_hp_gain":0,"max_hp_loss":0,"event_name":"FaceTrader","floor":4,"gold_loss":0},{"damage_healed":0,"gold_gain":0,"player_choice":"Grow","damage_taken":0,"max_hp_gain":0,"max_hp_loss":0,"event_name":"Living Wall","floor":7,"gold_loss":0,"cards_upgraded":["Eruption"]}],"is_beta":false,"boss_relics":[],"items_purged_floors":[3],"is_endless":false,"potions_floor_spawned":[5],"killed_by":"Gremlin Nob","ascension_level":12}}