{"host":"30jsp143e4v19aze","time":1608762407,"event":{"mods":["BaseMod","Colored Map","Colored Powertips","Curses Come First","DeckTracker","Highlight Path","Minty Spire (QoL Compilation)","Quick Restart","Relic Stats","StSLib"],"gold_per_floor":[215,215,225,3,42,88,138,138,138,198,198,237,269,269,269,393,393,428,428,471,471,490,516,555,585,585,644,644,668,43,80,80,177,177,193,193,236,236,236,236,34,89,89,121,133,133,163,174,174,174,174,174,52,112,112,112],"floor_reached":55,"playtime":5631,"items_purged":["Strike_B","Strike_B"],"score":1381,"play_id":"74991f17-3931-484e-b814-82cba6761260","local_time":"20201223232647","is_ascension_mode":true,"campfire_choices":[{"data":"HandOfGreed","floor":8,"key":"SMITH"},{"data":"Electrodynamics","floor":11,"key":"SMITH"},{"data":"Coolheaded","floor":15,"key":"SMITH"},{"data":"Seek","floor":28,"key":"SMITH"},{"data":"Fission","floor":32,"key":"SMITH"},{"data":"Defragment","floor":40,"key":"SMITH"},{"floor":49,"key":"RECALL"},{"data":"Buffer","floor":52,"key":"SMITH"}],"circlet_count":0,"master_deck":["Strike_B+1","Defend_B","Defend_B","Defend_B+1","Defend_B+1","Zap","Dualcast","Ball Lightning+1","Ball Lightning","HandOfGreed+1","Undo","Self Repair","Electrodynamics+1","Coolheaded+1","Fission+1","Ghostly","Ghostly","Ghostly","Ghostly","Ghostly","Biased Cognition","Seek+1","Capacitor+1","Core Surge","Biased Cognition","Core Surge","Capacitor","Defragment+1","Heatsinks","Master of Strategy","Chill","Buffer+1","Skim+1","Amplify","Echo Form","Buffer"],"relics":["MealTicket","Mercury Hourglass","Orichalcum","Bronze Scales","Coffee Dripper","Nloth\u0027s Gift","Lantern","PreservedInsect","Letter Opener","The Courier","Omamori","Nuclear Battery","WarpedTongs","War Paint","Meat on the Bone","Cables","Nunchaku","Whetstone","ClockworkSouvenir","Art of War"],"acts_visited":["TheCity","TheBeyond","TheEnding"],"potions_floor_usage":[6,33,55,55],"damage_taken":[{"damage":5,"enemies":"Small Slimes","floor":1,"turns":3},{"damage":2,"enemies":"Jaw Worm","floor":3,"turns":3},{"damage":2,"enemies":"2 Louse","floor":5,"turns":4},{"damage":15,"enemies":"Gremlin Nob","floor":6,"turns":3},{"damage":1,"enemies":"Exordium Thugs","floor":7,"turns":5},{"damage":20,"enemies":"Lagavulin","floor":10,"turns":8},{"damage":0,"enemies":"2 Fungi Beasts","floor":12,"turns":2},{"damage":10,"enemies":"Gremlin Nob","floor":13,"turns":3},{"damage":13,"enemies":"The Guardian","floor":16,"turns":9},{"damage":11,"enemies":"Shell Parasite","floor":18,"turns":4},{"damage":0,"enemies":"Spheric Guardian","floor":20,"turns":4},{"damage":0,"enemies":"Chosen and Byrds","floor":22,"turns":5},{"damage":0,"enemies":"Gremlin Leader","floor":23,"turns":7},{"damage":0,"enemies":"Snake Plant","floor":24,"turns":3},{"damage":0,"enemies":"Slavers","floor":25,"turns":5},{"damage":0,"enemies":"Gremlin Leader","floor":27,"turns":5},{"damage":0,"enemies":"Cultist and Chosen","floor":31,"turns":4},{"damage":6,"enemies":"Automaton","floor":33,"turns":8},{"damage":0,"enemies":"Orb Walker","floor":35,"turns":4},{"damage":0,"enemies":"3 Shapes","floor":37,"turns":4},{"damage":0,"enemies":"Nemesis","floor":42,"turns":5},{"damage":0,"enemies":"Giant Head","floor":44,"turns":8},{"damage":0,"enemies":"Sphere and 2 Shapes","floor":45,"turns":4},{"damage":0,"enemies":"Reptomancer","floor":47,"turns":6},{"damage":0,"enemies":"Transient","floor":48,"turns":5},{"damage":10,"enemies":"Time Eater","floor":50,"turns":14},{"damage":27,"enemies":"Shield and Spear","floor":54,"turns":7},{"damage":29,"enemies":"The Heart","floor":55,"turns":3}],"seed_played":"-8858736668157996619","potions_obtained":[{"floor":3,"key":"FocusPotion"},{"floor":7,"key":"LiquidMemories"},{"floor":12,"key":"PotionOfCapacity"},{"floor":22,"key":"DistilledChaos"},{"floor":39,"key":"FocusPotion"},{"floor":42,"key":"EssenceOfDarkness"}],"is_trial":false,"path_per_floor":["M","?","M","$","M","E","M","R","T","E","R","M","E","?","R","B",null,"M","?","M","?","M","E","M","E","T","E","R","T","$","M","R","B",null,"M","?","M","?","?","R","$","E","T","E","M","T","E","M","R","B",null,"R","$","E","B"],"character_chosen":"DEFECT","items_purchased":["HandOfGreed","FocusPotion","Biased Cognition","Core Surge","Capacitor","Defragment","Heatsinks","Master of Strategy","Amplify","ClockworkSouvenir"],"campfire_rested":0,"item_purchase_floors":[4,4,30,30,30,30,30,30,41,53],"current_hp_per_floor":[63,60,58,73,71,56,62,62,62,49,49,49,46,39,39,33,65,61,37,37,37,37,37,37,37,37,37,37,37,37,37,37,37,37,37,37,37,37,37,37,37,37,37,37,37,37,37,37,37,34,36,36,37,29,0,0],"gold":112,"neow_bonus":"HUNDRED_GOLD","is_daily":false,"chose_seed":false,"campfire_upgraded":7,"win_rate":0.0,"timestamp":1608762407,"path_taken":["M","?","M","$","M","E","M","R","T","E","R","M","E","?","R","BOSS","M","?","M","?","M","E","?","E","T","E","R","?","?","M","R","BOSS","M","?","?","?","?","R","$","E","T","E","?","?","E","M","R","BOSS","R","$","E","BOSS"],"items_purchased_type":["Card","Potion","Card","Card","Card","Card","Card","Card","Card","Relic"],"build_version":"2020-12-22","purchased_purges":2,"victory":false,"max_hp_per_floor":[75,75,75,75,75,75,75,75,75,75,75,75,75,75,75,75,75,75,37,37,37,37,37,37,37,37,37,37,37,37,37,37,37,37,37,37,37,37,37,37,37,37,37,37,37,37,37,37,37,37,37,37,37,37,37,37],"relic_stats":{"counters":[28,145],"PreservedInsect":364,"Letter Opener":[214],"Whetstone":["Strike_B","Ball Lightning"],"Orichalcum":[462],"War Paint":["Defend_B","Defend_B"],"Mercury Hourglass":[482],"WarpedTongs":[51],"Cables":[34,2,16,0,16],"Nunchaku":[2],"Bronze Scales":[392],"MealTicket":16,"Nloth\u0027s Gift":7,"Art of War":[2],"obtain_stats":[{"Lantern":23,"PreservedInsect":25,"The Courier":27,"Omamori":29,"Letter Opener":26,"Whetstone":47,"Orichalcum":10,"War Paint":42,"Mercury Hourglass":6,"Nuclear Battery":34,"WarpedTongs":36,"Cables":44,"ClockworkSouvenir":53,"Nunchaku":46,"Bronze Scales":13,"MealTicket":2,"Coffee Dripper":17,"Nloth\u0027s Gift":21,"Art of War":54,"Cracked Core":0,"Meat on the Bone":43},{"Lantern":13,"PreservedInsect":15,"The Courier":16,"Omamori":16,"Letter Opener":15,"Whetstone":24,"Orichalcum":6,"War Paint":21,"Mercury Hourglass":4,"Nuclear Battery":18,"WarpedTongs":19,"Cables":22,"ClockworkSouvenir":26,"Nunchaku":23,"Bronze Scales":8,"MealTicket":1,"Coffee Dripper":9,"Nloth\u0027s Gift":11,"Art of War":27,"Cracked Core":0,"Meat on the Bone":21},{"Lantern":60,"PreservedInsect":68,"The Courier":73,"Omamori":73,"Letter Opener":68,"Whetstone":116,"Orichalcum":26,"War Paint":98,"Mercury Hourglass":13,"Nuclear Battery":85,"WarpedTongs":89,"Cables":106,"ClockworkSouvenir":135,"Nunchaku":110,"Bronze Scales":31,"MealTicket":3,"Coffee Dripper":40,"Nloth\u0027s Gift":48,"Art of War":142,"Cracked Core":0,"Meat on the Bone":98}],"Meat on the Bone":12},"card_choices":[{"not_picked":["Compile Driver","Defragment"],"picked":"Ball Lightning","floor":1},{"not_picked":["Redo","Streamline"],"picked":"Ball Lightning","floor":3},{"not_picked":["Ball Lightning","Steam"],"picked":"Undo","floor":5},{"not_picked":["Stack","Chaos"],"picked":"Self Repair","floor":6},{"not_picked":["Turbo","Coolheaded"],"picked":"Electrodynamics","floor":7},{"not_picked":["Sweeping Beam","Fusion","Redo"],"picked":"SKIP","floor":10},{"not_picked":["Leap","Recycle"],"picked":"Coolheaded","floor":12},{"not_picked":["Reprogram","Sweeping Beam","Amplify"],"picked":"SKIP","floor":13},{"not_picked":["All For One","Creative AI"],"picked":"Fission","floor":16},{"not_picked":["Leap","Self Repair","Rebound+1"],"picked":"SKIP","floor":18},{"not_picked":["FTL","Conserve Battery","Barrage"],"picked":"SKIP","floor":20},{"not_picked":["Coolheaded","Rebound"],"picked":"Biased Cognition","floor":22},{"not_picked":["Reboot","Thunder Strike"],"picked":"Seek","floor":23},{"not_picked":["Rebound","BootSequence+1","Rip and Tear+1"],"picked":"SKIP","floor":24},{"not_picked":["Sweeping Beam","Rainbow"],"picked":"Capacitor+1","floor":25},{"not_picked":["Barrage","Sweeping Beam+1"],"picked":"Core Surge","floor":27},{"not_picked":["Conserve Battery+1","Cold Snap"],"picked":"Chill","floor":31},{"not_picked":["Machine Learning","Electrodynamics"],"picked":"Buffer","floor":33},{"not_picked":["Ball Lightning","Compile Driver","Stack"],"picked":"SKIP","floor":35},{"not_picked":["Scrape+1","Leap"],"picked":"Skim+1","floor":37},{"not_picked":["Defragment","Amplify","Undo+1"],"picked":"SKIP","floor":42},{"not_picked":["Hologram","White Noise"],"picked":"Echo Form","floor":44},{"not_picked":["Rebound+1","Genetic Algorithm+1","Force Field+1"],"picked":"SKIP","floor":45},{"not_picked":["Steam+1","Self Repair+1"],"picked":"Buffer","floor":47},{"not_picked":["Ball Lightning+1","Leap","Chaos+1"],"picked":"SKIP","floor":48},{"not_picked":["Barrage","Redo","Darkness"],"picked":"SKIP","floor":54},{"not_picked":["Barrage","Redo","Darkness"],"picked":"SKIP","floor":54}],"player_experience":3116279,"relics_obtained":[{"floor":6,"key":"Mercury Hourglass"},{"floor":10,"key":"Orichalcum"},{"floor":13,"key":"Bronze Scales"},{"floor":23,"key":"Lantern"},{"floor":25,"key":"PreservedInsect"},{"floor":26,"key":"Letter Opener"},{"floor":27,"key":"The Courier"},{"floor":29,"key":"Omamori"},{"floor":42,"key":"War Paint"},{"floor":43,"key":"Meat on the Bone"},{"floor":44,"key":"Cables"},{"floor":46,"key":"Nunchaku"},{"floor":47,"key":"Whetstone"},{"floor":54,"key":"Art of War"}],"event_choices":[{"damage_healed":0,"gold_gain":0,"player_choice":"Success","damage_taken":3,"relics_obtained":["MealTicket"],"max_hp_gain":0,"max_hp_loss":0,"event_name":"Scrap Ooze","floor":2,"gold_loss":0},{"cards_removed":["Strike_B"],"damage_healed":0,"gold_gain":0,"player_choice":"Card Removal","damage_taken":7,"max_hp_gain":0,"max_hp_loss":0,"event_name":"Golden Wing","floor":14,"gold_loss":0},{"damage_healed":0,"gold_gain":0,"player_choice":"Became a Ghost","damage_taken":0,"max_hp_gain":0,"max_hp_loss":38,"event_name":"Ghosts","floor":19,"gold_loss":0,"cards_obtained":["Ghostly","Ghostly","Ghostly","Ghostly","Ghostly"]},{"damage_healed":0,"gold_gain":0,"player_choice":"Traded Relic","damage_taken":0,"relics_obtained":["Nloth\u0027s Gift"],"max_hp_gain":0,"max_hp_loss":0,"event_name":"N\u0027loth","floor":21,"relics_lost":["Cracked Core"],"gold_loss":0},{"damage_healed":0,"gold_gain":0,"player_choice":"Rummage","damage_taken":0,"relics_obtained":["WarpedTongs"],"max_hp_gain":0,"max_hp_loss":0,"event_name":"Accursed Blacksmith","floor":36,"gold_loss":0,"cards_obtained":["Pain"]},{"damage_healed":0,"gold_gain":0,"player_choice":"Ignored","damage_taken":0,"max_hp_gain":0,"max_hp_loss":0,"event_name":"Tomb of Lord Red Mask","floor":38,"gold_loss":0},{"damage_healed":0,"gold_gain":0,"player_choice":"Got Potions","damage_taken":0,"max_hp_gain":0,"max_hp_loss":0,"event_name":"Lab","floor":39,"gold_loss":0}],"is_beta":false,"boss_relics":[{"not_picked":["Ectoplasm","Runic Pyramid"],"picked":"Coffee Dripper"},{"not_picked":["Philosopher\u0027s Stone","Empty Cage"],"picked":"Nuclear Battery"}],"items_purged_floors":[30,41],"is_endless":false,"potions_floor_spawned":[3,7,12,16,18,22,23,42,44],"killed_by":"The Heart","ascension_level":8}}