{"host":"ds3v42j7tpaaz1mg","time":1608760872,"event":{"mods":["AchievementEnabler","Aspiration","BaseMod","Beaked The Cultist","Bestiary","Better Altar","Better Note","Better Sensory Stone","BetterRewards","Block Reminder","Colored Powertips","Conspire","Downfall","Energized Spire","Halation","Hermit","Highlight Path","Hubris","Infinite Spire","Jorbs\u0027s Wanderer Trilogy","Minty Spire (QoL Compilation)","Relic Stats","Replay The Spire","StSLib","The Death Knight","The Elementalist","The Servant 0.9.4","vexMod"],"gold_per_floor":[113,113,77,77,2,2,34,45,72,100,100,275,275,275,275,376,376,392,416,416,434,449,449,479,2,28,28,56,65,65,81,81,193,859,886,936,936,963,988,988,1025,492,564,573,573,601,601,601,601,713,713,713],"floor_reached":51,"playtime":2582,"items_purged":["Strike_G","Doubt"],"score":1155,"play_id":"5e4b5fa3-68ae-4007-b8ae-f45c7a43cb2c","local_time":"20201223170112","is_ascension_mode":true,"campfire_choices":[{"data":"Accuracy","floor":6,"key":"SMITH"},{"floor":11,"key":"REST"},{"floor":15,"key":"REST"},{"floor":23,"key":"REST"},{"data":"beaked:AwakenedForm","floor":40,"key":"SMITH"},{"data":"Prepared","floor":47,"key":"SMITH"},{"data":"Backflip","floor":49,"key":"SMITH"}],"circlet_count":0,"master_deck":["infinitespire:TheBestDefense+1","Strike_G","Strike_G","Strike_G","Strike_G","Defend_G","Defend_G","Defend_G","Defend_G","Defend_G","Survivor","Neutralize","Infinite Blades+1","Prepared+1","Accuracy+1","Noxious Fumes","Backflip+1","ReplayTheSpireMod:Necrogeddon","Backflip","Backflip","Malaise","Toxin Wave","Glass Knife","Infinite Blades","Blade Dance+1","After Image","beaked:AwakenedForm+1","beaked:Flinch","PiercingWail","Backflip+1","Backflip","Writhe","A Thousand Cuts"],"relics":["Ring of the Snake","Juzu Bracelet","halation:BottledLove","Smiling Mask","Tiny Chest","Shuriken","Orrery","hubris:ScarierMask","CeramicFish","halation:TwoAmDonut","MealTicket","halation:LettersToHer","Bag of Preparation","Blood Vial","hubris:DisguiseKit","vexMod:RockOfEvil","Lantern","aspiration:FrozenJewel","TheAbacus","Eternal Feather","hubris:DeckOfHolding","InkBottle","Fusion Hammer"],"acts_visited":["TheCity","TheBeyond","Exordium"],"potions_floor_usage":[10,18,24,28,33,33,33,46,46,50,50,50,50,50,50],"damage_taken":[{"damage":4,"enemies":"Jaw Worm","floor":1,"turns":5},{"damage":30,"enemies":"Gremlin Nob","floor":7,"turns":5},{"damage":0,"enemies":"2 Louse","floor":8,"turns":2},{"damage":29,"enemies":"Nightmare","floor":10,"turns":10},{"damage":30,"enemies":"Fading Forest","floor":16,"turns":11},{"damage":1,"enemies":"2 Thieves","floor":18,"turns":2},{"damage":17,"enemies":"conspire:FuzzyDice","floor":21,"turns":6},{"damage":5,"enemies":"Centurion and Healer","floor":22,"turns":5},{"damage":23,"enemies":"Slavers","floor":24,"turns":6},{"damage":2,"enemies":"Sentry and Sphere","floor":28,"turns":3},{"damage":0,"enemies":"3 Cultists","floor":31,"turns":3},{"damage":47,"enemies":"Automaton","floor":33,"turns":7},{"damage":9,"enemies":"3 Darklings","floor":35,"turns":3},{"damage":0,"enemies":"3 Shapes","floor":38,"turns":2},{"damage":19,"enemies":"Spire Growth","floor":39,"turns":5},{"damage":38,"enemies":"Reptomancer","floor":41,"turns":5},{"damage":4,"enemies":"R_Hoarder","floor":46,"turns":7},{"damage":20,"enemies":"Donu and Deca","floor":50,"turns":5}],"seed_played":"8160521013502822456","potions_obtained":[{"floor":7,"key":"CunningPotion"},{"floor":16,"key":"champ:CounterPotion"},{"floor":22,"key":"Poison Potion"},{"floor":28,"key":"sneckomod:MuddlingPotion"},{"floor":31,"key":"CunningPotion"},{"floor":39,"key":"SteroidPotion"},{"floor":46,"key":"Weak Potion"},{"floor":48,"key":"EntropicBrew"},{"floor":48,"key":"champ:CounterPotion"},{"floor":48,"key":"PowerPotion"},{"floor":50,"key":"Energy Potion"}],"is_trial":false,"path_per_floor":["M","?","$","?","$","R","E","M","T","NM","R","?","?","$","R","B",null,"M","T","T","M","M","R","E","$","T","?","M","?","T","M","R","B",null,"M","?","?","M","M","R","E","$","T","?","T","E","R","?","R","B",null],"character_chosen":"THE_SILENT","items_purchased":["Juzu Bracelet","Infinite Blades","Accuracy","Orrery","halation:LettersToHer","Infinite Blades","LiquidMemories","Adrenaline Potion","Venom Potion","champ:CounterPotion","Regen Potion","aspiration:FrozenJewel","TheAbacus"],"campfire_rested":3,"item_purchase_floors":[0,0,3,14,25,25,25,25,25,42,42,42,42],"current_hp_per_floor":[60,60,60,60,60,60,30,30,30,1,22,22,22,12,33,11,70,69,69,69,52,47,68,45,60,60,42,42,42,42,44,65,20,70,61,61,61,63,46,46,10,25,25,43,43,56,70,70,70,50,70,70],"gold":713,"neow_bonus":"","is_daily":false,"chose_seed":false,"campfire_upgraded":4,"win_rate":0.0,"timestamp":1608760872,"path_taken":["M","?","$","?","?","R","E","M","T","NM","R","?","?","?","R","BOSS","M","?","?","M","M","R","E","$","T","?","M","?","?","M","R","BOSS","M","?","?","M","M","R","E","$","T","?","?","E","R","?","R","BOSS"],"items_purchased_type":["Relic","Card","Card","Relic","Relic","Card","Potion","Potion","Potion","Potion","Potion","Relic","Relic"],"build_version":"2020-12-22","purchased_purges":2,"victory":false,"max_hp_per_floor":[70,70,70,70,70,70,70,70,70,70,70,70,70,70,70,70,70,70,70,70,70,70,70,70,70,70,70,70,70,70,70,70,70,70,70,70,70,70,70,70,70,70,70,70,70,70,70,70,70,70,70,70],"relic_stats":{"counters":[30,155],"CeramicFish":90,"Eternal Feather":14,"Juzu Bracelet":4,"Bag of Preparation":[18],"Smiling Mask":50,"Blood Vial":18,"TheAbacus":[18],"Shuriken":[42],"Tiny Chest":3,"MealTicket":30,"obtain_stats":[{"ReplayTheSpireMod:Ring of Exchange":2,"Lantern":41,"CeramicFish":19,"Juzu Bracelet":0,"Bag of Preparation":26,"Replay:Mystery Machine":0,"Smiling Mask":7,"vexMod:RockOfEvil":34,"Blood Vial":22,"Centennial Puzzle":7,"TheAbacus":42,"hubris:ScarierMask":17,"Tiny Chest":9,"MealTicket":24,"hubris:DeckOfHolding":45,"Fusion Hammer":51,"halation:LettersToHer":25,"InkBottle":46,"Ring of the Snake":0,"hubris:DisguiseKit":30,"Ring of Hypnosis":2,"Happy Flower":9,"halation:BottledLove":4,"Eternal Feather":43,"aspiration:FrozenJewel":42,"vexMod:Dragonfruit":12,"Shuriken":10,"Orrery":14,"halation:TwoAmDonut":20,"halation:PinkSoulGem":11,"ReplayTheSpireMod:ShopPack":17},{"ReplayTheSpireMod:Ring of Exchange":1,"Lantern":28,"CeramicFish":18,"Juzu Bracelet":12,"Bag of Preparation":21,"Replay:Mystery Machine":0,"Smiling Mask":14,"vexMod:RockOfEvil":24,"Blood Vial":10,"Centennial Puzzle":4,"TheAbacus":28,"hubris:ScarierMask":17,"Tiny Chest":15,"MealTicket":21,"hubris:DeckOfHolding":28,"Fusion Hammer":30,"halation:LettersToHer":21,"InkBottle":29,"Ring of the Snake":0,"hubris:DisguiseKit":22,"Ring of Hypnosis":1,"Happy Flower":4,"halation:BottledLove":13,"Eternal Feather":28,"aspiration:FrozenJewel":28,"vexMod:Dragonfruit":6,"Shuriken":16,"Orrery":16,"halation:TwoAmDonut":18,"halation:PinkSoulGem":5,"ReplayTheSpireMod:ShopPack":7},{"ReplayTheSpireMod:Ring of Exchange":4,"Lantern":143,"CeramicFish":98,"Juzu Bracelet":63,"Bag of Preparation":115,"Replay:Mystery Machine":0,"Smiling Mask":73,"vexMod:RockOfEvil":128,"Blood Vial":53,"Centennial Puzzle":19,"TheAbacus":143,"hubris:ScarierMask":96,"Tiny Chest":75,"MealTicket":115,"hubris:DeckOfHolding":143,"Fusion Hammer":155,"halation:LettersToHer":115,"InkBottle":150,"Ring of the Snake":0,"hubris:DisguiseKit":118,"Ring of Hypnosis":4,"Happy Flower":19,"halation:BottledLove":68,"Eternal Feather":143,"aspiration:FrozenJewel":143,"vexMod:Dragonfruit":27,"Shuriken":85,"Orrery":85,"halation:TwoAmDonut":98,"halation:PinkSoulGem":22,"ReplayTheSpireMod:ShopPack":38}],"InkBottle":[8],"Ring of the Snake":[60]},"card_choices":[{"not_picked":["conspire:DoublingDagger","Quick Slash"],"picked":"Prepared","floor":1},{"not_picked":["Flying Knee","Sucker Punch"],"picked":"Noxious Fumes","floor":7},{"not_picked":["ReplayTheSpireMod:From All Sides","Prepared","Sucker Punch"],"picked":"SKIP","floor":8},{"not_picked":["infinitespire:SealOfDarkness+","infinitespire:FutureSight"],"picked":"Replay:Fractal Strike","floor":10},{"not_picked":["Backflip","ReplayTheSpireMod:Tripwire","Blur"],"picked":"SKIP","floor":10},{"not_picked":["ReplayTheSpireMod:Tripwire","Blur"],"picked":"Backflip","floor":10},{"not_picked":["Replay:Sssssssssstrike","Impatience"],"picked":"ReplayTheSpireMod:Necrogeddon","floor":13},{"not_picked":["Underhanded Strike","Riddle With Holes"],"picked":"Backflip","floor":14},{"not_picked":["Deadly Poison","Calculated Gamble"],"picked":"Backflip","floor":14},{"not_picked":["Distraction","Cloak And Dagger"],"picked":"Malaise","floor":14},{"not_picked":["Flying Knee","Flechettes"],"picked":"Toxin Wave","floor":14},{"not_picked":["Doppelganger","Grand Finale"],"picked":"Glass Knife","floor":16},{"not_picked":["Setup+1","Sucker Punch","Deflect"],"picked":"SKIP","floor":18},{"not_picked":["Cloak And Dagger","Slice","Caltrops"],"picked":"SKIP","floor":21},{"not_picked":["Sucker Punch","Quick Slash","Slice"],"picked":"SKIP","floor":22},{"not_picked":["Sucker Punch+1","ReplayTheSpireMod:The Works","hubris:TrickCloak"],"picked":"SKIP","floor":24},{"not_picked":["All Out Attack","Prepared+1"],"picked":"Blade Dance+1","floor":28},{"not_picked":["Expertise","Underhanded Strike","ReplayTheSpireMod:Tripwire","ReplayTheSpireMod:Prepare the Ceremony"],"picked":"SKIP","floor":31},{"not_picked":["Unload","A Thousand Cuts","Bullet Time"],"picked":"beaked:AwakenedForm","floor":33},{"not_picked":["Blade Dance","Prepared+1","Reflex+1"],"picked":"beaked:Flinch","floor":35},{"not_picked":["Outmaneuver","Prepared","beaked:WarriorEssence"],"picked":"PiercingWail","floor":38},{"not_picked":["Fluid Movement+1","Flechettes","beaked:WarriorSpirit"],"picked":"Backflip","floor":39},{"not_picked":["Die Die Die","hubris:Counter+1","beaked:Pecker"],"picked":"Backflip","floor":41},{"not_picked":["Dodge and Roll","Hidden Blade","Bouncing Flask","beaked:Tweet"],"picked":"SKIP","floor":46},{"not_picked":["Replay:Bag of Tricks","aspiration:Lunge","beaked:KnowThyFoe"],"picked":"A Thousand Cuts","floor":50}],"player_experience":573161,"relics_obtained":[{"floor":4,"key":"halation:BottledLove"},{"floor":7,"key":"Smiling Mask"},{"floor":9,"key":"Tiny Chest"},{"floor":10,"key":"Shuriken"},{"floor":19,"key":"CeramicFish"},{"floor":20,"key":"halation:TwoAmDonut"},{"floor":24,"key":"MealTicket"},{"floor":26,"key":"halation:LettersToHer"},{"floor":26,"key":"Bag of Preparation"},{"floor":30,"key":"halation:LettersToHer"},{"floor":30,"key":"hubris:DisguiseKit"},{"floor":41,"key":"Lantern"},{"floor":43,"key":"halation:LettersToHer"},{"floor":43,"key":"Eternal Feather"},{"floor":45,"key":"halation:LettersToHer"},{"floor":45,"key":"hubris:DeckOfHolding"},{"floor":46,"key":"InkBottle"}],"event_choices":[{"damage_healed":0,"gold_gain":175,"player_choice":"AGREE","damage_taken":0,"max_hp_gain":0,"max_hp_loss":0,"event_name":"Liars Game","floor":12,"gold_loss":0,"cards_obtained":["Doubt"]},{"damage_healed":0,"gold_gain":1,"player_choice":"1","damage_taken":0,"max_hp_gain":0,"max_hp_loss":0,"event_name":"betterStone:BetterStone","floor":13,"gold_loss":0},{"damage_healed":0,"gold_gain":0,"player_choice":" Vial ","damage_taken":18,"relics_obtained":["Blood Vial"],"max_hp_gain":60,"max_hp_loss":42,"event_name":"betterAltar:BetterAltar","floor":27,"potions_obtained":[],"relics_lost":[],"gold_loss":0},{"damage_healed":0,"gold_gain":0,"player_choice":"Read","damage_taken":0,"max_hp_gain":0,"max_hp_loss":0,"event_name":"The Library","floor":29,"gold_loss":0,"cards_obtained":["After Image"]},{"cards_removed":["Replay:Fractal Strike"],"damage_healed":0,"gold_gain":0,"player_choice":"Card Removal","damage_taken":0,"max_hp_gain":0,"max_hp_loss":0,"event_name":"Wheel of Change","floor":37,"gold_loss":0},{"damage_healed":18,"gold_gain":0,"player_choice":"Writhe","damage_taken":0,"max_hp_gain":0,"max_hp_loss":0,"event_name":"Winding Halls","floor":44,"gold_loss":0,"cards_obtained":["Writhe"]},{"damage_healed":0,"gold_gain":0,"player_choice":"Got Potions","damage_taken":0,"max_hp_gain":0,"max_hp_loss":0,"event_name":"Lab","floor":48,"gold_loss":0}],"is_beta":false,"boss_relics":[{"not_picked":["energizedSpire:StickyHand","hubris:TerracottaHorce"],"picked":"hubris:ScarierMask"},{"not_picked":["Runic Dome","hubris:HollowSoul"],"picked":"vexMod:RockOfEvil"},{"not_picked":["Painkiller Herb","halation:PinkAlligatorPlush"],"picked":"Fusion Hammer"}],"items_purged_floors":[5,25],"is_endless":true,"potions_floor_spawned":[7,16,22,28,31,39,46,50],"ascension_level":4}}