{"host":"og6lam4kt3nibbw0","time":1608750684,"event":{"mods":["AchievementEnabler","BaseMod","Colored Map","DeckTracker","Highlight Path","Keyboard Shortcuts","Minty Spire (QoL Compilation)","Permanent Neow","Quick Restart","StSLib","SuperFastMode"],"gold_per_floor":[113,113,113,113,138,166,166,178,202,202,212,242,259,286,286,363,363,382,398,398,409,423,423,450,484,484,498,531,547,572,585,585,664,664,683,699,747,764,764,764,795,795,865,899,913,913,942,872,872,872,872,872,872,212,245,245],"floor_reached":57,"playtime":5135,"items_purged":[],"score":3765,"play_id":"9532968c-cf58-4638-a502-d38dc60e7cbc","local_time":"20201224041124","is_ascension_mode":true,"campfire_choices":[{"data":"Coolheaded","floor":7,"key":"SMITH"},{"data":"Skim","floor":10,"key":"SMITH"},{"floor":15,"key":"RECALL"},{"data":"Reinforced Body","floor":23,"key":"SMITH"},{"data":"Machine Learning","floor":32,"key":"SMITH"},{"data":"Coolheaded","floor":40,"key":"SMITH"},{"data":"Buffer","floor":42,"key":"SMITH"},{"data":"Heatsinks","floor":46,"key":"SMITH"},{"data":"Self Repair","floor":49,"key":"SMITH"},{"data":"Compile Driver","floor":53,"key":"SMITH"}],"circlet_count":0,"master_deck":["Meteor Strike+1","Skim+1","Turbo+1","Coolheaded+1","Reboot+1","Machine Learning+1","Self Repair+1","Dualcast+1","Sunder+1","Reinforced Body+1","Heatsinks+1","Coolheaded+1","Compile Driver+1","Chaos+1","Hologram+1","Sweeping Beam","Buffer+1","Double Energy+1","Loop"],"relics":["Cracked Core","Anchor","MealTicket","Lantern","Orichalcum","Bag of Marbles","Whetstone","Coffee Dripper","Ancient Tea Set","Shuriken","Pen Nib","Strawberry","Black Star","Mango","Singing Bowl","Calipers","Mercury Hourglass","Potion Belt","War Paint","Bottled Tornado","Gremlin Horn","Bag of Preparation","Nunchaku","Chemical X","Akabeko","Ginger"],"acts_visited":["Exordium","TheCity","TheBeyond","TheEnding"],"potions_floor_usage":[29,56,56,56,56,56,56,56,56],"damage_taken":[{"damage":2,"enemies":"Jaw Worm","floor":1,"turns":3},{"damage":0,"enemies":"Lagavulin","floor":6,"turns":3},{"damage":0,"enemies":"2 Louse","floor":8,"turns":1},{"damage":0,"enemies":"Small Slimes","floor":11,"turns":2},{"damage":0,"enemies":"3 Sentries","floor":12,"turns":1},{"damage":0,"enemies":"Looter","floor":13,"turns":2},{"damage":0,"enemies":"Lagavulin","floor":14,"turns":4},{"damage":4,"enemies":"The Guardian","floor":16,"turns":2},{"damage":0,"enemies":"3 Byrds","floor":18,"turns":2},{"damage":11,"enemies":"Shell Parasite","floor":19,"turns":2},{"damage":0,"enemies":"Sentry and Sphere","floor":21,"turns":2},{"damage":0,"enemies":"Cultist and Chosen","floor":22,"turns":2},{"damage":0,"enemies":"Book of Stabbing","floor":25,"turns":3},{"damage":0,"enemies":"Centurion and Healer","floor":27,"turns":2},{"damage":0,"enemies":"Gremlin Leader","floor":28,"turns":1},{"damage":15,"enemies":"Sentry and Sphere","floor":29,"turns":6},{"damage":0,"enemies":"Book of Stabbing","floor":30,"turns":3},{"damage":17,"enemies":"Chosen and Byrds","floor":31,"turns":5},{"damage":0,"enemies":"Collector","floor":33,"turns":2},{"damage":4,"enemies":"Orb Walker","floor":35,"turns":2},{"damage":0,"enemies":"3 Darklings","floor":36,"turns":3},{"damage":0,"enemies":"2 Orb Walkers","floor":37,"turns":3},{"damage":12,"enemies":"Sphere and 2 Shapes","floor":38,"turns":4},{"damage":0,"enemies":"Giant Head","floor":41,"turns":2},{"damage":11,"enemies":"Nemesis","floor":44,"turns":3},{"damage":0,"enemies":"Spire Growth","floor":45,"turns":3},{"damage":0,"enemies":"Giant Head","floor":47,"turns":2},{"damage":0,"enemies":"Awakened One","floor":50,"turns":3},{"damage":11,"enemies":"Donu and Deca","floor":51,"turns":4},{"damage":0,"enemies":"Shield and Spear","floor":55,"turns":1},{"damage":76,"enemies":"The Heart","floor":56,"turns":6}],"seed_played":"5265883256660509506","potions_obtained":[{"floor":1,"key":"PowerPotion"},{"floor":6,"key":"SpeedPotion"},{"floor":8,"key":"FocusPotion"},{"floor":21,"key":"BlessingOfTheForge"},{"floor":29,"key":"Strength Potion"}],"is_trial":false,"path_per_floor":["M","?","?","?","T","E","R","M","T","R","M","E","M","E","R","B",null,"M","M","?","M","M","R","T","E","T","M","E","M","E","M","R","B",null,"M","M","?","M","?","R","E","R","T","E","M","R","E","?","R","B","B",null,"R","$","E","B",null],"character_chosen":"DEFECT","items_purchased":["EntropicBrew","LiquidBronze","Strength Potion","Nunchaku","Chemical X","Loop"],"campfire_rested":0,"item_purchase_floors":[54,54,54,54,54,54],"current_hp_per_floor":[69,69,48,48,48,55,55,55,55,55,62,69,69,71,71,71,71,71,67,67,71,71,71,71,71,71,71,71,63,77,67,67,74,77,78,78,92,87,87,87,89,89,89,85,91,91,93,93,93,93,92,93,93,93,95,29],"gold":245,"neow_bonus":"RANDOM_COMMON_RELIC","is_daily":false,"chose_seed":false,"campfire_upgraded":9,"win_rate":0.0,"timestamp":1608750684,"path_taken":["M","?","?","?","?","E","R","M","T","R","?","E","?","E","R","BOSS","M","?","?","M","M","R","?","E","T","M","E","?","E","M","R","BOSS","M","?","?","M","?","R","E","R","T","E","M","R","E","?","R","BOSS","BOSS","R","$","E","BOSS"],"items_purchased_type":["Potion","Potion","Potion","Relic","Relic","Card"],"build_version":"2020-12-22","purchased_purges":0,"victory":true,"max_hp_per_floor":[71,71,71,71,71,71,71,71,71,71,71,71,71,71,71,71,71,71,71,71,71,71,71,71,71,71,71,71,71,78,78,78,78,78,78,78,92,92,87,87,89,89,89,89,91,91,93,93,93,93,93,93,93,93,95,95],"card_choices":[{"not_picked":["Undo","Gash"],"picked":"Heatsinks","floor":1},{"not_picked":["Turbo","Blizzard"],"picked":"Coolheaded","floor":6},{"not_picked":["Steam","Force Field","Cold Snap"],"picked":"SKIP","floor":8},{"not_picked":["Rebound","Scrape","Redo"],"picked":"SKIP","floor":11},{"not_picked":["Force Field","Coolheaded","Capacitor"],"picked":"SKIP","floor":12},{"not_picked":["Cold Snap","Steam Power","Sunder"],"picked":"SKIP","floor":13},{"not_picked":["Melter","Stack","Redo"],"picked":"SKIP","floor":14},{"not_picked":["Reinforced Body","Redo","Melter"],"picked":"SKIP","floor":18},{"not_picked":["Turbo","Streamline"],"picked":"Compile Driver","floor":19},{"not_picked":["Sweeping Beam","Go for the Eyes"],"picked":"Hologram","floor":21},{"not_picked":["Chill","Self Repair","Go for the Eyes"],"picked":"SKIP","floor":22},{"not_picked":["Conserve Battery","Gash+1","Self Repair"],"picked":"SKIP","floor":25},{"not_picked":["Heatsinks","Steam","Steam Power"],"picked":"SKIP","floor":27},{"not_picked":["Barrage","Undo","All For One"],"picked":"SKIP","floor":28},{"not_picked":["Defragment","Steam"],"picked":"Sweeping Beam","floor":29},{"not_picked":["Hologram","Steam","Lockon"],"picked":"SKIP","floor":30},{"not_picked":["Tempest","Conserve Battery","Lockon"],"picked":"SKIP","floor":31},{"not_picked":["Reboot","Core Surge"],"picked":"Buffer","floor":33},{"not_picked":["Darkness+1","Consume","Self Repair"],"picked":"SKIP","floor":35},{"not_picked":["Self Repair","Hologram","Hello World"],"picked":"SKIP","floor":36},{"not_picked":["Hologram","Stack+1","Barrage"],"picked":"SKIP","floor":38},{"not_picked":["Darkness","Compile Driver","Chill"],"picked":"Singing Bowl","floor":41},{"not_picked":["Undo+1","Ball Lightning"],"picked":"Double Energy+1","floor":44},{"not_picked":["Barrage","Compile Driver","Cold Snap"],"picked":"Singing Bowl","floor":45},{"not_picked":["Compile Driver","Redo","Meteor Strike"],"picked":"Singing Bowl","floor":47},{"not_picked":["Conserve Battery","Redo","Go for the Eyes"],"picked":"Singing Bowl","floor":55}],"player_experience":825647,"relics_obtained":[{"floor":5,"key":"MealTicket"},{"floor":6,"key":"Lantern"},{"floor":9,"key":"Orichalcum"},{"floor":12,"key":"Bag of Marbles"},{"floor":14,"key":"Whetstone"},{"floor":24,"key":"Ancient Tea Set"},{"floor":25,"key":"Shuriken"},{"floor":28,"key":"Pen Nib"},{"floor":30,"key":"Strawberry"},{"floor":37,"key":"Mango"},{"floor":41,"key":"Singing Bowl"},{"floor":41,"key":"Calipers"},{"floor":43,"key":"Mercury Hourglass"},{"floor":44,"key":"Potion Belt"},{"floor":44,"key":"War Paint"},{"floor":47,"key":"Bottled Tornado"},{"floor":47,"key":"Gremlin Horn"},{"floor":55,"key":"Akabeko"},{"floor":55,"key":"Ginger"}],"event_choices":[{"damage_healed":0,"gold_gain":0,"player_choice":"Ignored","damage_taken":0,"max_hp_gain":0,"max_hp_loss":0,"event_name":"Liars Game","floor":2,"gold_loss":0},{"damage_healed":0,"gold_gain":0,"player_choice":"Entered Light","damage_taken":21,"max_hp_gain":0,"max_hp_loss":0,"event_name":"Shining Light","floor":3,"gold_loss":0,"cards_upgraded":["Reboot","Dualcast"]},{"damage_healed":0,"gold_gain":0,"player_choice":"Grow","damage_taken":0,"max_hp_gain":0,"max_hp_loss":0,"event_name":"Living Wall","floor":4,"gold_loss":0,"cards_upgraded":["Turbo"]},{"damage_healed":0,"gold_gain":0,"player_choice":"Read","damage_taken":0,"max_hp_gain":0,"max_hp_loss":0,"event_name":"The Library","floor":20,"gold_loss":0,"cards_obtained":["Chaos"]},{"damage_healed":0,"gold_gain":0,"player_choice":"Fight","damage_taken":0,"max_hp_gain":0,"max_hp_loss":0,"event_name":"Mysterious Sphere","floor":37,"gold_loss":0},{"damage_healed":0,"gold_gain":0,"player_choice":"Max HP","damage_taken":0,"max_hp_gain":0,"max_hp_loss":5,"event_name":"Winding Halls","floor":39,"gold_loss":0},{"damage_healed":0,"gold_gain":0,"player_choice":"Paid Gold","damage_taken":0,"relics_obtained":["Bag of Preparation"],"max_hp_gain":0,"max_hp_loss":0,"event_name":"WeMeetAgain","floor":48,"gold_loss":70}],"is_beta":false,"boss_relics":[{"not_picked":["Empty Cage","Sozu"],"picked":"Coffee Dripper"},{"not_picked":["Busted Crown","Runic Dome"],"picked":"Black Star"}],"items_purged_floors":[],"is_endless":false,"potions_floor_spawned":[1,6,8,16,21,27,28,29,30,31,35,38,55],"ascension_level":20}}