{"host":"kv06jx36eid0zw4n","time":1608763261,"event":{"mods":["AchievementEnabler","Act Like it!","Aspiration","BaseMod","Beaked The Cultist","Better Note","Better Skull","Better Third Choice","BetterRewards","Block Reminder","CCEM","Colored Map","Conspire","Curses Come First","Dota2Spire","Elementarium","Energized Spire","Friendly Minions","Gensokyo","GifTheSpireLib","Glutton Mod","GungeonMod","Halation","Hallownest","Hermit","Hubris","Infinite Spire","Key Reminder","KomeijiMod","Lobotomy","LobotomyExtend","Menagerie","Mimic Mod","Minty Spire (QoL Compilation)","MostiFishMod","Pale of the Ancients","Quarter Circle Forward PUNCH!","Rare Cards Sparkle","Replay The Spire","RumiaBox-????????","Small Relic Pack","Spicy Shops","StSLib","Stuff the Spire","The Blue Laboratory","The Cursed","The Factory","Trackpad","Uncapped","Wandering Minibosses","[IsaacMod]????","vexMod"],"gold_per_floor":[362,73,73,88,101,101,65,90,90,90,124,124,152,152,152,229,229,245,245,264,264,20,20,55,55,55,55,65,94,118,144,168,168,178,214,214],"floor_reached":35,"playtime":2418,"items_purged":[],"score":606,"play_id":"e6463eee-d24b-4fa5-ac07-f33d64143f2e","local_time":"20201223234101","is_ascension_mode":true,"campfire_choices":[{"floor":6,"key":"RECALL"},{"data":"Armaments","floor":12,"key":"SMITH"},{"data":"conspire:Banana","floor":15,"key":"SMITH"},{"data":"infinitespire:UltimateForm","floor":23,"key":"SMITH"},{"data":"MostiFishMod:MusicBox","floor":25,"key":"SMITH"},{"data":"MostiFishMod:Mania","floor":27,"key":"SMITH"},{"data":"DoctorFetus","floor":33,"key":"SMITH"}],"circlet_count":0,"master_deck":["AscendersBane","Strike_R","Strike_R","Strike_R","Strike_R","Strike_R","Defend_R","Defend_R","Defend_R","Defend_R","Bash","DoctorFetus+1","Strike_G","Defend_Remirira","Rage","conspire:Banana+1","Feel No Pain","ReplayTheSpireMod:Private Reserves","Thunderclap","Flame Barrier","Disarm","Havoc+1","Metallicize","Armaments+1","MostiFishMod:Mania+1","Berserk","MostiFishMod:RacingGame","MostiFishMod:FlyOverUtopia","MostiFishMod:MusicBox+1","Cleave","Anger","infinitespire:UltimateForm+1","Carnage","Carnage","Thunderclap+1","Perfected Strike+1","Spot Weakness","Intimidate"],"relics":["Burning Blood","DaveBox","HushsDoor","BirthdayGift-Tetrahedron","TheBean","SynthV:TestCard","LetterFromLob","GodSword5","halation:PinkSoulGem","AnarchistCookbook","Mirror","Transparent","trackpad:BiPhaseBiplane","Chameleon Ring","Replay:Bandana","DemoMod:GlassGuonStoneRelic","Dota2Spire:UrnOfShadows"],"acts_visited":["Hallownest:Greenpath","Gensokyo:Gensokyoer","DemoMod:Maze"],"potions_floor_usage":[28,34],"damage_taken":[{"damage":2,"enemies":"Hallownest:monsterHuskWarrior","floor":1,"turns":2},{"damage":2,"enemies":"Hallownest:monsterHuskGuard","floor":4,"turns":2},{"damage":3,"enemies":"2_ Uuma","floor":5,"turns":2},{"damage":10,"enemies":"Hallownest:eliteMossKnight","floor":8,"turns":4},{"damage":5,"enemies":"Hallownest:eliteCrystalGuardian","floor":11,"turns":3},{"damage":6,"enemies":"Hallownest:eliteVengeflyKing","floor":13,"turns":4},{"damage":2,"enemies":"Hallownest:monsterAspidMother","floor":14,"turns":2},{"damage":29,"enemies":"Hallownest:BossHornet","floor":16,"turns":6},{"damage":11,"enemies":"Gensokyo:2_Gloops","floor":18,"turns":1},{"damage":4,"enemies":"Gensokyo:Chomper","floor":20,"turns":1},{"damage":51,"enemies":"Gensokyo:Tenshi","floor":24,"turns":3},{"damage":16,"enemies":"DemoMod:Red_and_blue_shotgun_kin","floor":28,"turns":2},{"damage":21,"enemies":"DemoMod:4_Bullet_Kins","floor":29,"turns":2},{"damage":20,"enemies":"DemoMod:Veteran_shot_gun_kin_and_blue_shotgun_kin","floor":30,"turns":1},{"damage":9,"enemies":"DemoMod:2_Mousers","floor":31,"turns":1},{"damage":9,"enemies":"DemoMod:Veteran_shot_gun_kin_and_blue_shotgun_kin_with_gunsinger","floor":32,"turns":1},{"damage":64,"enemies":"DemoMod:ResourcefulRat","floor":35,"turns":5}],"seed_played":"-8599098387427954568","potions_obtained":[{"floor":5,"key":"Elixir"},{"floor":16,"key":"ElixirPotion"},{"floor":18,"key":"blueLaboratory:BottledHope"},{"floor":24,"key":"DistilledChaos"},{"floor":30,"key":"blueLaboratory:SavagePotion"},{"floor":32,"key":"blueLaboratory:ExaltedPotion"}],"is_trial":false,"path_per_floor":["M","$","?","M","M","R","$","E","T","?","E","R","E","M","R","B",null,"M","?","M","?","COS","R","E","R","T","R","M","M","M","M","M","R","B","B"],"character_chosen":"IRONCLAD","items_purchased":["conspire:Banana","DemoMod:GnawedKey","Feel No Pain","Havoc+1","MostiFishMod:FlyOverUtopia","MostiFishMod:MusicBox"],"campfire_rested":0,"item_purchase_floors":[2,2,2,7,17,17],"current_hp_per_floor":[72,72,72,75,76,76,76,73,73,73,76,76,78,79,79,59,71,72,68,74,56,56,56,78,78,78,78,78,80,82,84,86,86,86,24,24],"gold":214,"neow_bonus":"TWO_FIFTY_GOLD","is_daily":false,"chose_seed":false,"campfire_upgraded":6,"win_rate":0.0,"timestamp":1608763261,"path_taken":["M","$","?","M","?","R","?","E","T","?","E","R","E","M","R","BOSS","M","?","M","?","COS","R","E","R","T","R","M","M","M","M","M","R","BOSS","BOSS"],"items_purchased_type":["Card","Relic","Card","Card","Card","Card"],"build_version":"2020-12-22","purchased_purges":0,"victory":false,"max_hp_per_floor":[75,75,75,75,76,76,76,77,77,77,78,78,79,79,79,81,72,72,72,74,74,74,74,78,78,78,78,78,80,82,84,86,86,86,88,88],"card_choices":[{"not_picked":[],"picked":"DoctorFetus","floor":0},{"not_picked":["Second Wind","Flex"],"picked":"Rage","floor":1},{"not_picked":["GradualImprovement","Purity","Specialist","Replay:Bootleg Shield Generator"],"picked":"ReplayTheSpireMod:Private Reserves","floor":3},{"not_picked":["Havoc","Dual Wield","Reckless Charge","StuffTheSpire:Slingshot"],"picked":"Thunderclap","floor":3},{"not_picked":["True Grit","Wild Strike","StuffTheSpire:BloodClot","Shrug It Off"],"picked":"Flame Barrier","floor":4},{"not_picked":["Body Slam","Run Through","StuffTheSpire:RockThrow","Feel No Pain"],"picked":"Disarm","floor":5},{"not_picked":["Heavy Blade","Havoc","Clothesline","Hemogenesis"],"picked":"Metallicize","floor":8},{"not_picked":["Clothesline","StuffTheSpire:BloodClot","Body Slam","Run Through"],"picked":"Armaments","floor":11},{"not_picked":["Burning Pact","Perfected Strike","Offering","Sword Boomerang"],"picked":"MostiFishMod:Mania","floor":13},{"not_picked":["Massacre","Dropkick","ReplayTheSpireMod:Limb From Limb","Feel No Pain"],"picked":"Berserk","floor":14},{"not_picked":["Brutality","MostiFishMod:ChineseTea","Barricade","conspire:HitWhereItHurts"],"picked":"MostiFishMod:RacingGame","floor":16},{"not_picked":["Havoc","Wild Strike","Massacre","Seeing Red"],"picked":"Cleave","floor":18},{"not_picked":["Inflame","Metallicize","Blood for Blood","Clothesline"],"picked":"Anger","floor":20},{"not_picked":["infinitespire:FutureSight","infinitespire:NeuralNetwork"],"picked":"infinitespire:UltimateForm","floor":21},{"not_picked":["Evolve","True Grit+1","Clash","StuffTheSpire:RockThrow"],"picked":"Carnage","floor":24},{"not_picked":["conspire:ExplosiveBarrier","Intimidate","ReplayTheSpireMod:Strike From Hell","MostiFishMod:BrandingRite"],"picked":"Carnage","floor":28},{"not_picked":["Infernal Blade","ReplayTheSpireMod:Strike From Hell+1","StuffTheSpire:Incineration","Pommel Strike"],"picked":"Thunderclap+1","floor":29},{"not_picked":["hubris:ReadiedAction","StuffTheSpire:Incineration","Replay:Undeath\u0027s Touch","Clash"],"picked":"Perfected Strike+1","floor":30},{"not_picked":["StuffTheSpire:RockThrow","Life Link","ReplayTheSpireMod:Strike From Hell","Cleave"],"picked":"Spot Weakness","floor":31},{"not_picked":["StuffTheSpire:Slingshot","Havoc","Body Slam","Shrug It Off"],"picked":"Intimidate","floor":32}],"player_experience":1612690,"relics_obtained":[{"floor":1,"key":"SynthV:TestCard"},{"floor":1,"key":"LetterFromLob"},{"floor":8,"key":"GodSword5"},{"floor":11,"key":"AnarchistCookbook"},{"floor":13,"key":"Mirror"},{"floor":24,"key":"Chameleon Ring"}],"event_choices":[{"damage_healed":0,"gold_gain":0,"player_choice":"Leave","damage_taken":0,"max_hp_gain":0,"max_hp_loss":0,"event_name":"conspire:Investor","floor":19,"gold_loss":0}],"is_beta":false,"boss_relics":[{"not_picked":["MoonlightInvasionPlan","conspire:SeveredTorchhead"],"picked":"Transparent"},{"not_picked":[]}],"items_purged_floors":[],"is_endless":false,"potions_floor_spawned":[5,16,18,24,30,32],"killed_by":"DemoMod:ResourcefulRat","ascension_level":16}}