{"host":"eez7vtcxu2i37lck","time":1608725041,"event":{"mods":["AchievementEnabler","BaseMod","Colored Map","Colored Powertips","Downfall","Hermit","Highlight Path","Hubris","Infinite Spire","Jorbs\u0027s Wanderer Trilogy","Minty Spire (QoL Compilation)","Quick Restart","Rare Cards Sparkle","Replay The Spire","Shop Mod","StSLib","The IronCluck"],"gold_per_floor":[99,116,133,152,152,170,222,14,14,32,32,44,78,88,101,204,204,204,218,228,37,37,54,54,67,83,83,83,83,93,125,135,237,237,237,256,274,274,309,309,309,320,340,340,340,340],"floor_reached":46,"playtime":1962,"items_purged":["Slimebound:Strike_Slimebound","Slimebound:Defend_Slimebound+1"],"score":553,"play_id":"0e5bc752-30e8-4999-86ee-42e1b5727bfd","local_time":"20201223070401","is_ascension_mode":false,"campfire_choices":[{"floor":1,"key":"DIG"},{"data":"Slimebound:OozeBath","floor":18,"key":"SMITH"},{"floor":35,"key":"DIG"},{"data":"Slimebound:HauntingLick","floor":42,"key":"SMITH"}],"circlet_count":0,"master_deck":["Slimebound:Strike_Slimebound","Slimebound:Strike_Slimebound","Slimebound:Tackle","Slimebound:Defend_Slimebound","Slimebound:Defend_Slimebound","Slimebound:Defend_Slimebound","Slimebound:Split","Slimebound:CorrosiveSpit+1","Slimebound:LeechLife+1","Slimebound:FirmFortitude","Slimebound:SplitLeeching","Slimebound:LeechEnergy","Slimebound:Equalize","Slimebound:Dissolve","Slimebound:SplitBruiser","ReplayTheSpireMod:Echoes of Time+1","Slimebound:SplitLeeching","Slimebound:SplitBruiser","Slimebound:OneTwoCombo","Slimebound:SplitBruiser","Slimebound:OozeBath+1","Slimebound:SplitBruiser","Slimebound:SplitMire","Finesse","Slimebound:ItLooksTasty","Slimebound:Schlurp","Slimebound:HauntingLick","Slimebound:LeechingTouch","Slimebound:SplitBruiser","infinitespire:SealOfDarkness+","Slimebound:HauntingLick+1","Slimebound:LeechLife","Slimebound:Schlurp","Slimebound:RejuvenatingLick","Slimebound:Dissolve+1"],"relics":["Slimebound:AbsorbEndCombat","War Paint","Regal Pillow","TungstenRod","hubris:ScarierMask","hubris:Teleporter","Replay:Accelerometer","hubris:Backtick","Mango","Toolbox","Garlic","hubris:RunicObelisk","Bag of Marbles","Frozen Egg 2","BranchBurnRelic"],"acts_visited":["Exordium","TheCity","TheBeyond"],"potions_floor_usage":[25,31,40,43,46],"damage_taken":[{"damage":11,"enemies":"Jaw Worm","floor":2,"turns":3},{"damage":5,"enemies":"Cultist","floor":3,"turns":3},{"damage":3,"enemies":"Small Slimes","floor":4,"turns":3},{"damage":21,"enemies":"Exordium Thugs","floor":6,"turns":4},{"damage":0,"enemies":"downfall:FleeingMerchant","floor":8,"turns":4},{"damage":8,"enemies":"Large Slime","floor":10,"turns":4},{"damage":21,"enemies":"Gremlin Gang","floor":12,"turns":5},{"damage":41,"enemies":"3 Sentries","floor":13,"turns":6},{"damage":11,"enemies":"Exordium Wildlife","floor":14,"turns":3},{"damage":12,"enemies":"Exordium Thugs","floor":15,"turns":3},{"damage":38,"enemies":"downfall:Watcher","floor":16,"turns":5},{"damage":12,"enemies":"3 Byrds","floor":19,"turns":2},{"damage":12,"enemies":"3 Cultists","floor":20,"turns":3},{"damage":27,"enemies":"downfall:FleeingMerchant","floor":21,"turns":4},{"damage":20,"enemies":"Centurion and Healer","floor":23,"turns":2},{"damage":16,"enemies":"Snake Plant","floor":25,"turns":2},{"damage":6,"enemies":"Sentry and Sphere","floor":26,"turns":2},{"damage":17,"enemies":"3 Cultists","floor":30,"turns":3},{"damage":44,"enemies":"Book of Stabbing","floor":31,"turns":4},{"damage":15,"enemies":"Snake Plant","floor":32,"turns":3},{"damage":33,"enemies":"downfall:Defect","floor":33,"turns":6},{"damage":14,"enemies":"3 Shapes","floor":36,"turns":2},{"damage":22,"enemies":"3 Darklings","floor":37,"turns":4},{"damage":39,"enemies":"Nemesis","floor":40,"turns":5},{"damage":64,"enemies":"Spire Growth","floor":43,"turns":4},{"damage":26,"enemies":"Maw","floor":44,"turns":6},{"damage":132,"enemies":"Nightmare","floor":46,"turns":8}],"seed_played":"806947220679336132","potions_obtained":[{"floor":10,"key":"Swift Potion"},{"floor":14,"key":"LifebloodPotion"},{"floor":15,"key":"Milkshake"},{"floor":19,"key":"Slimebound:SlimedPotion"},{"floor":26,"key":"Ancient Potion"},{"floor":28,"key":"Slimebound:SpawnSlimePotion"},{"floor":33,"key":"infinitespire:BlackPotion"},{"floor":40,"key":"SkillPotion"},{"floor":43,"key":"Block Potion"}],"is_trial":false,"path_per_floor":["R_BF","M","M","M","?","M","T","$","?","M","?","M","E","M","M","B",null,"R","M","M","$","?","M","T","M","M","T","?","AVR","M","E","M","B",null,"R_BF","M","M","?","E","T","R","M","M","NM"],"character_chosen":"SLIMEBOUND","items_purchased":["Slimebound:Dissolve","Slimebound:SplitBruiser","Finesse","Slimebound:ItLooksTasty","Slimebound:Schlurp"],"campfire_rested":0,"item_purchase_floors":[8,8,21,21,21],"current_hp_per_floor":[60,60,60,60,60,50,50,60,45,60,65,64,47,60,60,54,65,65,61,62,61,61,61,61,65,65,65,65,79,77,61,66,79,79,79,79,76,76,68,68,68,48,79,0,0,0],"gold":340,"neow_bonus":"ONE_RANDOM_RARE_CARD","is_daily":false,"chose_seed":false,"campfire_upgraded":2,"win_rate":0.0,"timestamp":1608725041,"path_taken":["R_BF","M","M","M","?","?","T","$","?","M","?","M","E","M","M","BOSS","R","M","M","$","?","M","T","M","M","?","?","AVR","M","E","M","BOSS","R_BF","M","?","?","E","T","R","M","M","NM"],"items_purchased_type":["Card","Card","Card","Card","Card"],"build_version":"2020-12-22","purchased_purges":2,"victory":false,"max_hp_per_floor":[60,60,60,60,60,60,60,60,60,60,65,65,65,65,65,65,65,65,65,65,65,65,65,65,65,65,65,65,79,79,79,79,79,79,79,79,79,79,79,79,79,79,79,79,79,79],"card_choices":[{"not_picked":["Slimebound:PressTheAttack","Slimebound:SplitAcid","Slimebound:Chomp"],"picked":"SKIP","floor":2},{"not_picked":["Slimebound:GoopSpray","Slimebound:Prepare"],"picked":"Slimebound:FirmFortitude","floor":3},{"not_picked":["Slimebound:FlameTackle","Slimebound:FirmFortitude"],"picked":"Slimebound:SplitLeeching","floor":4},{"not_picked":["Slimebound:RollThrough","Slimebound:GoopSpray"],"picked":"Slimebound:LeechEnergy","floor":6},{"not_picked":["Slimebound:GrowthPunch","Slimebound:PressTheAttack"],"picked":"Slimebound:Equalize","floor":8},{"not_picked":["infinitespire:DeathsTouch","hubris:Rewind"],"picked":"ReplayTheSpireMod:Echoes of Time","floor":9},{"not_picked":["Slimebound:SlimeSpikes","Slimebound:RollThrough"],"picked":"Slimebound:SplitLeeching","floor":10},{"not_picked":["Slimebound:ViciousTackle","Slimebound:Grow"],"picked":"Slimebound:SplitBruiser","floor":12},{"not_picked":["Slimebound:FlameTackle","Slimebound:ComboTackle"],"picked":"Slimebound:OneTwoCombo","floor":13},{"not_picked":["Slimebound:Schlurp","Slimebound:SlimeSpikes"],"picked":"Slimebound:SplitBruiser","floor":14},{"not_picked":["Slimebound:PressTheAttack","Slimebound:DisruptingSlam","Slimebound:Chomp"],"picked":"SKIP","floor":15},{"not_picked":["Slimebound:DouseInSlime","Slimebound:DuplicatedForm"],"picked":"Slimebound:OozeBath","floor":16},{"not_picked":["Slimebound:ComboTackle","Slimebound:PressTheAttack"],"picked":"Slimebound:SplitBruiser","floor":19},{"not_picked":["Slimebound:PressTheAttack","Slimebound:SlimeSpikes"],"picked":"Slimebound:SplitMire","floor":20},{"not_picked":["Slimebound:SlimeSpikes","Slimebound:Repurpose","Slimebound:Grow+1"],"picked":"SKIP","floor":21},{"not_picked":["Slimebound:ViciousTackle","Slimebound:SplitMire+1"],"picked":"Slimebound:HauntingLick","floor":23},{"not_picked":["Slimebound:Grow","Slimebound:Nibble"],"picked":"Slimebound:LeechingTouch","floor":25},{"not_picked":["Slimebound:LevelUp","Slimebound:ComboTackle"],"picked":"Slimebound:SplitBruiser","floor":26},{"not_picked":["Slimebound:Chomp","Slimebound:GrowthPunch","Slimebound:ComboTackle"],"picked":"SKIP","floor":30},{"not_picked":["Slimebound:LivingWall+1","Slimebound:DuplicatedForm"],"picked":"Slimebound:HauntingLick","floor":31},{"not_picked":["Slimebound:SlimeSpikes","Slimebound:LeechEnergy","Slimebound:FinishingTackle+1"],"picked":"SKIP","floor":32},{"not_picked":["Slimebound:MinionMaster","Slimebound:Teamwork"],"picked":"Slimebound:LeechLife","floor":33},{"not_picked":["Slimebound:GrowthPunch","Slimebound:ForwardTackle","Slimebound:GoopSpray+1"],"picked":"SKIP","floor":36},{"not_picked":["Slimebound:SplitAcid","Slimebound:Prepare+1"],"picked":"Slimebound:Schlurp","floor":37},{"not_picked":["Slimebound:ItLooksTasty+1","Slimebound:ComboTackle+1"],"picked":"Slimebound:RejuvenatingLick","floor":40},{"not_picked":["Slimebound:BestDefense+1","Slimebound:ViciousTackle","Slimebound:Grow+1"],"picked":"SKIP","floor":43},{"not_picked":["Slimebound:GoopTackle","Slimebound:LevelUp+1"],"picked":"Slimebound:Dissolve+1","floor":44}],"player_experience":225432,"relics_obtained":[{"floor":1,"key":"War Paint"},{"floor":7,"key":"Regal Pillow"},{"floor":13,"key":"TungstenRod"},{"floor":24,"key":"hubris:Teleporter"},{"floor":27,"key":"Replay:Accelerometer"},{"floor":31,"key":"Garlic"},{"floor":35,"key":"Bag of Marbles"},{"floor":40,"key":"Frozen Egg 2"},{"floor":41,"key":"Dead Branch"}],"event_choices":[{"damage_healed":0,"gold_gain":0,"player_choice":"Upgraded","damage_taken":0,"max_hp_gain":0,"max_hp_loss":0,"event_name":"Upgrade Shrine","floor":5,"gold_loss":0,"cards_upgraded":["Slimebound:LeechLife"]},{"damage_healed":0,"gold_gain":0,"player_choice":"Donut","damage_taken":0,"max_hp_gain":5,"max_hp_loss":0,"event_name":"Big Fish","floor":11,"gold_loss":0},{"damage_healed":0,"gold_gain":0,"player_choice":"Got Potions","damage_taken":0,"max_hp_gain":0,"max_hp_loss":0,"event_name":"Lab","floor":28,"gold_loss":0},{"damage_healed":0,"gold_gain":0,"player_choice":"Upgraded","damage_taken":0,"max_hp_gain":0,"max_hp_loss":0,"event_name":"Upgrade Shrine","floor":39,"gold_loss":0,"cards_upgraded":["ReplayTheSpireMod:Echoes of Time"]}],"is_beta":false,"boss_relics":[{"not_picked":["hubris:Stopwatch","hubris:VirtuousBlindfold"],"picked":"hubris:ScarierMask"},{"not_picked":["Kintsugi","Snecko Eye"],"picked":"hubris:RunicObelisk"}],"items_purged_floors":[8,29],"is_endless":false,"potions_floor_spawned":[10,14,15,16,19,23,26,33,40,43],"killed_by":"Nightmare","ascension_level":0}}