{"host":"qxeepl7ydvsgmfdb","time":1608730149,"event":{"mods":["AchievementEnabler","BaseMod","Colored Powertips","Minty Spire (QoL Compilation)","Quick Restart","slay the spire mod where everything is the same but ironclad has a cowboy hat"],"gold_per_floor":[212,61,73,73,83,6,32,45,45,45,45,45,45,64,64,163,163,180,180,196,216,216,216,216,251,251,251,261,261,261],"floor_reached":29,"playtime":939,"items_purged":[],"score":233,"play_id":"8150eb7d-5067-4ebb-b11b-0ae67d0874ff","local_time":"20201223082909","is_ascension_mode":false,"campfire_choices":[{"data":"White Noise","floor":10,"key":"SMITH"},{"data":"Zap","floor":12,"key":"SMITH"},{"floor":15,"key":"REST"},{"data":"Rainbow","floor":24,"key":"SMITH"}],"circlet_count":0,"master_deck":["Strike_B","Strike_B","Strike_B","Defend_B","Defend_B","Defend_B","Defend_B","Zap+1","Dualcast","Capacitor","Conserve Battery","Regret","Cold Snap","White Noise+1","Beam Cell","Glacier","Redo","Rainbow+1","Ball Lightning","Rip and Tear+1","Ball Lightning"],"relics":["Cracked Core","Runic Capacitor","Juzu Bracelet","Boot","WingedGreaves","Nuclear Battery","Potion Belt","Nunchaku"],"acts_visited":["Exordium","TheCity"],"potions_floor_usage":[16,25,28,29],"damage_taken":[{"damage":1.0,"enemies":"Cultist","floor":1.0,"turns":4.0},{"damage":2.0,"enemies":"Small Slimes","floor":3.0,"turns":4.0},{"damage":15,"enemies":"Jaw Worm","floor":5,"turns":4},{"damage":8,"enemies":"Exordium Wildlife","floor":8,"turns":5},{"damage":1,"enemies":"Looter","floor":14,"turns":4},{"damage":49,"enemies":"Slime Boss","floor":16,"turns":15},{"damage":19,"enemies":"2 Thieves","floor":18,"turns":4},{"damage":13,"enemies":"Chosen","floor":20,"turns":6},{"damage":16,"enemies":"Snake Plant","floor":21,"turns":5},{"damage":13,"enemies":"Book of Stabbing","floor":25,"turns":5},{"damage":30,"enemies":"Cultist and Chosen","floor":28,"turns":7},{"damage":10,"enemies":"Shelled Parasite and Fungi","floor":29,"turns":2}],"seed_played":"-7433685277488594968","potions_obtained":[{"floor":1.0,"key":"PotionOfCapacity"},{"floor":3.0,"key":"Block Potion"},{"floor":5,"key":"Regen Potion"},{"floor":20,"key":"SpeedPotion"},{"floor":23,"key":"ColorlessPotion"},{"floor":23,"key":"Energy Potion"},{"floor":28,"key":"FearPotion"}],"is_trial":false,"path_per_floor":["M","$","M","?","M","$","T","M","T","R","$","R","?","M","R","B",null,"M","?","M","M","?","?","R","E","T","?","M","M"],"character_chosen":"DEFECT","items_purchased":["Runic Capacitor","White Noise"],"campfire_rested":1,"item_purchase_floors":[2,6],"current_hp_per_floor":[74,74,72,72,57,57,57,49,49,49,49,49,49,48,70,21,75,56,56,43,27,52,52,52,39,39,25,10,0,0],"gold":261,"neow_bonus":"HUNDRED_GOLD","is_daily":false,"chose_seed":false,"campfire_upgraded":3,"win_rate":0.0,"timestamp":1608730149,"path_taken":["M","?","?","?","M","$","?","M","T","R","?","R","?","M","R","BOSS","M","?","M","M","?","?","R","E","T","?","M","M"],"items_purchased_type":["Relic","Card"],"build_version":"2020-12-22","purchased_purges":0,"victory":false,"max_hp_per_floor":[75,75,75,75,75,75,75,75,75,75,75,75,75,75,75,75,75,75,75,75,75,75,75,75,75,75,80,80,80,80],"card_choices":[{"not_picked":["Fusion","Force Field"],"picked":"Capacitor","floor":1.0},{"not_picked":["Stack","Rip and Tear"],"picked":"Conserve Battery","floor":3.0},{"not_picked":["Sweeping Beam","Stack"],"picked":"Cold Snap","floor":5},{"not_picked":["Barrage","Lockon"],"picked":"Beam Cell","floor":8},{"not_picked":["Rebound","Coolheaded"],"picked":"Redo","floor":14},{"not_picked":["Creative AI","Amplify"],"picked":"Rainbow","floor":16},{"not_picked":["Conserve Battery+1","Beam Cell"],"picked":"Ball Lightning","floor":18},{"not_picked":["Glacier","Compile Driver+1"],"picked":"Rip and Tear+1","floor":20},{"not_picked":["Redo","Sweeping Beam"],"picked":"Ball Lightning","floor":21},{"not_picked":["Recycle","Compile Driver+1","FTL"],"picked":"SKIP","floor":25},{"not_picked":["Gash+1","Sweeping Beam","Redo"],"picked":"SKIP","floor":28}],"player_experience":336093,"relics_obtained":[{"floor":7,"key":"Boot"},{"floor":9,"key":"WingedGreaves"},{"floor":25,"key":"Potion Belt"},{"floor":26,"key":"Nunchaku"}],"event_choices":[{"damage_healed":0.0,"max_hp_gain":0.0,"max_hp_loss":0.0,"gold_gain":0.0,"event_name":"Big Fish","player_choice":"Box","floor":4.0,"gold_loss":0.0,"damage_taken":0.0,"relics_obtained":["Juzu Bracelet"],"cards_obtained":["Regret"]},{"damage_healed":0,"gold_gain":0,"cards_transformed":["Strike_B"],"player_choice":"Transformed","damage_taken":0,"max_hp_gain":0,"max_hp_loss":0,"event_name":"Transmorgrifier","floor":13,"gold_loss":0,"cards_obtained":["Glacier"]},{"damage_healed":0,"gold_gain":0,"player_choice":"Ignored","damage_taken":0,"max_hp_gain":0,"max_hp_loss":0,"event_name":"Vampires","floor":19,"gold_loss":0},{"damage_healed":25,"gold_gain":0,"player_choice":"Heal","damage_taken":0,"max_hp_gain":0,"max_hp_loss":0,"event_name":"The Library","floor":22,"gold_loss":0},{"damage_healed":0,"gold_gain":0,"player_choice":"Got Potions","damage_taken":0,"max_hp_gain":0,"max_hp_loss":0,"event_name":"Lab","floor":23,"gold_loss":0},{"damage_healed":0,"gold_gain":0,"player_choice":"Shed Blood","damage_taken":19,"max_hp_gain":5,"max_hp_loss":0,"event_name":"Forgotten Altar","floor":27,"gold_loss":0}],"is_beta":false,"boss_relics":[{"not_picked":["Sozu","Black Star"],"picked":"Nuclear Battery"}],"items_purged_floors":[],"is_endless":false,"potions_floor_spawned":[1,3,5,20,21,28],"killed_by":"Shelled Parasite and Fungi","ascension_level":0}}