{"host":"an6uhul3yec8m0jh","time":1608741760,"event":{"mods":["ATMod(°¢èªMod)","Act Like it!","BaseMod","Colored Map","Colored Powertips","Highlight Path","Minty Spire (QoL Compilation)","MostiFishMod","Quick Restart","StSLib","TestMod","UnlockEverythingMod","Waifu the Spire","noobMod"],"gold_per_floor":[118,132,151,166,184,184,199,199,199,199,35,70,70,122,122,224,224,291,291,328,228,273,375,375,476,476,561,561,269,269,335,335,484,484,529,529,670,705,747,897,25,76,99,99,244,244,293,400,400,520,544,544,544,173,253,277],"floor_reached":57,"playtime":3143,"items_purged":["Defend_P","Strike_P","Decay","Strike_P"],"score":3319,"play_id":"5bcb508c-f868-4b08-b915-61bc4ec76439","local_time":"20201224004240","is_ascension_mode":true,"campfire_choices":[{"data":"Eruption","floor":6.0,"key":"SMITH"},{"data":"InnerPeace","floor":8.0,"key":"SMITH"},{"data":"MostiFishMod:PathToVictory","floor":10.0,"key":"SMITH"},{"data":"Adaptation","floor":15.0,"key":"SMITH"},{"data":"AT_IrregularMenstruation","floor":28.0,"key":"SMITH"},{"data":"MasterReality","floor":32.0,"key":"SMITH"},{"data":"MostiFishMod:MusicBox","floor":44.0,"key":"SMITH"},{"floor":49.0,"key":"RECALL"},{"data":"MostiFishMod:KamiSmash","floor":53.0,"key":"SMITH"}],"circlet_count":1,"master_deck":["AscendersBane","Strike_P","Strike_P","Defend_P","Defend_P","Eruption+1","Vigilance","AT_IrregularMenstruation+1","BowlingBash","Consecrate","MostiFishMod:PathToVictory+1","CutThroughFate","MostiFishMod:Moonprays","InnerPeace+1","Tantrum","Adaptation+1","AT_MachinaRedman","christmas-Death","FlurryOfBlows+1","BattleHymn","MasterReality+1","Ghostly","Ghostly","Ghostly","DeusExMachina","MostiFishMod:KamiSmash+1","MostiFishMod:MusicBox+1","FearNoEvil","Adaptation","MostiFishMod:LegendTransform"],"relics":["PureWater","ice","DaveBox","testmod-TestBox","AT_ATBox","EGODaCapo","testmod-GiftOfSatan","NeowsBlessing","Circlet","Mercury Hourglass","AT_MibuBalloonWealth","MealTicket","Jackal-EndForJourney","Dead Branch","Shuriken","xbg","Lantern","testmod-Charity","testmod-Antiphasic","testmod-CyclicPeriapt","Bag of Marbles","Omamori","Bottled Flame","ChiLing","Chi","Ling","AT_SunfireAegis","SynthV:C4"],"acts_visited":["Exordium","TheCity","TheBeyond","TheEnding"],"potions_floor_usage":[56],"damage_taken":[{"damage":0.0,"enemies":"Small Slimes","floor":1.0,"turns":1.0},{"damage":0.0,"enemies":"Cultist","floor":2.0,"turns":1.0},{"damage":0.0,"enemies":"Jaw Worm","floor":3.0,"turns":1.0},{"damage":0.0,"enemies":"Red Slaver","floor":4.0,"turns":2.0},{"damage":0.0,"enemies":"Exordium Wildlife","floor":5.0,"turns":2.0},{"damage":0.0,"enemies":"3 Louse","floor":7.0,"turns":1.0},{"damage":0.0,"enemies":"Lagavulin","floor":12.0,"turns":4.0},{"damage":4.0,"enemies":"Gremlin Nob","floor":14.0,"turns":3.0},{"damage":10.0,"enemies":"The Guardian","floor":16.0,"turns":4.0},{"damage":0.0,"enemies":"2 Thieves","floor":18.0,"turns":1.0},{"damage":0.0,"enemies":"Chosen","floor":20.0,"turns":2.0},{"damage":0.0,"enemies":"Snake Plant","floor":22.0,"turns":3.0},{"damage":0.0,"enemies":"Gremlin Leader","floor":23.0,"turns":2.0},{"damage":0.0,"enemies":"Slavers","floor":25.0,"turns":1.0},{"damage":0.0,"enemies":"3 Cultists","floor":27.0,"turns":1.0},{"damage":0.0,"enemies":"Sentry and Sphere","floor":31.0,"turns":2.0},{"damage":17.0,"enemies":"Collector","floor":33.0,"turns":3.0},{"damage":0.0,"enemies":"Orb Walker","floor":35.0,"turns":2.0},{"damage":0.0,"enemies":"3 Darklings","floor":37.0,"turns":2.0},{"damage":12.0,"enemies":"Writhing Mass","floor":38.0,"turns":3.0},{"damage":0.0,"enemies":"Maw","floor":39.0,"turns":1.0},{"damage":0.0,"enemies":"Reptomancer","floor":40.0,"turns":2.0},{"damage":10.0,"enemies":"Nemesis","floor":42.0,"turns":5.0},{"damage":0.0,"enemies":"Reptomancer","floor":45.0,"turns":3.0},{"damage":1.0,"enemies":"Giant Head","floor":47.0,"turns":4.0},{"damage":0.0,"enemies":"4 Shapes","floor":48.0,"turns":1.0},{"damage":0.0,"enemies":"Awakened One","floor":50.0,"turns":4.0},{"damage":18.0,"enemies":"Time Eater","floor":51.0,"turns":6.0},{"damage":0.0,"enemies":"Shield and Spear","floor":55.0,"turns":1.0},{"damage":83,"enemies":"The Heart","floor":56,"turns":7}],"seed_played":"4209939936339800900","potions_obtained":[{"floor":2.0,"key":"Swift Potion"},{"floor":4.0,"key":"Weak Potion"},{"floor":7.0,"key":"BlessingOfTheForge"},{"floor":22.0,"key":"SteroidPotion"},{"floor":39.0,"key":"Ancient Potion"}],"is_trial":false,"path_per_floor":["M","M","M","M","M","R","M","R","T","R","$","E","?","E","R","B",null,"M","?","M","$","M","E","?","E","T","M","R","$","?","M","R","B",null,"M","?","M","M","M","E","$","E","T","R","E","?","E","M","R","B","B",null,"R","$","E","B",null],"character_chosen":"WATCHER","items_purchased":["Tantrum","MasterReality","testmod-Charity","testmod-Antiphasic","testmod-CyclicPeriapt","Adaptation","ChiLing","AT_SunfireAegis","MostiFishMod:LegendTransform"],"campfire_rested":0,"item_purchase_floors":[11,29,41,41,41,41,54,54,54],"current_hp_per_floor":[61,61,61,73,73,73,73,73,73,73,73,73,73,69,69,75,77,77,77,77,78,78,78,78,78,78,78,78,78,39,39,39,22,35,39,29,29,39,39,39,39,31,32,32,44,44,49,54,54,59,47,61,61,66,69,9],"gold":277,"neow_bonus":"THREE_ENEMY_KILL","is_daily":false,"chose_seed":false,"campfire_upgraded":8,"win_rate":0.0,"timestamp":1608741760,"path_taken":["M","M","M","M","M","R","M","R","T","R","$","E","?","E","R","BOSS","M","?","M","$","?","E","?","E","T","?","R","$","?","M","R","BOSS","M","?","M","M","M","E","$","E","T","R","E","?","E","M","R","BOSS","BOSS","R","$","E","BOSS"],"items_purchased_type":["Card","Card","Relic","Relic","Relic","Card","Relic","Relic","Card"],"build_version":"2020-12-22","purchased_purges":4,"victory":true,"max_hp_per_floor":[68,68,68,73,73,73,73,73,73,73,73,73,73,73,73,78,78,78,78,78,78,78,78,78,78,78,78,78,78,39,39,39,39,39,39,39,39,39,39,39,39,41,42,42,48,48,50,55,55,60,66,66,66,66,69,75],"card_choices":[{"not_picked":["ClearTheMind","PathToVictory"],"picked":"BowlingBash","floor":1.0},{"not_picked":["AT_OneInchPunch","Collect","Indignation","DeceiveReality"],"picked":"Consecrate","floor":2.0},{"not_picked":["Protect","WheelKick","ThirdEye","Halt"],"picked":"MostiFishMod:PathToVictory","floor":3.0},{"not_picked":["EmptyFist","FlurryOfBlows","ClearTheMind","WindmillStrike"],"picked":"CutThroughFate","floor":4.0},{"not_picked":["AT_SoftenMuscles","Protect","Consecrate","JustLucky"],"picked":"MostiFishMod:Moonprays","floor":5.0},{"not_picked":["ThirdEye","EmptyFist","Evaluate","CutThroughFate"],"picked":"InnerPeace","floor":7.0},{"not_picked":["EmptyBody","MostiFishMod:Nomercy"],"picked":"Adaptation","floor":12.0},{"not_picked":["ClearTheMind","SignatureMove","Study"],"picked":"SKIP","floor":14.0},{"not_picked":["MostiFishMod:Minus","MostiFishMod:DisColor"],"picked":"AT_MachinaRedman","floor":16.0},{"not_picked":["christmas-Famine","christmas-Plague"],"picked":"christmas-Death","floor":16.0},{"not_picked":["SandsOfTime","PathToVictory"],"picked":"FlurryOfBlows+1","floor":18.0},{"not_picked":["BowlingBash","CutThroughFate+1","Crescendo"],"picked":"SKIP","floor":20.0},{"not_picked":["SandsOfTime","CrushJoints","ForeignInfluence"],"picked":"SKIP","floor":22.0},{"not_picked":["Consecrate","Judgement","WreathOfFlame"],"picked":"SKIP","floor":23.0},{"not_picked":["Indignation","ClearTheMind","Tantrum"],"picked":"SKIP","floor":25.0},{"not_picked":["ClearTheMind","ThirdEye","SandsOfTime"],"picked":"SKIP","floor":27.0},{"not_picked":["Conclude","Crescendo"],"picked":"DeusExMachina","floor":31.0},{"not_picked":["MostiFishMod:Pointsdynamics","AT_IrregularMenstruation"],"picked":"MostiFishMod:KamiSmash","floor":33.0},{"not_picked":["EmptyBody+1","Protect","LikeWater"],"picked":"SKIP","floor":35.0},{"not_picked":["Trip","Mind Blast"],"picked":"MostiFishMod:MusicBox","floor":36.0},{"not_picked":["FlurryOfBlows","CutThroughFate","Crescendo+1"],"picked":"SKIP","floor":37.0},{"not_picked":["CrushJoints","WaveOfTheHand+1","Crescendo"],"picked":"SKIP","floor":38.0},{"not_picked":["BowlingBash","PathToVictory"],"picked":"FearNoEvil","floor":39.0},{"not_picked":["Conclude","InnerPeace","SashWhip+1"],"picked":"SKIP","floor":40.0},{"not_picked":["EmptyFist","SignatureMove","Blasphemy"],"picked":"SKIP","floor":42.0},{"not_picked":["EmptyFist","SignatureMove","Blasphemy"],"picked":"SKIP","floor":42.0},{"not_picked":["SashWhip","Consecrate+1","Protect+1"],"picked":"SKIP","floor":45.0},{"not_picked":["AT_SoftenMuscles","CutThroughFate","MostiFishMod:FlowState"],"picked":"SKIP","floor":47.0},{"not_picked":["JustLucky","EmptyFist+1","Prostrate"],"picked":"SKIP","floor":48.0},{"not_picked":["SignatureMove+1","CrushJoints"],"picked":"MostiFishMod:CyberBuddha","floor":55.0}],"player_experience":156383,"relics_obtained":[{"floor":1.0,"key":"SynthV:TestCard"},{"floor":9.0,"key":"Mercury Hourglass"},{"floor":12.0,"key":"AT_MibuBalloonWealth"},{"floor":14.0,"key":"MealTicket"},{"floor":23.0,"key":"Dead Branch"},{"floor":26.0,"key":"Shuriken"},{"floor":40.0,"key":"Lantern"},{"floor":42.0,"key":"Bag of Marbles"},{"floor":45.0,"key":"Omamori"},{"floor":47.0,"key":"Bottled Flame"},{"floor":55.0,"key":"SynthV:C4"}],"event_choices":[{"damage_healed":0.0,"max_hp_gain":0.0,"max_hp_loss":0.0,"gold_gain":0.0,"event_name":"Liars Game","player_choice":"Ignored","floor":13.0,"gold_loss":0.0,"damage_taken":0.0},{"damage_healed":0.0,"max_hp_gain":0.0,"max_hp_loss":0.0,"gold_gain":0.0,"cards_transformed":["Eruption"],"event_name":"Transmorgrifier","player_choice":"Transformed","floor":19.0,"gold_loss":0.0,"damage_taken":0.0,"cards_obtained":["BattleHymn"]},{"damage_healed":0.0,"max_hp_gain":0.0,"max_hp_loss":0.0,"gold_gain":0.0,"event_name":"Wheel of Change","player_choice":"Cursed","floor":24.0,"gold_loss":0.0,"damage_taken":0.0,"cards_obtained":["Decay"]},{"damage_healed":0.0,"max_hp_gain":0.0,"max_hp_loss":39.0,"gold_gain":0.0,"event_name":"Ghosts","player_choice":"Became a Ghost","floor":30.0,"gold_loss":0.0,"damage_taken":0.0,"cards_obtained":["Ghostly","Ghostly","Ghostly"]},{"damage_healed":0.0,"max_hp_gain":0.0,"max_hp_loss":0.0,"gold_gain":0.0,"event_name":"SensoryStone","player_choice":"Memory 3","floor":36.0,"gold_loss":0.0,"damage_taken":10.0},{"cards_removed":["Defend_P"],"damage_healed":0.0,"max_hp_gain":0.0,"max_hp_loss":0.0,"gold_gain":0.0,"event_name":"Falling","player_choice":"Removed Skill","floor":46.0,"gold_loss":0.0,"damage_taken":0.0}],"is_beta":false,"boss_relics":[{"not_picked":["Tiny House","testmod-HarvestTotem"],"picked":"Jackal-EndForJourney"},{"not_picked":["FixedStarFall","Coffee Dripper"],"picked":"xbg"}],"items_purged_floors":[11,21,29,41],"is_endless":false,"potions_floor_spawned":[2,4,7,16,22,25,27,37,39,45,48],"ascension_level":20}}