{"host":"t7mx8yfj1no5p62f","time":1608736837,"event":{"mods":["BaseMod","Colored Map","Colored Powertips","Minty Spire (QoL Compilation)","Relic Stats","StSLib"],"gold_per_floor":[110,110,129,143,162,162,162,195,195,195,195,230,155,170,170,246,246,258,533,156,169,93,93,93],"floor_reached":23,"playtime":717,"items_purged":["Regret"],"score":398,"play_id":"bbbeafa3-447a-47f5-a899-60d3c83df0e2","local_time":"20201223102037","is_ascension_mode":true,"campfire_choices":[{"data":"Bludgeon","floor":6.0,"key":"SMITH"},{"data":"Bash","floor":10.0,"key":"SMITH"},{"data":"Rampage","floor":11.0,"key":"SMITH"},{"data":"Carnage","floor":15.0,"key":"SMITH"}],"circlet_count":0,"master_deck":["AscendersBane","Strike_R","Strike_R","Defend_R","Defend_R","Defend_R","Bash+1","Impervious+1","Bloodletting+1","Ghostly Armor+1","Rampage+1","Bludgeon+1","Cleave","Armaments","Carnage+1","Corruption","Power Through","Shrug It Off","Feel No Pain"],"relics":["Astrolabe","WingedGreaves","Calipers","Orichalcum","Eternal Feather","Turnip","Fusion Hammer","OrangePellets"],"acts_visited":["Exordium","TheCity"],"potions_floor_usage":[23,23],"damage_taken":[{"damage":3.0,"enemies":"Cultist","floor":1.0,"turns":3.0},{"damage":0.0,"enemies":"2 Louse","floor":3.0,"turns":4.0},{"damage":0.0,"enemies":"Jaw Worm","floor":4.0,"turns":4.0},{"damage":4.0,"enemies":"Exordium Wildlife","floor":5.0,"turns":3.0},{"damage":23.0,"enemies":"3 Sentries","floor":8.0,"turns":5.0},{"damage":22.0,"enemies":"Lagavulin","floor":12.0,"turns":8.0},{"damage":7.0,"enemies":"Exordium Thugs","floor":14.0,"turns":6.0},{"damage":10.0,"enemies":"Slime Boss","floor":16.0,"turns":4.0},{"damage":15.0,"enemies":"2 Thieves","floor":18.0,"turns":4.0},{"damage":0.0,"enemies":"Spheric Guardian","floor":21.0,"turns":4.0},{"damage":61,"enemies":"Gremlin Leader","floor":23,"turns":10}],"seed_played":"1366534774694498604","potions_obtained":[{"floor":5.0,"key":"AttackPotion"},{"floor":12.0,"key":"LiquidMemories"},{"floor":14.0,"key":"DuplicationPotion"},{"floor":18.0,"key":"DistilledChaos"}],"is_trial":false,"path_per_floor":["M","T","M","M","M","R","?","E","T","R","R","E","?","M","R","B",null,"M","?","$","M","$","E"],"character_chosen":"IRONCLAD","items_purchased":["OrangePellets","Power Through","Dexterity Potion","Feel No Pain"],"campfire_rested":0,"item_purchase_floors":[20,20,20,22],"current_hp_per_floor":[65,65,65,65,61,61,56,33,33,39,45,23,23,16,25,15,60,45,45,45,45,45,0,0],"gold":93,"neow_bonus":"BOSS_RELIC","is_daily":false,"chose_seed":false,"campfire_upgraded":4,"win_rate":0.0,"timestamp":1608736837,"path_taken":["M","?","M","M","M","R","?","E","T","R","R","E","?","?","R","BOSS","M","?","?","M","?","E"],"items_purchased_type":["Relic","Card","Potion","Card"],"build_version":"2020-12-22","purchased_purges":1,"victory":false,"max_hp_per_floor":[75,75,75,75,75,75,75,75,75,75,75,75,75,75,75,75,75,75,75,75,75,75,75,75],"relic_stats":{"OrangePellets":[0],"counters":[11,55],"Astrolabe":["Impervious","Bloodletting","Ghostly Armor"],"Eternal Feather":21,"Turnip":[17],"Orichalcum":[42],"obtain_stats":[{"OrangePellets":20,"Calipers":7,"Astrolabe":0,"Eternal Feather":9,"WingedGreaves":2,"Turnip":12,"Fusion Hammer":17,"Orichalcum":8,"Burning Blood":0},{"OrangePellets":9,"Calipers":4,"Astrolabe":0,"Eternal Feather":5,"WingedGreaves":1,"Turnip":6,"Fusion Hammer":8,"Orichalcum":5,"Burning Blood":0},{"OrangePellets":41,"Calipers":14,"Astrolabe":0,"Eternal Feather":19,"WingedGreaves":3,"Turnip":27,"Fusion Hammer":37,"Orichalcum":19,"Burning Blood":0}]},"card_choices":[{"not_picked":["Armaments","Warcry","Power Through"],"picked":"SKIP","floor":1.0},{"not_picked":["Flex","Havoc"],"picked":"Rampage","floor":3.0},{"not_picked":["Heavy Blade","Pommel Strike"],"picked":"Bludgeon","floor":4.0},{"not_picked":["Headbutt","Reckless Charge"],"picked":"Cleave","floor":5.0},{"not_picked":["Reckless Charge","Pummel","Clash"],"picked":"SKIP","floor":8.0},{"not_picked":["Cleave","Perfected Strike"],"picked":"Armaments","floor":12.0},{"not_picked":["Armaments","Iron Wave"],"picked":"Carnage","floor":14.0},{"not_picked":["Juggernaut","Immolate"],"picked":"Corruption","floor":16.0},{"not_picked":["Iron Wave","Thunderclap","Havoc"],"picked":"SKIP","floor":18.0},{"not_picked":["Pommel Strike","Bloodletting"],"picked":"Shrug It Off","floor":21.0}],"player_experience":1579345,"relics_obtained":[{"floor":2.0,"key":"WingedGreaves"},{"floor":8.0,"key":"Orichalcum"},{"floor":9.0,"key":"Eternal Feather"},{"floor":12.0,"key":"Turnip"}],"event_choices":[{"damage_healed":0.0,"max_hp_gain":0.0,"max_hp_loss":0.0,"gold_gain":0.0,"event_name":"Scrap Ooze","player_choice":"Success","floor":7.0,"gold_loss":0.0,"damage_taken":5.0,"relics_obtained":["Calipers"]},{"cards_removed":["Strike_R"],"damage_healed":0.0,"max_hp_gain":0.0,"max_hp_loss":0.0,"gold_gain":0.0,"event_name":"The Cleric","player_choice":"Card Removal","floor":13.0,"gold_loss":75.0,"damage_taken":0.0},{"damage_healed":0.0,"max_hp_gain":0.0,"max_hp_loss":0.0,"gold_gain":275.0,"event_name":"Golden Shrine","player_choice":"Desecrate","floor":19.0,"gold_loss":0.0,"damage_taken":0.0,"cards_obtained":["Regret"]}],"is_beta":false,"boss_relics":[{"not_picked":["Busted Crown","Tiny House"],"picked":"Fusion Hammer"}],"items_purged_floors":[20],"is_endless":false,"potions_floor_spawned":[5,12,14,18],"killed_by":"Gremlin Leader","ascension_level":20}}