{"host":"s41rn2jhghpwfrvz","time":1608719108,"event":{"mods":["BaseMod","Minty Spire (QoL Compilation)","Quick Restart","Relic Stats","SuperFastMode"],"gold_per_floor":[112,112,187,187,187,227,243,278,304,340,340,359,375,391,391,487,487,510,535,535,535,551,582,244,244,244,262,287,328,341,382,382,473,473,486,486,166,179,195,233,233,264,289,289,324,362,362,317,317,317,317,317,317,73,109,109],"floor_reached":57,"playtime":1525,"items_purged":["Gash+1"],"score":3796,"play_id":"74fa08fb-af4e-46cd-a73a-020c1bccf552","local_time":"20201223122508","daily_mods":["SealedDeck","Diverse","DeadlyEvents"],"is_ascension_mode":true,"campfire_choices":[{"data":"Prostrate","floor":11,"key":"SMITH"},{"data":"Eviscerate","floor":15,"key":"SMITH"},{"data":"Offering","floor":25,"key":"SMITH"},{"data":"Acrobatics","floor":32,"key":"SMITH"},{"floor":41,"key":"RECALL"},{"data":"Backflip","floor":44,"key":"SMITH"},{"data":"Sanctity","floor":47,"key":"SMITH"},{"data":"Evolve","floor":49,"key":"SMITH"},{"data":"Gash","floor":53,"key":"SMITH"}],"circlet_count":0,"master_deck":["AscendersBane","Eviscerate+1","Sanctity+1","Acrobatics+1","Prostrate+1","Backflip+1","Offering+1","Evolve+1","Backflip+1"],"relics":["Burning Blood","Golden Idol","Strawberry","Question Card","Sundial","Empty Cage","MutagenicStrength","Paper Frog","Calipers","Thread and Needle","Blue Candle","Champion Belt","Runic Pyramid","Oddly Smooth Stone","PreservedInsect","Bag of Preparation","Akabeko","MealTicket","Turnip","Eternal Feather","DollysMirror","Gambling Chip"],"acts_visited":["Exordium","TheCity","TheBeyond","TheEnding"],"potions_floor_usage":[56,56],"damage_taken":[{"damage":0,"enemies":"Small Slimes","floor":1,"turns":2},{"damage":0,"enemies":"Lagavulin","floor":6,"turns":4},{"damage":0,"enemies":"Jaw Worm","floor":7,"turns":2},{"damage":18,"enemies":"3 Sentries","floor":8,"turns":7},{"damage":8,"enemies":"Gremlin Nob","floor":10,"turns":3},{"damage":0,"enemies":"2 Louse","floor":12,"turns":2},{"damage":0,"enemies":"2 Fungi Beasts","floor":13,"turns":2},{"damage":0,"enemies":"Exordium Wildlife","floor":14,"turns":2},{"damage":0,"enemies":"Slime Boss","floor":16,"turns":3},{"damage":6,"enemies":"Spheric Guardian","floor":18,"turns":1},{"damage":6,"enemies":"Chosen","floor":19,"turns":1},{"damage":6,"enemies":"Snecko","floor":22,"turns":1},{"damage":6,"enemies":"Gremlin Leader","floor":23,"turns":1},{"damage":6,"enemies":"Cultist and Chosen","floor":27,"turns":1},{"damage":6,"enemies":"3 Cultists","floor":28,"turns":1},{"damage":6,"enemies":"Book of Stabbing","floor":29,"turns":1},{"damage":6,"enemies":"Shelled Parasite and Fungi","floor":30,"turns":1},{"damage":6,"enemies":"Slavers","floor":31,"turns":1},{"damage":6,"enemies":"Champ","floor":33,"turns":1},{"damage":0,"enemies":"3 Darklings","floor":35,"turns":1},{"damage":0,"enemies":"Orb Walker","floor":38,"turns":1},{"damage":0,"enemies":"Maw","floor":39,"turns":1},{"damage":0,"enemies":"Reptomancer","floor":40,"turns":1},{"damage":0,"enemies":"Giant Head","floor":42,"turns":1},{"damage":0,"enemies":"Reptomancer","floor":45,"turns":1},{"damage":0,"enemies":"Giant Head","floor":46,"turns":1},{"damage":6,"enemies":"Donu and Deca","floor":50,"turns":1},{"damage":6,"enemies":"Time Eater","floor":51,"turns":3},{"damage":0,"enemies":"Shield and Spear","floor":55,"turns":1},{"damage":0,"enemies":"The Heart","floor":56,"turns":4}],"seed_played":"-1476721580664596708","potions_obtained":[{"floor":1,"key":"PowerPotion"},{"floor":6,"key":"Strength Potion"},{"floor":14,"key":"SpeedPotion"},{"floor":31,"key":"Ancient Potion"}],"is_trial":true,"path_per_floor":["M","?","?","?","?","E","M","E","T","E","R","M","M","M","R","B",null,"M","M","?","?","M","E","$","R","T","M","M","E","M","E","R","B",null,"M","?","$","M","M","E","R","E","T","R","E","E","R","$","R","B","B",null,"R","$","E","B",null],"character_chosen":"IRONCLAD","items_purchased":["Calipers","Oddly Smooth Stone","PreservedInsect","Evolve","DollysMirror"],"campfire_rested":0,"item_purchase_floors":[24,37,37,48,54],"current_hp_per_floor":[74,48,37,30,30,43,49,37,37,35,35,41,47,53,53,59,76,76,76,82,82,82,82,82,82,82,82,82,82,82,82,82,82,82,82,82,82,82,82,82,82,82,82,82,82,82,82,82,82,82,82,82,82,82,82,82],"gold":109,"neow_bonus":"","is_daily":false,"chose_seed":false,"campfire_upgraded":8,"win_rate":0.0,"timestamp":1608719108,"path_taken":["M","?","?","?","?","E","M","E","T","E","R","M","M","M","R","BOSS","M","M","?","?","M","E","$","R","T","M","M","E","M","E","R","BOSS","M","?","$","M","M","E","R","E","T","R","?","E","R","$","R","BOSS","BOSS","R","$","E","BOSS"],"items_purchased_type":["Relic","Relic","Relic","Card","Relic"],"build_version":"2020-12-22","purchased_purges":1,"victory":true,"max_hp_per_floor":[75,75,75,75,75,82,82,82,82,82,82,82,82,82,82,82,82,82,82,82,82,82,82,82,82,82,82,82,82,82,82,82,82,82,82,82,82,82,82,82,82,82,82,82,82,82,82,82,82,82,82,82,82,82,82,82],"relic_stats":{"counters":[30,53],"Golden Idol":221,"Blue Candle":[0],"Eternal Feather":0,"PreservedInsect":458,"Bag of Preparation":[14],"Question Card":23,"Burning Blood":126,"Sundial":[200],"Gambling Chip":[0],"MealTicket":0,"Turnip":[2],"Champion Belt":[0],"obtain_stats":[{"Calipers":24,"Golden Idol":2,"Blue Candle":29,"Oddly Smooth Stone":37,"Thread and Needle":26,"Eternal Feather":46,"PreservedInsect":37,"Bag of Preparation":40,"Question Card":8,"Empty Cage":17,"Burning Blood":0,"Akabeko":42,"Sundial":10,"DollysMirror":54,"Strawberry":6,"MutagenicStrength":21,"Gambling Chip":55,"MealTicket":43,"Turnip":45,"Champion Belt":31,"Paper Frog":23,"Runic Pyramid":34},{"Calipers":13,"Golden Idol":1,"Blue Candle":16,"Oddly Smooth Stone":20,"Thread and Needle":13,"Eternal Feather":26,"PreservedInsect":20,"Bag of Preparation":23,"Question Card":4,"Empty Cage":9,"Burning Blood":0,"Akabeko":24,"Sundial":5,"DollysMirror":28,"Strawberry":2,"MutagenicStrength":11,"Gambling Chip":29,"MealTicket":24,"Turnip":25,"Champion Belt":18,"Paper Frog":13,"Runic Pyramid":19},{"Calipers":31,"Golden Idol":2,"Blue Candle":34,"Oddly Smooth Stone":38,"Thread and Needle":31,"Eternal Feather":44,"PreservedInsect":38,"Bag of Preparation":41,"Question Card":15,"Empty Cage":27,"Burning Blood":0,"Akabeko":42,"Sundial":18,"DollysMirror":48,"Strawberry":6,"MutagenicStrength":29,"Gambling Chip":49,"MealTicket":42,"Turnip":43,"Champion Belt":36,"Paper Frog":31,"Runic Pyramid":37}]},"card_choices":[{"not_picked":["Slice","Headbutt","Quick Slash"],"picked":"SKIP","floor":1},{"not_picked":["Hemokinesis","FlurryOfBlows","Deflect"],"picked":"SKIP","floor":6},{"not_picked":["Flex","Spot Weakness","Scrape"],"picked":"SKIP","floor":7},{"not_picked":["Sucker Punch","Noxious Fumes","Barrage"],"picked":"SKIP","floor":8},{"not_picked":["Thunderclap","Self Repair","Limit Break","Sucker Punch"],"picked":"SKIP","floor":10},{"not_picked":["Backflip","Wallop","Gash","Halt"],"picked":"SKIP","floor":12},{"not_picked":["Cold Snap","Sucker Punch","SignatureMove","PiercingWail"],"picked":"SKIP","floor":13},{"not_picked":["Expertise","Outmaneuver","Steam Power","WreathOfFlame"],"picked":"SKIP","floor":14},{"not_picked":["Expertise","Outmaneuver","Steam Power","WreathOfFlame"],"picked":"SKIP","floor":14},{"not_picked":["Venomology","Barricade","Feed"],"picked":"Offering","floor":16},{"not_picked":["Coolheaded","CrushJoints","Poisoned Stab","Clothesline+1"],"picked":"SKIP","floor":18},{"not_picked":["Distraction","Blizzard+1","Deflect","Gash+1"],"picked":"SKIP","floor":19},{"not_picked":["Backflip","WreathOfFlame","EmptyFist","Heavy Blade"],"picked":"SKIP","floor":22},{"not_picked":["Hologram","Protect+1","Redo","Steam Power"],"picked":"SKIP","floor":23},{"not_picked":["Hologram","Protect+1","Redo","Steam Power"],"picked":"SKIP","floor":23},{"not_picked":["Establishment","Chill+1","Well Laid Plans","Flex"],"picked":"SKIP","floor":27},{"not_picked":["Skewer+1","BowlingBash","Headbutt","Sucker Punch+1"],"picked":"SKIP","floor":28},{"not_picked":["PiercingWail","ConjureBlade","Compile Driver+1","Perseverance"],"picked":"SKIP","floor":29},{"not_picked":["Infinite Blades","Cleave","Fire Breathing+1","Dodge and Roll"],"picked":"SKIP","floor":30},{"not_picked":["Accuracy+1","Aggregate","PathToVictory","WheelKick"],"picked":"SKIP","floor":31},{"not_picked":["SandsOfTime+1","Sword Boomerang","FollowUp+1","Streamline+1"],"picked":"SKIP","floor":35},{"not_picked":["Outmaneuver+1","Dodge and Roll","Quick Slash+1","Warcry"],"picked":"SKIP","floor":38},{"not_picked":["Iron Wave","Aggregate","Sword Boomerang+1","Rainbow"],"picked":"SKIP","floor":39},{"not_picked":["Acrobatics","Genetic Algorithm+1","Collect","Die Die Die"],"picked":"SKIP","floor":40},{"not_picked":["Havoc","Adaptation+1","CutThroughFate","Rupture"],"picked":"SKIP","floor":42},{"not_picked":["Armaments","Go for the Eyes+1","EmptyFist","Coolheaded+1"],"picked":"SKIP","floor":45},{"not_picked":["ReachHeaven","EmptyBody","MentalFortress+1","Grand Finale"],"picked":"SKIP","floor":46},{"not_picked":["Seek","SashWhip","Heatsinks","Redo"],"picked":"SKIP","floor":55}],"player_experience":1599353,"relics_obtained":[{"floor":6,"key":"Strawberry"},{"floor":8,"key":"Question Card"},{"floor":10,"key":"Sundial"},{"floor":23,"key":"Paper Frog"},{"floor":26,"key":"Thread and Needle"},{"floor":29,"key":"Blue Candle"},{"floor":31,"key":"Champion Belt"},{"floor":40,"key":"Bag of Preparation"},{"floor":42,"key":"Akabeko"},{"floor":43,"key":"MealTicket"},{"floor":45,"key":"Turnip"},{"floor":46,"key":"Eternal Feather"},{"floor":55,"key":"Gambling Chip"}],"event_choices":[{"damage_healed":0,"gold_gain":0,"player_choice":"Take Damage","damage_taken":26,"relics_obtained":["Golden Idol"],"max_hp_gain":0,"max_hp_loss":0,"event_name":"Golden Idol","floor":2,"gold_loss":0},{"damage_healed":0,"gold_gain":75,"player_choice":"Gather Gold","damage_taken":11,"max_hp_gain":0,"max_hp_loss":0,"event_name":"World of Goop","floor":3,"gold_loss":0},{"cards_removed":["Hologram"],"damage_healed":0,"gold_gain":0,"player_choice":"Card Removal","damage_taken":7,"max_hp_gain":0,"max_hp_loss":0,"event_name":"Golden Wing","floor":4,"gold_loss":0},{"damage_healed":0,"gold_gain":0,"player_choice":"Ignored","damage_taken":0,"max_hp_gain":0,"max_hp_loss":0,"event_name":"Liars Game","floor":5,"gold_loss":0},{"damage_healed":16,"gold_gain":0,"player_choice":"Heal","damage_taken":0,"max_hp_gain":0,"max_hp_loss":0,"event_name":"The Library","floor":20,"gold_loss":0},{"damage_healed":0,"gold_gain":0,"player_choice":"Inject Mutagens","damage_taken":0,"relics_obtained":["MutagenicStrength"],"max_hp_gain":0,"max_hp_loss":0,"event_name":"Drug Dealer","floor":21,"gold_loss":0},{"cards_removed":["Chill"],"damage_healed":0,"gold_gain":0,"player_choice":"Purged","damage_taken":0,"max_hp_gain":0,"max_hp_loss":0,"event_name":"Purifier","floor":36,"gold_loss":0}],"is_beta":false,"boss_relics":[{"not_picked":["Sozu","Runic Dome"],"picked":"Empty Cage"},{"not_picked":["Cursed Key","Black Star"],"picked":"Runic Pyramid"}],"items_purged_floors":[54],"is_endless":false,"potions_floor_spawned":[1,6,14,22,27,31,38,42],"ascension_level":20}}