{"host":"sabve5zmqufxyc5o","time":1608716328,"event":{"mods":["2.2 Compatiblity","AchievementEnabler","Act Like it!","BaseMod","Block Reminder","Colored Map","Colored Powertips","DeckTracker","KOR Keyword Fix","Keyboard Shortcuts","Minty Spire (QoL Compilation)","Quick Restart","Rare Cards Sparkle","Relic Stats","StSLib","SuperFastMode"],"gold_per_floor":[119,42,92,110,121,153,153,180,180,209,35,35,52,66,66,143,143,157,157,157,174,184,184,184,26,26,26,26,26],"floor_reached":28,"playtime":2752,"items_purged":[],"score":497,"play_id":"6cbef57b-cd20-47ff-8114-336fec8ebe70","local_time":"20201223183848","is_ascension_mode":true,"campfire_choices":[{"data":"Hologram","floor":7.0,"key":"SMITH"},{"floor":12.0,"key":"REST"},{"floor":15.0,"key":"REST"},{"floor":23.0,"key":"REST"},{"floor":27.0,"key":"REST"}],"circlet_count":0,"master_deck":["AscendersBane","Zap","Dualcast","Ball Lightning","Beam Cell","Conserve Battery","FTL","Hologram+1","Steam","Coolheaded","Barrage","Core Surge","Rebound","BootSequence","Thunder Strike","Sunder","Machine Learning","Thunder Strike","FTL","BootSequence","Lockon","White Noise","Compile Driver","Leap","Ball Lightning","Compile Driver","Bite","Bite","Bite","Bite","Bite","Steam"],"relics":["Cracked Core","Ginger","InkBottle","DataDisk","Pandora\u0027s Box","Dream Catcher","Gremlin Horn"],"acts_visited":["Exordium","TheCity"],"potions_floor_usage":[28],"damage_taken":[{"damage":2.0,"enemies":"Jaw Worm","floor":1.0,"turns":3.0},{"damage":0.0,"enemies":"Cultist","floor":4.0,"turns":2.0},{"damage":0.0,"enemies":"Small Slimes","floor":5.0,"turns":3.0},{"damage":8.0,"enemies":"Gremlin Nob","floor":6.0,"turns":3.0},{"damage":28.0,"enemies":"Lagavulin","floor":8.0,"turns":7.0},{"damage":20.0,"enemies":"3 Sentries","floor":10.0,"turns":8.0},{"damage":8.0,"enemies":"Blue Slaver","floor":13.0,"turns":3.0},{"damage":8.0,"enemies":"Lots of Slimes","floor":14.0,"turns":4.0},{"damage":12.0,"enemies":"The Guardian","floor":16.0,"turns":13.0},{"damage":4.0,"enemies":"2 Thieves","floor":18.0,"turns":3.0},{"damage":8.0,"enemies":"Chosen","floor":21.0,"turns":4.0},{"damage":12.0,"enemies":"Shelled Parasite and Fungi","floor":22.0,"turns":3.0},{"damage":63,"enemies":"Book of Stabbing","floor":28,"turns":5}],"seed_played":"-4269453564979203173","potions_obtained":[{"floor":1.0,"key":"Fire Potion"},{"floor":5.0,"key":"GamblersBrew"},{"floor":14.0,"key":"Explosive Potion"},{"floor":18.0,"key":"CultistPotion"}],"is_trial":false,"path_per_floor":["M","$","?","M","M","E","R","E","T","E","$","R","M","M","R","B",null,"M","?","?","M","M","R","?","$","T","R","E"],"character_chosen":"DEFECT","items_purchased":["Beam Cell","Conserve Battery","Core Surge","Dream Catcher"],"campfire_rested":4,"item_purchase_floors":[2,2,11,25],"current_hp_per_floor":[69,69,69,69,69,61,61,33,33,13,13,36,28,20,43,31,66,62,40,40,32,20,44,44,44,44,58,0,0],"gold":26,"neow_bonus":"TEN_PERCENT_HP_BONUS","is_daily":false,"chose_seed":false,"campfire_upgraded":1,"win_rate":0.0,"timestamp":1608716328,"path_taken":["M","$","?","M","M","E","R","E","T","E","$","R","?","M","R","BOSS","M","?","?","M","M","R","?","?","T","R","E"],"items_purchased_type":["Card","Card","Card","Relic"],"build_version":"2020-12-22","purchased_purges":0,"victory":false,"max_hp_per_floor":[78,78,78,78,78,78,78,78,78,78,78,78,78,78,78,78,78,78,83,83,83,83,83,58,58,58,58,58,58],"relic_stats":{"Dream Catcher":1,"Gremlin Horn":[0,0],"counters":[13,61],"Pandora\u0027s Box":["Sunder","Machine Learning","Thunder Strike","FTL","BootSequence","Lockon","White Noise","Compile Driver"],"Ginger":[2],"obtain_stats":[{"DataDisk":10,"Dream Catcher":25,"Gremlin Horn":26,"Pandora\u0027s Box":17,"Ginger":6,"Cracked Core":0,"InkBottle":9},{"DataDisk":6,"Dream Catcher":12,"Gremlin Horn":12,"Pandora\u0027s Box":9,"Ginger":4,"Cracked Core":0,"InkBottle":5},{"DataDisk":26,"Dream Catcher":56,"Gremlin Horn":56,"Pandora\u0027s Box":46,"Ginger":11,"Cracked Core":0,"InkBottle":18}],"InkBottle":[15]},"card_choices":[{"not_picked":["BootSequence","Gash"],"picked":"Ball Lightning","floor":1.0},{"not_picked":["Steam Power","Barrage"],"picked":"FTL","floor":4.0},{"not_picked":["Conserve Battery","Stack"],"picked":"Hologram","floor":5.0},{"not_picked":["Force Field","Machine Learning"],"picked":"Steam","floor":6.0},{"not_picked":["Static Discharge","Barrage"],"picked":"Coolheaded","floor":8.0},{"not_picked":["Redo","Heatsinks"],"picked":"Barrage","floor":10.0},{"not_picked":["Melter","Leap"],"picked":"Rebound","floor":13.0},{"not_picked":["Go for the Eyes","Streamline"],"picked":"BootSequence","floor":14.0},{"not_picked":["Biased Cognition","Core Surge"],"picked":"Thunder Strike","floor":16.0},{"not_picked":["Sweeping Beam+1","Barrage"],"picked":"Leap","floor":18.0},{"not_picked":["Chaos","Redo"],"picked":"Ball Lightning","floor":21.0},{"not_picked":["Hologram","Hello World+1"],"picked":"Compile Driver","floor":22.0},{"not_picked":["Genetic Algorithm","Blizzard"],"picked":"Steam","floor":27.0}],"player_experience":797802,"relics_obtained":[{"floor":6.0,"key":"Ginger"},{"floor":9.0,"key":"InkBottle"},{"floor":10.0,"key":"DataDisk"},{"floor":26.0,"key":"Gremlin Horn"}],"event_choices":[{"damage_healed":0.0,"max_hp_gain":0.0,"max_hp_loss":0.0,"gold_gain":50.0,"event_name":"Golden Shrine","player_choice":"Pray","floor":3.0,"gold_loss":0.0,"damage_taken":0.0},{"damage_healed":0.0,"max_hp_gain":5.0,"max_hp_loss":0.0,"gold_gain":0.0,"event_name":"Forgotten Altar","player_choice":"Shed Blood","floor":19.0,"gold_loss":0.0,"damage_taken":27.0},{"damage_healed":0.0,"max_hp_gain":0.0,"max_hp_loss":0.0,"gold_gain":0.0,"event_name":"Cursed Tome","player_choice":"Ignored","floor":20.0,"gold_loss":0.0,"damage_taken":0.0},{"damage_healed":0.0,"max_hp_gain":0.0,"max_hp_loss":25.0,"gold_gain":0.0,"event_name":"Vampires","player_choice":"Became a vampire","floor":24.0,"gold_loss":0.0,"damage_taken":0.0,"cards_obtained":["Bite","Bite","Bite","Bite","Bite"]}],"is_beta":false,"boss_relics":[{"not_picked":["Snecko Eye","Busted Crown"],"picked":"Pandora\u0027s Box"}],"items_purged_floors":[],"is_endless":false,"potions_floor_spawned":[1,5,14,18],"killed_by":"Book of Stabbing","ascension_level":20}}