{"host":"njruw0b0uprlitpx","time":1608743583,"event":{"mods":["2.2 Compatiblity","Astrologer","BaseMod","Better Altar","Better Match","Better Note","Better Sensory Stone","Better Skull","Better Third Choice","BetterRewards","Block Reminder","Colored Map","Colored Powertips","Ekko","Gremlin Mod","Hermit","Jedi Mod","Keyboard Shortcuts","Minty Spire (QoL Compilation)","Quick Restart","Relic Stats","Replay The Spire","SacredBarkPlus","Spicy Shops","StSLib","SuperFastMode","The Construct","The Cursed","The Marked","The Mystic","The Necromancer","The Spell Scribe"],"gold_per_floor":[109,284,337,348,362,395,395,425,425,425,438,33,63,63,63,159,159,177,19,19,33,46,62,92,107,107,107,107],"floor_reached":27,"playtime":1114,"items_purged":["Doubt"],"score":449,"play_id":"13a65b9e-172c-4f00-98fd-c1c2310fcb01","local_time":"20201223111303","is_ascension_mode":true,"campfire_choices":[{"floor":10,"key":"REST"},{"floor":15,"key":"REST"}],"circlet_count":0,"master_deck":["theMarked:Strike","theMarked:Strike","theMarked:Strike","theMarked:Strike","theMarked:Strike","theMarked:Defend","theMarked:Defend","theMarked:Defend","theMarked:Defend","theMarked:SoldierOfQuellstein","theMarked:MagicAdept","theMarked:MaelstromOfLightning","theMarked:Static","theMarked:Reabsorb","theMarked:Challenge+1","theMarked:ChainLightning","theMarked:SuspiciousRaven+1","theMarked:CreepingChasm","theMarked:KeepCalmAndFightOn","theMarked:ComboAttacks","theMarked:SwordAndMagic","theMarked:Parkour","theMarked:FavorableWinds","theMarked:Electrocute","theMarked:EternalStudent","theMarked:EternalStudent","theMarked:ReduceFriction","theMarked:SwordAndMagic","theMarked:Electrify","theMarked:Overcharge","theMarked:TakeOffHeels"],"relics":["theMarked:ArtifactOfAir","theMarked:VonisonLock","jedi:crownofsimplicity","Replay:Mystery Machine","Replay:Bottled Snecko","jedi:purplefairy","Replay:Kaleidoscope","PreservedInsect","StrikeDummy","Guide Book","Replay:WaspNest","The Courier","Philosopher\u0027s Stone","Pear","Replay:Rubber Ducky","Matryoshka"],"acts_visited":["Exordium","TheCity"],"potions_floor_usage":[13,16,16,21,25,27],"damage_taken":[{"damage":0,"enemies":"2 Louse","floor":1,"turns":2},{"damage":5,"enemies":"Jaw Worm","floor":4,"turns":2},{"damage":0,"enemies":"Small Slimes","floor":5,"turns":2},{"damage":12,"enemies":"Lagavulin","floor":6,"turns":6},{"damage":20,"enemies":"3 Sentries","floor":8,"turns":4},{"damage":5,"enemies":"Gremlin Gang","floor":11,"turns":2},{"damage":0,"enemies":"Replay:BlueRogue","floor":13,"turns":2},{"damage":0,"enemies":"Slime Boss","floor":16,"turns":6},{"damage":0,"enemies":"Spheric Guardian","floor":18,"turns":3},{"damage":30,"enemies":"2 Thieves","floor":21,"turns":3},{"damage":8,"enemies":"Centurion and Healer","floor":22,"turns":3},{"damage":0,"enemies":"Snake Plant","floor":23,"turns":2},{"damage":30,"enemies":"Gremlin Leader","floor":24,"turns":4},{"damage":8,"enemies":"Shelled Parasite and Fungi","floor":25,"turns":3},{"damage":20,"enemies":"Centurion and Healer","floor":27,"turns":2}],"seed_played":"-1987530266284722994","potions_obtained":[{"floor":4,"key":"Weak Potion"},{"floor":8,"key":"PowerPotion"},{"floor":16,"key":"Swift Potion"},{"floor":22,"key":"Strength Potion"},{"floor":24,"key":"ColorlessPotion"},{"floor":25,"key":"SpeedPotion"}],"is_trial":false,"path_per_floor":["M","?","?","M","M","E","T","E","T","R","M","$","E","?","R","B",null,"M","$","T","M","M","M","E","M","T","M"],"character_chosen":"THE_DEFAULT","items_purchased":["theMarked:MagicAdept","theMarked:MaelstromOfLightning","jedi:crownofsimplicity","Replay:Mystery Machine","theMarked:ComboAttacks","theMarked:SwordAndMagic","Guide Book","SkillPotion","theMarked:EternalStudent","theMarked:ReduceFriction"],"campfire_rested":2,"item_purchase_floors":[0,0,0,0,12,12,12,12,19,19],"current_hp_per_floor":[70,70,70,65,65,53,53,33,33,54,49,49,49,49,70,70,70,70,70,80,50,42,42,12,4,4,0,0],"gold":107,"neow_bonus":"","is_daily":false,"chose_seed":false,"campfire_upgraded":0,"win_rate":0.0,"timestamp":1608743583,"path_taken":["M","?","?","M","?","E","?","E","T","R","M","$","E","?","R","BOSS","M","$","?","M","?","?","E","M","T","M"],"items_purchased_type":["Card","Card","Relic","Relic","Card","Card","Relic","Potion","Card","Card"],"build_version":"2020-12-22","purchased_purges":1,"victory":false,"max_hp_per_floor":[70,70,70,70,70,70,70,70,70,70,70,70,70,70,70,70,70,70,70,80,80,80,80,80,80,80,80,80],"relic_stats":{"counters":[38,121],"PreservedInsect":67,"obtain_stats":[{"theMarked:SpiritSword":34,"Bottled Tornado":43,"Replay:Mystery Machine":0,"Replay:Rubber Ducky":24,"Chameleon Ring":7,"Matryoshka":26,"Philosopher\u0027s Stone":17,"theMarked:VonisonLock":24,"Kunai":26,"Replay:Bottled Snecko":3,"Toxic Egg 2":39,"theMarked:NailFile":41,"BargainBundle":24,"theMarked:Gun":14,"Pear":20,"Golden Idol":2,"Guide Book":13,"jedi:purplefairy":6,"PreservedInsect":8,"Replay:WaspNest":13,"The Courier":14,"jedi:crownofsimplicity":0,"Replay:Kaleidoscope":7,"theMarked:ArtifactOfAir":0,"Onion Ring":11,"ReplayTheSpireMod:TigerMarble":45,"Grinning Jar":9,"ReplayTheSpireMod:DimensionalGlitch":0,"StrikeDummy":6,"Abe\u0027s Treasure":17},{"theMarked:SpiritSword":14,"Bottled Tornado":17,"Replay:Mystery Machine":23,"Replay:Rubber Ducky":36,"Chameleon Ring":3,"Matryoshka":37,"Philosopher\u0027s Stone":31,"theMarked:VonisonLock":10,"Kunai":10,"Replay:Bottled Snecko":24,"Toxic Egg 2":16,"theMarked:NailFile":17,"BargainBundle":10,"theMarked:Gun":6,"Pear":32,"Golden Idol":1,"Guide Book":5,"jedi:purplefairy":27,"PreservedInsect":28,"Replay:WaspNest":30,"The Courier":30,"jedi:crownofsimplicity":23,"Replay:Kaleidoscope":27,"theMarked:ArtifactOfAir":0,"Onion Ring":4,"ReplayTheSpireMod:TigerMarble":19,"Grinning Jar":3,"ReplayTheSpireMod:DimensionalGlitch":0,"StrikeDummy":2,"Abe\u0027s Treasure":7},{"theMarked:SpiritSword":43,"Bottled Tornado":53,"Replay:Mystery Machine":75,"Replay:Rubber Ducky":116,"Chameleon Ring":14,"Matryoshka":119,"Philosopher\u0027s Stone":101,"theMarked:VonisonLock":30,"Kunai":30,"Replay:Bottled Snecko":77,"Toxic Egg 2":47,"theMarked:NailFile":53,"BargainBundle":30,"theMarked:Gun":19,"Pear":104,"Golden Idol":3,"Guide Book":17,"jedi:purplefairy":87,"PreservedInsect":91,"Replay:WaspNest":95,"The Courier":95,"jedi:crownofsimplicity":75,"Replay:Kaleidoscope":87,"theMarked:ArtifactOfAir":0,"Onion Ring":16,"ReplayTheSpireMod:TigerMarble":58,"Grinning Jar":14,"ReplayTheSpireMod:DimensionalGlitch":0,"StrikeDummy":9,"Abe\u0027s Treasure":23}]},"card_choices":[{"not_picked":["theMarked:MaelstromOfLightning","theMarked:BanishingStrike"],"picked":"theMarked:Static","floor":1},{"not_picked":["theMarked:DeterminationOfTheMarked","theMarked:TwofoldDefense"],"picked":"theMarked:Reabsorb","floor":3},{"not_picked":["theMarked:Parkour","theMarked:WastefulAttack"],"picked":"theMarked:Challenge","floor":3},{"not_picked":["theMarked:LightningStrikesTwice","theMarked:BanishingStrike"],"picked":"theMarked:ChainLightning","floor":4},{"not_picked":["theMarked:MysticalArsenal","theMarked:HeightenedSenses"],"picked":"theMarked:SuspiciousRaven","floor":5},{"not_picked":["theMarked:ChainLightning","theMarked:MagicAdept"],"picked":"theMarked:CreepingChasm","floor":6},{"not_picked":["theMarked:Convert","theMarked:MaelstromOfLightning"],"picked":"theMarked:KeepCalmAndFightOn","floor":8},{"not_picked":["theMarked:BanishingStrike","theMarked:Frustration","theMarked:WastefulAttack"],"picked":"SKIP","floor":11},{"not_picked":["theMarked:ChannelForce","theMarked:BanishingStrike"],"picked":"theMarked:Parkour","floor":13},{"not_picked":["theMarked:ThrowWeapon","theMarked:ChannelForce"],"picked":"theMarked:FavorableWinds","floor":16},{"not_picked":["theMarked:MysticalArsenal","theMarked:Static"],"picked":"theMarked:Electrocute","floor":18},{"not_picked":["theMarked:ElectricStrings","theMarked:RepellingDischarge"],"picked":"theMarked:SwordAndMagic","floor":21},{"not_picked":["theMarked:LightningStrikesTwice","theMarked:DeterminationOfTheMarked+1"],"picked":"theMarked:Electrify","floor":22},{"not_picked":["theMarked:RogueSparks","theMarked:Improvise"],"picked":"theMarked:Overcharge","floor":23},{"not_picked":["theMarked:ElectricStrings","theMarked:Improvise","theMarked:ChainLightning"],"picked":"SKIP","floor":24},{"not_picked":["theMarked:TakeCover","theMarked:CreepingChasm"],"picked":"theMarked:TakeOffHeels","floor":25}],"player_experience":1761744,"relics_obtained":[{"floor":3,"key":"Replay:Bottled Snecko"},{"floor":6,"key":"jedi:purplefairy"},{"floor":7,"key":"Replay:Kaleidoscope"},{"floor":8,"key":"PreservedInsect"},{"floor":9,"key":"StrikeDummy"},{"floor":13,"key":"Replay:WaspNest"},{"floor":14,"key":"The Courier"},{"floor":20,"key":"Pear"},{"floor":24,"key":"Replay:Rubber Ducky"},{"floor":26,"key":"Matryoshka"}],"event_choices":[{"damage_healed":0,"gold_gain":175,"player_choice":"AGREE","damage_taken":109,"max_hp_gain":0,"max_hp_loss":0,"event_name":"betterThird:BetterSerpent","floor":2,"gold_loss":0},{"damage_healed":0,"gold_gain":0,"player_choice":"Relic","damage_taken":0,"max_hp_gain":0,"max_hp_loss":0,"event_name":"Wheel of Change","floor":14,"gold_loss":0}],"is_beta":false,"boss_relics":[{"not_picked":["jedi:battlestandard","Ectoplasm"],"picked":"Philosopher\u0027s Stone"}],"items_purged_floors":[12],"is_endless":false,"potions_floor_spawned":[4,8,16,22,24,25],"killed_by":"Centurion and Healer","ascension_level":1}}