{"host":"zzf13dk0jcen0ncv","time":1608709581,"event":{"mods":["AchievementEnabler","BaseMod","BetterRewards","Colored Map","Keyboard Shortcuts","Minty Spire (QoL Compilation)","Quick Restart","Shop Mod","StSLib","SuperFastMode","Waifu the Spire"],"gold_per_floor":[118,137,137,212,212,212,225,256,256,284,298,328,343,361,361,432,482,499,3,20,39,52,52,77,88,99,145,145,155,155,155,155,155,234,234,252,267,292,292,309,309,338,338,338,22,22,50,62,37,37,37,37,37,37,37,37,37],"floor_reached":56,"playtime":2103,"items_purged":["Strike_G","Strike_G"],"score":3198,"play_id":"691cf7bb-fff1-4a09-9111-4f9c454cc06e","local_time":"20201223164621","is_ascension_mode":true,"campfire_choices":[{"data":"Skewer","floor":6,"key":"SMITH"},{"data":"Reflex","floor":15,"key":"SMITH"},{"data":"Panacea","floor":28,"key":"SMITH"},{"data":"Malaise","floor":31,"key":"SMITH"},{"data":"Catalyst","floor":33,"key":"SMITH"},{"floor":41,"key":"RECALL"},{"data":"Entrench","floor":43,"key":"SMITH"},{"data":"Collect","floor":46,"key":"SMITH"},{"data":"Tactician","floor":50,"key":"SMITH"},{"data":"Go for the Eyes","floor":54,"key":"SMITH"}],"circlet_count":0,"master_deck":["AscendersBane","Defend_G+1","Defend_G","Defend_G","Defend_G","Survivor","Neutralize","Footwork+1","Reflex+1","Mayhem+1","Trip","Skewer+1","Caltrops+1","Master of Strategy","Escape Plan","Sadistic Nature+1","Well Laid Plans+1","Panacea+1","Footwork+1","Glass Knife","Blur","Bouncing Flask","Concentrate","All Out Attack","Infinite Blades+1","Corpse Explosion","Blur","Setup","Choke","Malaise+1","Blur","Flechettes","Entrench+1","Wraith Form v2+1","Collect+1","Go for the Eyes+1","Phantasmal Killer","Catalyst+1","DevaForm+1","Noxious Fumes+1","PanicButton+1","Panacea+1","Tactician+1","Master of Strategy","Fusion+1","Backflip"],"relics":["Ring of the Snake","Frozen Egg 2","TungstenRod","Strange Spoon","Mummified Hand","ClockworkSouvenir","Ice Cream","Snake Skull","Chemical X","MealTicket","Shuriken","Orichalcum","TwistedFunnel","TheAbacus","Bottled Tornado","Meat on the Bone","Matryoshka","Torii","Tiny House","Toy Ornithopter","Happy Flower","PrismaticShard","Kunai","Smiling Mask","Tiny Chest","Snecko Eye","Peace Pipe","Bag of Preparation","Regal Pillow","Eternal Feather","Membership Card","Ancient Tea Set"],"acts_visited":["Exordium","TheCity","TheBeyond","TheEnding"],"potions_floor_usage":[36,47,47,47,47],"damage_taken":[{"damage":0,"enemies":"Jaw Worm","floor":1,"turns":2},{"damage":0,"enemies":"Small Slimes","floor":2,"turns":2},{"damage":0,"enemies":"Cultist","floor":7,"turns":1},{"damage":0,"enemies":"3 Sentries","floor":8,"turns":3},{"damage":0,"enemies":"Lagavulin","floor":10,"turns":2},{"damage":0,"enemies":"2 Fungi Beasts","floor":11,"turns":2},{"damage":0,"enemies":"Gremlin Nob","floor":12,"turns":3},{"damage":0,"enemies":"3 Louse","floor":13,"turns":2},{"damage":0,"enemies":"Red Slaver","floor":14,"turns":1},{"damage":0,"enemies":"The Guardian","floor":16,"turns":5},{"damage":14,"enemies":"Shell Parasite","floor":18,"turns":4},{"damage":0,"enemies":"3 Byrds","floor":20,"turns":4},{"damage":0,"enemies":"Snake Plant","floor":21,"turns":3},{"damage":0,"enemies":"Centurion and Healer","floor":22,"turns":3},{"damage":0,"enemies":"Book of Stabbing","floor":24,"turns":2},{"damage":0,"enemies":"Sentry and Sphere","floor":25,"turns":5},{"damage":14,"enemies":"Snake Plant","floor":26,"turns":3},{"damage":0,"enemies":"Snecko","floor":29,"turns":3},{"damage":0,"enemies":"Champ","floor":34,"turns":8},{"damage":20,"enemies":"3 Darklings","floor":36,"turns":3},{"damage":0,"enemies":"Orb Walker","floor":37,"turns":2},{"damage":0,"enemies":"Mind Bloom Boss Battle","floor":38,"turns":4},{"damage":0,"enemies":"Spire Growth","floor":40,"turns":3},{"damage":0,"enemies":"Giant Head","floor":42,"turns":5},{"damage":54,"enemies":"Reptomancer","floor":47,"turns":5},{"damage":0,"enemies":"Jaw Worm Horde","floor":48,"turns":3},{"damage":0,"enemies":"Awakened One","floor":51,"turns":8},{"damage":51,"enemies":"Time Eater","floor":52,"turns":6},{"damage":79,"enemies":"Shield and Spear","floor":56,"turns":3}],"seed_played":"4991132162588921774","potions_obtained":[{"floor":2,"key":"BlessingOfTheForge"},{"floor":7,"key":"LiquidBronze"},{"floor":11,"key":"LiquidBronze"},{"floor":18,"key":"EntropicBrew"},{"floor":24,"key":"Regen Potion"},{"floor":36,"key":"LiquidBronze"}],"is_trial":false,"path_per_floor":["M","M","?","?","?","R","M","E","T","E","M","E","M","M","R","B",null,"M","$","M","M","M","?","E","M","M","T","R","M","?","R","?","R","B",null,"M","M","?","T","M","R","E","R","T","$","R","E","M","$","R","B","B",null,"R","$","E"],"character_chosen":"THE_SILENT","items_purchased":["Frozen Egg 2","TungstenRod","Strange Spoon","Footwork+1","Mummified Hand","ClockworkSouvenir","Reflex","Ice Cream","Snake Skull","Chemical X","Mayhem+1","Trip","Skewer","Caltrops+1","MealTicket","Master of Strategy","Escape Plan","Shuriken","Sadistic Nature+1","Orichalcum","Well Laid Plans+1","Panacea","TwistedFunnel","Footwork+1","Glass Knife","Blur","TheAbacus","Toy Ornithopter","Happy Flower","PrismaticShard","Membership Card","Tactician","Master of Strategy","Backflip"],"campfire_rested":0,"item_purchase_floors":[0,0,0,0,0,0,0,0,0,0,0,0,0,0,0,0,0,0,0,0,0,0,0,0,0,0,0,19,19,19,45,45,45,49],"current_hp_per_floor":[59,59,59,49,49,49,49,49,49,49,49,49,49,49,49,49,67,53,68,68,68,68,68,68,68,54,54,54,54,54,54,54,54,54,67,55,55,55,55,55,55,55,55,55,70,71,29,41,56,71,71,32,61,71,71,0,0],"gold":37,"neow_bonus":"","is_daily":false,"chose_seed":false,"campfire_upgraded":9,"win_rate":0.0,"timestamp":1608709581,"path_taken":["M","M","?","?","?","R","M","E","T","E","M","E","M","M","R","BOSS","M","$","M","M","M","?","E","M","M","T","R","M","?","R","?","R","BOSS","M","M","?","?","M","R","E","R","T","$","R","E","M","$","R","BOSS","BOSS","R","$","E"],"items_purchased_type":["Relic","Relic","Relic","Card","Relic","Relic","Card","Relic","Relic","Relic","Card","Card","Card","Card","Relic","Card","Card","Relic","Card","Relic","Card","Card","Relic","Card","Card","Card","Relic","Relic","Relic","Relic","Relic","Card","Card","Card"],"build_version":"2020-12-22","purchased_purges":2,"victory":false,"max_hp_per_floor":[66,66,66,66,66,66,66,66,66,66,66,66,66,66,66,66,71,71,71,71,71,71,71,71,71,71,71,71,71,71,71,71,71,71,71,71,71,71,71,71,71,71,71,71,71,71,71,71,71,71,71,71,71,71,71,71,71],"card_choices":[{"not_picked":["Quick Slash","Sucker Punch"],"picked":"Bouncing Flask","floor":1},{"not_picked":["Flying Knee","Eviscerate","Quick Slash"],"picked":"SKIP","floor":2},{"not_picked":["Riddle With Holes","Dash"],"picked":"All Out Attack","floor":7},{"not_picked":["Dagger Throw","Blade Dance"],"picked":"Infinite Blades+1","floor":8},{"not_picked":["Dagger Throw","Bane"],"picked":"Corpse Explosion","floor":10},{"not_picked":["Choke","Outmaneuver"],"picked":"Blur","floor":11},{"not_picked":["Bouncing Flask","Flying Knee"],"picked":"Setup","floor":12},{"not_picked":["Acrobatics","Dodge and Roll"],"picked":"Choke","floor":13},{"not_picked":["Quick Slash","Dodge and Roll","Deadly Poison"],"picked":"SKIP","floor":14},{"not_picked":["Storm of Steel","A Thousand Cuts+1"],"picked":"Malaise","floor":16},{"not_picked":["Deflect","Dodge and Roll"],"picked":"Blur","floor":17},{"not_picked":["Cloak And Dagger","Dagger Throw"],"picked":"Flechettes","floor":18},{"not_picked":["MentalFortress+1","Choke"],"picked":"Entrench","floor":20},{"not_picked":["CutThroughFate","Prostrate+1"],"picked":"Wraith Form v2+1","floor":21},{"not_picked":["SashWhip","Armaments","Weave+1"],"picked":"SKIP","floor":22},{"not_picked":["SandsOfTime","Discovery","Adaptation+1"],"picked":"SKIP","floor":24},{"not_picked":["Dodge and Roll","Dark Shackles"],"picked":"Collect","floor":25},{"not_picked":["Anger","Barrage","ThirdEye"],"picked":"SKIP","floor":26},{"not_picked":["ClearTheMind","Cloak And Dagger"],"picked":"Go for the Eyes","floor":29},{"not_picked":["Glass Knife","Brilliance"],"picked":"DevaForm+1","floor":34},{"not_picked":["Protect","Perfected Strike+1","Consecrate"],"picked":"SKIP","floor":36},{"not_picked":["Perfected Strike","Tantrum","Heavy Blade"],"picked":"SKIP","floor":37},{"not_picked":["Prepared","Cleave"],"picked":"Noxious Fumes+1","floor":38},{"not_picked":["Armaments","Burning Pact"],"picked":"PanicButton+1","floor":40},{"not_picked":["Shrug It Off","PathToVictory"],"picked":"Panacea+1","floor":42},{"not_picked":["Poisoned Stab+1","Turbo"],"picked":"Fusion+1","floor":47},{"not_picked":["Sever Soul+1","Halt+1","Thunder Strike"],"picked":"SKIP","floor":48}],"player_experience":909112,"relics_obtained":[{"floor":8,"key":"Bottled Tornado"},{"floor":9,"key":"Meat on the Bone"},{"floor":10,"key":"Matryoshka"},{"floor":12,"key":"Torii"},{"floor":24,"key":"Kunai"},{"floor":27,"key":"Smiling Mask"},{"floor":27,"key":"Tiny Chest"},{"floor":38,"key":"Peace Pipe"},{"floor":39,"key":"Bag of Preparation"},{"floor":42,"key":"Regal Pillow"},{"floor":44,"key":"Eternal Feather"},{"floor":47,"key":"Ancient Tea Set"}],"event_choices":[{"damage_healed":0,"gold_gain":0,"player_choice":"Ignored","damage_taken":0,"max_hp_gain":0,"max_hp_loss":0,"event_name":"Liars Game","floor":3,"gold_loss":0},{"damage_healed":0,"gold_gain":75,"player_choice":"Gather Gold","damage_taken":11,"max_hp_gain":0,"max_hp_loss":0,"event_name":"World of Goop","floor":4,"gold_loss":0},{"damage_healed":0,"gold_gain":0,"cards_transformed":["Strike_G"],"player_choice":"Transformed","damage_taken":0,"max_hp_gain":0,"max_hp_loss":0,"event_name":"Transmorgrifier","floor":5,"gold_loss":0,"cards_obtained":["Concentrate"]},{"damage_healed":0,"gold_gain":0,"player_choice":"Ignored","damage_taken":0,"max_hp_gain":0,"max_hp_loss":0,"event_name":"The Mausoleum","floor":23,"gold_loss":0},{"cards_removed":["Strike_G"],"damage_healed":0,"gold_gain":0,"player_choice":"Elegance","damage_taken":0,"max_hp_gain":0,"max_hp_loss":0,"event_name":"Back to Basics","floor":30,"gold_loss":0},{"damage_healed":0,"gold_gain":0,"cards_transformed":["Strike_G","Defend_G"],"player_choice":"Became Test Subject","damage_taken":0,"max_hp_gain":0,"max_hp_loss":0,"event_name":"Drug Dealer","floor":32,"gold_loss":0,"cards_obtained":["Phantasmal Killer","Catalyst"]},{"damage_healed":0,"gold_gain":0,"player_choice":"Fight","damage_taken":0,"max_hp_gain":0,"max_hp_loss":0,"event_name":"MindBloom","floor":38,"gold_loss":0}],"is_beta":false,"boss_relics":[{"not_picked":["Philosopher\u0027s Stone","SlaversCollar"],"picked":"Tiny House"},{"not_picked":["Calling Bell","Pandora\u0027s Box"],"picked":"Snecko Eye"}],"items_purged_floors":[0,0],"is_endless":false,"potions_floor_spawned":[2,7,11,14,16,18,21,24,26,29,36,38,40],"killed_by":"Shield and Spear","ascension_level":20}}