{"host":"qxeepl7ydvsgmfdb","time":1608745767,"event":{"mods":["AchievementEnabler","BaseMod","Colored Powertips","Minty Spire (QoL Compilation)","Quick Restart","slay the spire mod where everything is the same but ironclad has a cowboy hat"],"gold_per_floor":[111,125,125,125,138,149,160,175,202,202,202,30,42,56,56,159,159,177,191,206,206,231,231,231,231,231,11,11,31,31,47,47,47,47],"floor_reached":33,"playtime":2376,"items_purged":[],"score":266,"play_id":"a561d5c9-8a57-4370-a9c5-0df1ee27e3fa","local_time":"20201223124927","is_ascension_mode":false,"campfire_choices":[{"data":"Bloodletting","floor":11.0,"key":"SMITH"},{"floor":15.0,"key":"REST"},{"floor":23.0,"key":"REST"},{"data":"Searing Blow","floor":32.0,"key":"SMITH"}],"circlet_count":0,"master_deck":["Bash","Apotheosis+1","Clash","Armaments","Bloodletting+1","Dual Wield+1","Thunderclap","Clash","Transmutation","Infernal Blade","Demon Form","Inflame","Feel No Pain","Inflame","Disarm","Thunderclap","Evolve","Ghostly Armor","Rampage","Flex","Carnage","Body Slam","Sever Soul","RitualDagger","Seeing Red","Searing Blow+1"],"relics":["Burning Blood","Boot","Red Skull","Pandora\u0027s Box","PreservedInsect","Mango","Vajra"],"acts_visited":["Exordium","TheCity"],"potions_floor_usage":[],"damage_taken":[{"damage":0.0,"enemies":"2 Louse","floor":1.0,"turns":5.0},{"damage":3.0,"enemies":"Jaw Worm","floor":2.0,"turns":3.0},{"damage":0.0,"enemies":"Cultist","floor":5.0,"turns":3.0},{"damage":6.0,"enemies":"Blue Slaver","floor":6.0,"turns":5.0},{"damage":3.0,"enemies":"Lots of Slimes","floor":7.0,"turns":2.0},{"damage":15.0,"enemies":"2 Fungi Beasts","floor":8.0,"turns":3.0},{"damage":23.0,"enemies":"Exordium Wildlife","floor":13.0,"turns":4.0},{"damage":13.0,"enemies":"Looter","floor":14.0,"turns":2.0},{"damage":9.0,"enemies":"Slime Boss","floor":16.0,"turns":8.0},{"damage":3.0,"enemies":"Shell Parasite","floor":18.0,"turns":1.0},{"damage":11.0,"enemies":"Spheric Guardian","floor":19.0,"turns":4.0},{"damage":26.0,"enemies":"Shelled Parasite and Fungi","floor":20.0,"turns":6.0},{"damage":10.0,"enemies":"Sentry and Sphere","floor":29.0,"turns":3.0},{"damage":20.0,"enemies":"Chosen and Byrds","floor":31.0,"turns":6.0},{"damage":63,"enemies":"Champ","floor":33,"turns":7}],"seed_played":"-2702227256717998288","potions_obtained":[{"floor":1.0,"key":"AttackPotion"},{"floor":5.0,"key":"Fire Potion"},{"floor":7.0,"key":"Strength Potion"},{"floor":8.0,"key":"BlessingOfTheForge"},{"floor":16.0,"key":"PowerPotion"},{"floor":19.0,"key":"Swift Potion"},{"floor":29.0,"key":"Fruit Juice"}],"is_trial":false,"path_per_floor":["M","M","?","?","M","M","M","M","T","?","R","$","M","M","R","B",null,"M","M","M","?","T","R","?","?","T","$","?","M","?","M","R","B"],"character_chosen":"IRONCLAD","items_purchased":["Transmutation","Sever Soul","Vajra"],"campfire_rested":2,"item_purchase_floors":[12,27,27],"current_hp_per_floor":[72,72,69,69,72,72,72,63,63,63,63,63,46,39,60,57,72,72,67,47,47,47,68,68,55,69,69,63,64,64,50,50,0,0],"gold":47,"neow_bonus":"RANDOM_COLORLESS_2","is_daily":false,"chose_seed":false,"campfire_upgraded":2,"win_rate":0.0,"timestamp":1608745767,"path_taken":["M","M","?","?","M","M","?","M","T","?","R","$","M","M","R","BOSS","M","M","?","?","?","R","?","?","T","$","?","?","?","M","R","BOSS"],"items_purchased_type":["Card","Card","Relic"],"build_version":"2020-12-22","purchased_purges":0,"victory":false,"max_hp_per_floor":[72,72,72,72,72,72,72,72,72,72,72,72,72,72,72,72,72,72,72,72,72,72,72,72,77,91,91,91,96,96,96,96,96,96],"card_choices":[{"not_picked":["Chrysalis","Secret Weapon"],"picked":"Apotheosis","floor":0.0},{"not_picked":["Hemokinesis","Uppercut"],"picked":"Clash","floor":1.0},{"not_picked":["Seeing Red","Combust"],"picked":"Armaments","floor":2.0},{"not_picked":["Cleave","Heavy Blade"],"picked":"Bloodletting","floor":5.0},{"not_picked":["Sentinel","True Grit"],"picked":"Dual Wield","floor":6.0},{"not_picked":["Carnage","Twin Strike"],"picked":"Thunderclap","floor":7.0},{"not_picked":["Perfected Strike","Iron Wave"],"picked":"Clash","floor":8.0},{"not_picked":["Armaments","Feel No Pain"],"picked":"Perfected Strike","floor":13.0},{"not_picked":["Clothesline","Havoc"],"picked":"Infernal Blade","floor":14.0},{"not_picked":["Bludgeon","Corruption"],"picked":"Demon Form","floor":16.0},{"not_picked":["Perfected Strike","Wild Strike"],"picked":"Rampage","floor":18.0},{"not_picked":["Warcry+1","Sword Boomerang"],"picked":"Flex","floor":19.0},{"not_picked":["Shrug It Off","Headbutt","Warcry"],"picked":"SKIP","floor":20.0},{"not_picked":["Thunderclap","Twin Strike"],"picked":"Seeing Red","floor":29.0},{"not_picked":["Seeing Red+1","Spot Weakness+1"],"picked":"Searing Blow","floor":31.0}],"player_experience":344586,"relics_obtained":[{"floor":9.0,"key":"Red Skull"},{"floor":22.0,"key":"PreservedInsect"},{"floor":26.0,"key":"Mango"}],"event_choices":[{"damage_healed":0.0,"max_hp_gain":0.0,"max_hp_loss":0.0,"gold_gain":0.0,"event_name":"Scrap Ooze","player_choice":"Success","floor":3.0,"gold_loss":0.0,"damage_taken":3.0,"relics_obtained":["Boot"]},{"damage_healed":0.0,"max_hp_gain":0.0,"max_hp_loss":0.0,"gold_gain":0.0,"event_name":"Upgrade Shrine","player_choice":"Upgraded","floor":4.0,"gold_loss":0.0,"damage_taken":0.0,"cards_upgraded":["Apotheosis"]},{"damage_healed":0.0,"max_hp_gain":0.0,"max_hp_loss":0.0,"gold_gain":0.0,"event_name":"Accursed Blacksmith","player_choice":"Forge","floor":10.0,"gold_loss":0.0,"damage_taken":0.0,"cards_upgraded":["Dual Wield"]},{"damage_healed":0.0,"max_hp_gain":0.0,"max_hp_loss":0.0,"gold_gain":0.0,"cards_transformed":["Burning Pact","Burning Pact"],"event_name":"Drug Dealer","player_choice":"Became Test Subject","floor":21.0,"gold_loss":0.0,"damage_taken":0.0,"cards_obtained":["Carnage","Body Slam"]},{"damage_healed":0.0,"max_hp_gain":0.0,"max_hp_loss":0.0,"gold_gain":0.0,"event_name":"Beggar","player_choice":"Ignored","floor":24.0,"gold_loss":0.0,"damage_taken":0.0},{"damage_healed":0.0,"max_hp_gain":5.0,"max_hp_loss":0.0,"gold_gain":0.0,"event_name":"Forgotten Altar","player_choice":"Shed Blood","floor":25.0,"gold_loss":0.0,"damage_taken":18.0},{"damage_healed":0.0,"max_hp_gain":0.0,"max_hp_loss":0.0,"gold_gain":0.0,"event_name":"Nest","player_choice":"Joined the Cult","floor":28.0,"gold_loss":0.0,"damage_taken":6.0,"cards_obtained":["RitualDagger"]},{"cards_removed":["Perfected Strike"],"damage_healed":0.0,"max_hp_gain":0.0,"max_hp_loss":0.0,"gold_gain":0.0,"event_name":"Back to Basics","player_choice":"Elegance","floor":30.0,"gold_loss":0.0,"damage_taken":0.0}],"is_beta":false,"boss_relics":[{"not_picked":["Snecko Eye","Runic Pyramid"],"picked":"Pandora\u0027s Box"}],"items_purged_floors":[],"is_endless":false,"potions_floor_spawned":[1,5,7,8,16,19,29],"killed_by":"Champ","ascension_level":0}}