{"host":"4tnjxquzd1sn7hrw","time":1608694799,"event":{"mods":["BaseMod","Colored Map","Downfall","Hubris","Minty Spire (QoL Compilation)","Quick Restart","StSLib"],"gold_per_floor":[99,116,116,133,308,308,308,326,346,346,27,41,69,91,121,133,133,133],"floor_reached":16,"playtime":1300,"items_purged":["champ:Strike"],"score":104,"play_id":"1d74f91d-f529-459b-af8c-94b59eac7f87","local_time":"20201223123959","is_ascension_mode":false,"campfire_choices":[{"data":"champ:Taunt","floor":1.0,"key":"SMITH"},{"data":"champ:FanOfKnives","floor":10,"key":"SMITH"}],"circlet_count":0,"master_deck":["champ:Strike","champ:Strike","champ:Defend","champ:Defend","champ:Defend","champ:Defend","champ:Execute","champ:Taunt+1","champ:FocusedGladiator","champ:GladiatorStyle","champ:Duel","Doubt","champ:IronFortress","champ:FanOfKnives+1","champ:EnragedBash","champ:BerserkersShout","champ:FlashCut","champ:HeartStrike","champ:BerserkerStyle","champ:Encircle","champ:RisingSlash","champ:GladiatorsShout","champ:AdrenalArmor"],"relics":["champ:ChampionCrown","hubris:OldNail","MawBank"],"acts_visited":["Exordium"],"potions_floor_usage":[13,16,16],"damage_taken":[{"damage":7.0,"enemies":"2 Louse","floor":2.0,"turns":3.0},{"damage":2.0,"enemies":"Cultist","floor":4.0,"turns":5.0},{"damage":6.0,"enemies":"Small Slimes","floor":8.0,"turns":4.0},{"damage":30.0,"enemies":"Exordium Thugs","floor":9.0,"turns":5.0},{"damage":0,"enemies":"downfall:FleeingMerchant","floor":11,"turns":4},{"damage":24,"enemies":"Large Slime","floor":12,"turns":6},{"damage":53,"enemies":"3 Sentries","floor":13,"turns":7},{"damage":16,"enemies":"2 Fungi Beasts","floor":14,"turns":2},{"damage":15,"enemies":"Blue Slaver","floor":15,"turns":3},{"damage":24,"enemies":"downfall:Silent","floor":16,"turns":4}],"seed_played":"-2227575375620553137","potions_obtained":[{"floor":2.0,"key":"champ:CounterPotion"},{"floor":6.0,"key":"downfall:CursedFountainPotion"},{"floor":8.0,"key":"PowerPotion"},{"floor":12,"key":"Ancient Potion"},{"floor":15,"key":"SkillPotion"}],"is_trial":false,"path_per_floor":["R","M","?","M","?","?","T","M","M","R","$","M","E","M","M","B"],"character_chosen":"THE_CHAMP","items_purchased":["champ:BerserkersShout","champ:FlashCut","champ:HeartStrike","champ:BerserkerStyle"],"campfire_rested":0,"item_purchase_floors":[11,11,11,11],"current_hp_per_floor":[99,97,97,95,95,95,95,94,74,74,74,69,43,34,24,0,0,0],"gold":133,"neow_bonus":"TEN_PERCENT_HP_BONUS","is_daily":false,"chose_seed":false,"campfire_upgraded":2,"win_rate":0.0,"timestamp":1608694799,"path_taken":["R","M","?","?","?","?","T","?","M","R","$","M","E","M","M","BOSS"],"items_purchased_type":["Card","Card","Card","Card"],"build_version":"2020-12-13","purchased_purges":1,"victory":false,"max_hp_per_floor":[99,99,99,99,99,99,99,99,99,99,99,99,99,99,99,99,99,99],"card_choices":[{"not_picked":["champ:PerfectedStrike","champ:Circumvent"],"picked":"champ:FocusedGladiator","floor":2.0},{"not_picked":["champ:FocusedBerserking","champ:SkillfulDodge"],"picked":"champ:Duel","floor":4.0},{"not_picked":["champ:FanOfKnives","champ:FocusedGladiator"],"picked":"champ:IronFortress","floor":8.0},{"not_picked":["champ:IronFortress","champ:DefensiveStyle"],"picked":"champ:FanOfKnives","floor":9},{"not_picked":["champ:ViciousMockery","champ:FightOn"],"picked":"champ:EnragedBash","floor":11},{"not_picked":["champ:FocusedDefense","champ:BringItOn"],"picked":"champ:Encircle","floor":12},{"not_picked":["champ:Devastate","champ:ViciousMockery"],"picked":"champ:RisingSlash","floor":13},{"not_picked":["champ:HeartStrike","champ:BladeFlurry"],"picked":"champ:GladiatorsShout","floor":14},{"not_picked":["champ:FanOfKnives","champ:PerfectedStrike"],"picked":"champ:AdrenalArmor","floor":15}],"player_experience":486559,"relics_obtained":[{"floor":7.0,"key":"hubris:OldNail"},{"floor":13,"key":"MawBank"}],"event_choices":[{"damage_healed":0.0,"max_hp_gain":0.0,"max_hp_loss":0.0,"gold_gain":0.0,"cards_transformed":["champ:Strike"],"event_name":"Transmorgrifier","player_choice":"Transformed","floor":3.0,"gold_loss":0.0,"damage_taken":0.0,"cards_obtained":["champ:GladiatorStyle"]}],"is_beta":false,"boss_relics":[],"items_purged_floors":[11],"is_endless":false,"potions_floor_spawned":[2,8,12,15],"killed_by":"downfall:Silent","ascension_level":0}}