{"host":"9dfaar78vv55a585","time":1608695741,"event":{"mods":["Aspiration","BaseMod","Better Third Choice","BetterRewards","Conspire","DeckTracker","Energized Spire","Glutton Mod","Halation","Hermit","Hubris","Infinite Spire","KinomotoSakuraMod(????)","LagranYue(???·?)","Marisa????????","Minty Spire (QoL Compilation)","Permanent Neow","Reimu??????","Remilia??????","Replay The Spire","Shop Mod","Spicy Shops","Spikes Relics","StSLib","SuperFastMode","The Cursed","The Juggle","Trackpad","vexMod"],"gold_per_floor":[11,24,0,11,30,30,30,45,72,84,84,96,113,133,133,133,133],"floor_reached":16,"playtime":465,"items_purged":[],"score":148,"play_id":"14b411a5-1967-4fd3-ad15-2970468027f6","local_time":"20201223035541","is_ascension_mode":false,"campfire_choices":[{"data":"ManaRampage","floor":6,"key":"SMITH"},{"data":"NonDirectionalLaser","floor":11,"key":"SMITH"},{"floor":15,"key":"REST"}],"circlet_count":0,"master_deck":["Strike_MRS","Strike_MRS","Strike_MRS","Strike_MRS","Defend_MRS","Defend_MRS","Defend_MRS","Defend_MRS","MasterSpark","UpSweep","ManaRampage+1","NonDirectionalLaser+1"],"relics":["MiniHakkero","LagranYue:RandomDrawCardRelic","infinitespire:Satchel"],"acts_visited":["Exordium"],"potions_floor_usage":[],"damage_taken":[{"damage":0,"enemies":"Cultist","floor":1,"turns":3},{"damage":0,"enemies":"Small Slimes","floor":2,"turns":1},{"damage":1,"enemies":"Jaw Worm","floor":4,"turns":2},{"damage":18,"enemies":"Exordium Wildlife","floor":5,"turns":4},{"damage":3,"enemies":"Looter","floor":8,"turns":3},{"damage":11,"enemies":"Gremlin Gang","floor":10,"turns":3},{"damage":9,"enemies":"3 Louse","floor":12,"turns":3},{"damage":3,"enemies":"Exordium Thugs","floor":13,"turns":2},{"damage":3,"enemies":"Exordium Wildlife","floor":14,"turns":2}],"seed_played":"-7729694261051349676","potions_obtained":[{"floor":1,"key":"Strength Potion"},{"floor":4,"key":"Strength Potion"},{"floor":10,"key":"BlessingOfTheForge"}],"is_trial":false,"path_per_floor":["M","M","?","M","M","R","?","M","T","M","R","M","M","M","R","B"],"character_chosen":"MARISA","items_purchased":[],"campfire_rested":1,"item_purchase_floors":[],"current_hp_per_floor":[75,75,75,74,56,56,56,53,53,42,42,33,30,27,49,0,0],"gold":133,"neow_bonus":"THREE_RARE_CARDS","is_daily":false,"chose_seed":false,"campfire_upgraded":2,"win_rate":0.0,"timestamp":1608695741,"path_taken":["M","?","?","M","M","R","?","M","T","M","R","?","M","M","R","BOSS"],"items_purchased_type":[],"build_version":"2020-12-13","purchased_purges":0,"victory":false,"max_hp_per_floor":[75,75,75,75,75,75,75,75,75,75,75,75,75,75,75,75,75],"card_choices":[{"not_picked":["SuperNova","BinaryStars"],"picked":"ManaRampage","floor":0},{"not_picked":["WitchLeyline","6A","IllusionStar"],"picked":"SKIP","floor":1},{"not_picked":["EventHorizon","PropBag","6A"],"picked":"SKIP","floor":2},{"not_picked":["RefractionSpark","LuminesStrike","ManaConvection"],"picked":"SKIP","floor":4},{"not_picked":["WitchOfGreed","6A"],"picked":"NonDirectionalLaser","floor":5},{"not_picked":["Acceleration","DeepEcoloBomb","GrandCross"],"picked":"SKIP","floor":8},{"not_picked":["GalacticHalo","MeteoricShower","EnergyFlow"],"picked":"SKIP","floor":10},{"not_picked":["MilkyWay","PulseMagic","GalacticHalo"],"picked":"SKIP","floor":12},{"not_picked":["Acceleration","Robbery","UnstableBomb"],"picked":"SKIP","floor":13},{"not_picked":["WitchOfGreed","DC","PulseMagic"],"picked":"SKIP","floor":14}],"player_experience":87744,"relics_obtained":[{"floor":9,"key":"infinitespire:Satchel"}],"event_choices":[{"damage_healed":0,"gold_gain":0,"player_choice":"Left","damage_taken":0,"max_hp_gain":0,"max_hp_loss":0,"event_name":"betterThird:BetterGoop","floor":3,"gold_loss":24},{"damage_healed":0,"gold_gain":0,"player_choice":"Disagree","damage_taken":0,"max_hp_gain":0,"max_hp_loss":0,"event_name":"conspire:LoneGhost","floor":7,"gold_loss":0}],"is_beta":false,"boss_relics":[],"items_purged_floors":[],"is_endless":false,"potions_floor_spawned":[1,4,10,13,14],"killed_by":"The Guardian","ascension_level":0}}