{"host":"gluah3fg3437e73p","time":1608721498,"event":{"mods":["AchievementEnabler","Act Like it!","BaseMod","Hallownest","Highlight Path","Minty Spire (QoL Compilation)","StSLib"],"gold_per_floor":[111,111,111,111,128,163,173,173,173,21,21,21,34,53,53,155,155,172,546,565,74,89,89,9,9,34,34,48,68,68,80,80,178,228,243,243,254,254,271,271,282,38,38,38,53,71,91,102,102,102,102,102,3,36,36,36],"floor_reached":55,"playtime":6225,"items_purged":["Hallownest:curseDreamersLament","Strike_P"],"score":723,"play_id":"b41dd2a7-01cc-4f4d-a353-288c8c05ed91","local_time":"20201223190458","is_ascension_mode":false,"campfire_choices":[{"floor":8.0,"key":"RECALL"},{"data":"Study","floor":12.0,"key":"SMITH"},{"floor":15.0,"key":"REST"},{"floor":23.0,"key":"REST"},{"floor":25.0,"key":"REST"},{"data":"Devotion","floor":27.0,"key":"SMITH"},{"floor":30.0,"key":"REST"},{"floor":32.0,"key":"REST"},{"floor":40.0,"key":"REST"},{"floor":49.0,"key":"REST"},{"data":"DevaForm","floor":52.0,"key":"SMITH"}],"circlet_count":0,"master_deck":["Strike_P","Strike_P","Strike_P","Defend_P","Defend_P","Defend_P","Vigilance","Vengeance","CarveReality","FollowUp","ThirdEye","Study+1","FollowUp","PathToVictory+1","Devotion+1","ThirdEye+1","Protect+1","Adaptation","Prostrate+1","Hallownest:skillCityofTearsMap","Worship+1","ConjureBlade","Consecrate+1","Devotion","CarveReality","Meditate","PathToVictory+1","PathToVictory+1","ThirdEye+1","Wallop+1","Perseverance+1","Prostrate","DevaForm+1","DeusExMachina","Evaluate+1"],"relics":["PureWater","NeowsBlessing","Hallownest:TeacherSealRelic","Hallownest:SalubrasBlessingRelic","Hallownest:DreamNailRelic","Philosopher\u0027s Stone","Toy Ornithopter","Happy Flower","Strange Spoon","Pen Nib","Tiny House","Hallownest:KingsIdolRelic","Strawberry","Mercury Hourglass","Mummified Hand"],"acts_visited":["Exordium","Hallownest:Greenpath","Hallownest:CityofTears","TheEnding"],"potions_floor_usage":[54,54],"damage_taken":[{"damage":0.0,"enemies":"Hallownest:monsterHuskGuard","floor":1.0,"turns":1.0},{"damage":1.0,"enemies":"Hallownest:monsterHuskWarrior","floor":5.0,"turns":1.0},{"damage":0.0,"enemies":"Hallownest:eliteCrystalGuardian","floor":6.0,"turns":1.0},{"damage":7.0,"enemies":"2_ Uuma","floor":7.0,"turns":3.0},{"damage":5.0,"enemies":"Hallownest:Guard_and_Warrior","floor":13.0,"turns":4.0},{"damage":2.0,"enemies":"Hallownest:monsterMossCharger","floor":14.0,"turns":5.0},{"damage":23.0,"enemies":"Hallownest:BossBrokenVessel","floor":16.0,"turns":6.0},{"damage":16.0,"enemies":"Hallownest:2_Mistakes","floor":18.0,"turns":4.0},{"damage":25.0,"enemies":"Hallownest:3_Youths","floor":20.0,"turns":6.0},{"damage":22.0,"enemies":"Hallownest:2_Husk_Sentries","floor":22.0,"turns":7.0},{"damage":14.0,"enemies":"Hallownest:Master_and_Novice","floor":28.0,"turns":4.0},{"damage":14.0,"enemies":"Hallownest:2_Flukemon","floor":29.0,"turns":6.0},{"damage":15.0,"enemies":"Hallownest:2_Husk_Sentries","floor":31.0,"turns":4.0},{"damage":4.0,"enemies":"Hallownest:BossSoulMaster","floor":33.0,"turns":8.0},{"damage":18.0,"enemies":"Hallownest:Shield_Heavy","floor":35.0,"turns":4.0},{"damage":31.0,"enemies":"Hallownest:3_Siblings","floor":37.0,"turns":4.0},{"damage":18.0,"enemies":"Hallownest:Shield_Sturdy","floor":39.0,"turns":4.0},{"damage":1.0,"enemies":"Hallownest:2_Great","floor":41.0,"turns":5.0},{"damage":38.0,"enemies":"Hallownest:Xero_Hu_Marmu","floor":45.0,"turns":5.0},{"damage":15.0,"enemies":"Hallownest:monsterPrimalAspid","floor":46.0,"turns":4.0},{"damage":0.0,"enemies":"Hallownest:2_Great","floor":47.0,"turns":5.0},{"damage":10.0,"enemies":"Hallownest:Xero_Hu_Marmu","floor":48.0,"turns":5.0},{"damage":50.0,"enemies":"Hallownest:Radiance","floor":50.0,"turns":7.0},{"damage":98,"enemies":"Shield and Spear","floor":54,"turns":7},{"damage":11,"enemies":"The Heart","floor":55,"turns":2}],"seed_played":"-8921379608049099910","potions_obtained":[{"floor":1.0,"key":"BottledMiracle"},{"floor":5.0,"key":"Swift Potion"},{"floor":6.0,"key":"FearPotion"},{"floor":28.0,"key":"Fire Potion"},{"floor":29.0,"key":"BottledMiracle"},{"floor":33.0,"key":"Swift Potion"},{"floor":34.0,"key":"GamblersBrew"},{"floor":37.0,"key":"StancePotion"},{"floor":46.0,"key":"FearPotion"},{"floor":47.0,"key":"Dexterity Potion"},{"floor":48.0,"key":"GamblersBrew"}],"is_trial":false,"path_per_floor":["M","?","?","?","M","E","M","R","T","$","$","R","?","M","R","B",null,"M","?","M","$","M","R","?","R","T","R","M","M","R","M","R","B",null,"M","?","M","?","M","R","M","$","T","?","M","M","M","M","R","B",null,"R","$","E","B"],"character_chosen":"WATCHER","items_purchased":["Study","Adaptation","Toy Ornithopter","Happy Flower","Strange Spoon","Strawberry","BlessingOfTheForge","Strength Potion"],"campfire_rested":7,"item_purchase_floors":[10,21,21,21,21,42,53,53],"current_hp_per_floor":[72,72,72,72,71,71,64,64,64,64,64,64,59,57,74,51,74,58,58,33,33,11,35,35,59,59,59,45,41,66,51,77,78,87,69,69,38,38,20,48,47,54,54,54,16,6,11,6,36,1,98,98,98,10,0,0],"gold":36,"neow_bonus":"THREE_ENEMY_KILL","is_daily":false,"chose_seed":false,"campfire_upgraded":3,"win_rate":0.0,"timestamp":1608721498,"path_taken":["M","?","?","?","M","E","M","R","T","?","$","R","?","M","R","BOSS","M","?","M","?","M","R","?","R","T","R","?","M","R","M","R","BOSS","M","?","M","?","M","R","M","?","T","?","M","M","M","M","R","BOSS","R","$","E","BOSS"],"items_purchased_type":["Card","Card","Relic","Relic","Relic","Relic","Potion","Potion"],"build_version":"2020-12-22","purchased_purges":2,"victory":false,"max_hp_per_floor":[72,72,72,72,72,72,72,72,72,72,72,72,72,72,74,74,74,74,74,74,74,74,76,76,78,78,78,78,78,80,80,82,82,87,87,87,87,87,87,89,89,96,96,96,96,96,96,96,98,98,98,98,98,98,98,98],"card_choices":[{"not_picked":["EmptyBody","Weave"],"picked":"Vengeance","floor":1.0},{"not_picked":["SashWhip","Crescendo"],"picked":"CarveReality","floor":5.0},{"not_picked":["EmptyFist","ClearTheMind"],"picked":"FollowUp","floor":6.0},{"not_picked":["Consecrate","BowlingBash"],"picked":"ThirdEye","floor":7.0},{"not_picked":["WheelKick","Protect"],"picked":"FollowUp","floor":13.0},{"not_picked":["Evaluate","Protect"],"picked":"PathToVictory","floor":14.0},{"not_picked":["Vault","Omniscience"],"picked":"Devotion","floor":16.0},{"not_picked":["Crescendo","CarveReality"],"picked":"ThirdEye+1","floor":18.0},{"not_picked":["Evaluate","CrushJoints"],"picked":"Protect+1","floor":20.0},{"not_picked":["ClearTheMind+1","WaveOfTheHand+1"],"picked":"Prostrate+1","floor":22.0},{"not_picked":["Pray","Sanctity"],"picked":"Worship+1","floor":28.0},{"not_picked":["ClearTheMind","JustLucky"],"picked":"ConjureBlade","floor":29.0},{"not_picked":["JustLucky","Crescendo"],"picked":"Consecrate+1","floor":31.0},{"not_picked":["Vault","Ragnarok"],"picked":"Devotion","floor":33.0},{"not_picked":["BowlingBash","WheelKick"],"picked":"CarveReality","floor":34.0},{"not_picked":["FlyingSleeves","CrushJoints"],"picked":"Meditate","floor":35.0},{"not_picked":["Sanctity","PathToVictory"],"picked":"ThirdEye+1","floor":37.0},{"not_picked":["SandsOfTime","ClearTheMind"],"picked":"Wallop+1","floor":39.0},{"not_picked":["Study+1","FlyingSleeves+1","Evaluate"],"picked":"SKIP","floor":41.0},{"not_picked":["EmptyFist","CrushJoints"],"picked":"Perseverance+1","floor":45.0},{"not_picked":["Protect","Meditate"],"picked":"Prostrate","floor":46.0},{"not_picked":["Prostrate","Halt+1"],"picked":"DevaForm","floor":47.0},{"not_picked":["Halt+1","EmptyFist+1"],"picked":"DeusExMachina","floor":48.0},{"not_picked":["FollowUp","Prostrate"],"picked":"Evaluate+1","floor":54}],"player_experience":69074,"relics_obtained":[{"floor":6.0,"key":"Meat on the Bone"},{"floor":26.0,"key":"Pen Nib"},{"floor":43.0,"key":"Mercury Hourglass"},{"floor":54,"key":"Mummified Hand"}],"event_choices":[],"is_beta":false,"boss_relics":[{"not_picked":["Fusion Hammer","Cursed Key"],"picked":"Philosopher\u0027s Stone"},{"not_picked":["Black Star","Runic Dome"],"picked":"Tiny House"}],"items_purged_floors":[10,42],"is_endless":false,"potions_floor_spawned":[1,5,6,7,28,29,33,37,46,47,48],"killed_by":"The Heart","ascension_level":0}}