{"host":"x8sop9v6zw8yitbt","time":1608764640,"event":{"mods":["BaseMod","Block Reminder","Colored Powertips","DeckTracker","Minty Spire (QoL Compilation)","Permanent Neow","Quick Restart","Relic Stats","Slay-I","StSLib"],"gold_per_floor":[117,132,82,157,172,203,203,228,253,253,279,279,279,292,292,292,292],"floor_reached":16,"playtime":369,"items_purged":[],"score":113,"play_id":"6be95069-7ec5-4299-9de8-df410f3d3303","local_time":"20201223180400","is_ascension_mode":true,"campfire_choices":[{"data":"Bouncing Flask","floor":7,"key":"SMITH"},{"floor":10,"key":"REST"},{"data":"Neutralize","floor":13,"key":"SMITH"},{"data":"Noxious Fumes","floor":15,"key":"SMITH"}],"circlet_count":0,"master_deck":["Strike_G","Strike_G","Strike_G","Defend_G+1","Defend_G+1","Defend_G","Defend_G","Defend_G","Survivor","Neutralize+1","Deadly Poison","Bouncing Flask+1","Noxious Fumes+1","Blur"],"relics":["Ring of the Snake","NeowsBlessing","Pen Nib","War Paint","Lantern","Odd Mushroom"],"acts_visited":["Exordium"],"potions_floor_usage":[8,16],"damage_taken":[{"damage":0,"enemies":"Small Slimes","floor":1,"turns":1},{"damage":0,"enemies":"Jaw Worm","floor":2,"turns":1},{"damage":0,"enemies":"2 Louse","floor":5,"turns":1},{"damage":13,"enemies":"Lagavulin","floor":6,"turns":6},{"damage":37,"enemies":"3 Sentries","floor":8,"turns":11},{"damage":8,"enemies":"The Mushroom Lair","floor":11,"turns":5},{"damage":7,"enemies":"Lots of Slimes","floor":14,"turns":5},{"damage":0,"enemies":"The Guardian","floor":16,"turns":2}],"seed_played":"-8469947199909726217","potions_obtained":[{"floor":2,"key":"SpeedPotion"},{"floor":6,"key":"SteroidPotion"},{"floor":14,"key":"SkillPotion"}],"is_trial":false,"path_per_floor":["M","M","?","?","M","E","R","E","T","R","?","?","R","M","R","B"],"character_chosen":"THE_SILENT","items_purchased":[],"campfire_rested":1,"item_purchase_floors":[],"current_hp_per_floor":[70,70,70,59,59,46,46,9,9,30,22,22,22,15,15,15,15],"gold":292,"neow_bonus":"THREE_ENEMY_KILL","is_daily":false,"chose_seed":false,"campfire_upgraded":3,"win_rate":0.0,"timestamp":1608764640,"path_taken":["M","M","?","?","?","E","R","E","T","R","?","?","R","M","R","BOSS"],"items_purchased_type":[],"build_version":"2020-12-22","purchased_purges":0,"victory":false,"max_hp_per_floor":[70,70,70,70,70,70,70,70,70,70,70,70,70,70,70,70,70],"relic_stats":{"counters":[8,32],"Pen Nib":[2],"War Paint":["Defend_G","Defend_G"],"obtain_stats":[{"Lantern":9,"NeowsBlessing":0,"Pen Nib":6,"War Paint":8,"Odd Mushroom":11,"Ring of the Snake":0},{"Lantern":5,"NeowsBlessing":0,"Pen Nib":4,"War Paint":5,"Odd Mushroom":6,"Ring of the Snake":0},{"Lantern":20,"NeowsBlessing":0,"Pen Nib":9,"War Paint":20,"Odd Mushroom":25,"Ring of the Snake":0}],"Ring of the Snake":[16]},"card_choices":[{"not_picked":["Heel Hook","Flying Knee"],"picked":"Deadly Poison","floor":1},{"not_picked":["Prepared","Flying Knee"],"picked":"Bouncing Flask","floor":2},{"not_picked":["Poisoned Stab","Prepared","Quick Slash"],"picked":"SKIP","floor":5},{"not_picked":["Die Die Die","Bane","Accuracy"],"picked":"SKIP","floor":6},{"not_picked":["Crippling Poison","Prepared"],"picked":"Noxious Fumes","floor":8},{"not_picked":["Prepared","Quick Slash"],"picked":"Blur","floor":14}],"player_experience":874539,"relics_obtained":[{"floor":6,"key":"Pen Nib"},{"floor":8,"key":"War Paint"},{"floor":9,"key":"Lantern"},{"floor":11,"key":"Odd Mushroom"}],"event_choices":[{"cards_removed":["Strike_G"],"damage_healed":0,"gold_gain":0,"player_choice":"Card Removal","damage_taken":0,"max_hp_gain":0,"max_hp_loss":0,"event_name":"The Cleric","floor":3,"gold_loss":50},{"damage_healed":0,"gold_gain":75,"player_choice":"Gather Gold","damage_taken":11,"max_hp_gain":0,"max_hp_loss":0,"event_name":"World of Goop","floor":4,"gold_loss":0},{"damage_healed":0,"gold_gain":0,"player_choice":"Fought Mushrooms","damage_taken":0,"max_hp_gain":0,"max_hp_loss":0,"event_name":"Mushrooms","floor":11,"gold_loss":0},{"cards_removed":["Strike_G"],"damage_healed":0,"gold_gain":0,"player_choice":"Offered Basic","damage_taken":0,"max_hp_gain":0,"max_hp_loss":0,"event_name":"Bonfire Elementals","floor":12,"gold_loss":0}],"is_beta":false,"boss_relics":[],"items_purged_floors":[],"is_endless":false,"potions_floor_spawned":[2,6,14],"killed_by":"The Guardian","ascension_level":1}}