{"host":"BK","time":1608686892,"event":{"mods":["BaseMod","Highlight Path","Minty Spire (QoL Compilation)","StSLib"],"gold_per_floor":[112,112,55,70,87,87,121,121,121,170,202,202,202,238,238,334,334,350,350,275,73,18,18,18],"floor_reached":23,"playtime":2523,"items_purged":["Strike_B"],"score":406,"play_id":"b13b384d-9174-4f32-acea-106b21916ee9","local_time":"20201222182812","is_ascension_mode":true,"campfire_choices":[{"data":"Sweeping Beam","floor":6.0,"key":"SMITH"},{"floor":8.0,"key":"REST"},{"floor":12.0,"key":"REST"},{"floor":15.0,"key":"REST"}],"circlet_count":0,"master_deck":["AscendersBane","Strike_B","Strike_B","Defend_B","Defend_B","Defend_B","Defend_B","Zap","Dualcast","Streamline+1","Conserve Battery","Sweeping Beam+1","Electrodynamics","Core Surge","Cold Snap","Capacitor"],"relics":["Cracked Core","Du-Vu Doll","Kunai","Darkstone Periapt","White Beast Statue","Golden Idol","DataDisk","Velvet Choker","MealTicket"],"acts_visited":["Exordium","TheCity"],"potions_floor_usage":[23,23],"damage_taken":[{"damage":10.0,"enemies":"Small Slimes","floor":1.0,"turns":3.0},{"damage":7.0,"enemies":"Jaw Worm","floor":4.0,"turns":3.0},{"damage":0.0,"enemies":"2 Louse","floor":5.0,"turns":2.0},{"damage":28.0,"enemies":"3 Sentries","floor":7.0,"turns":6.0},{"damage":17.0,"enemies":"Lagavulin","floor":11.0,"turns":6.0},{"damage":8.0,"enemies":"3 Sentries","floor":14.0,"turns":3.0},{"damage":21.0,"enemies":"Slime Boss","floor":16.0,"turns":6.0},{"damage":28.0,"enemies":"Shell Parasite","floor":18.0,"turns":4.0},{"damage":41,"enemies":"Book of Stabbing","floor":23,"turns":4}],"seed_played":"794563629857030670","potions_obtained":[{"floor":4.0,"key":"BlessingOfTheForge"},{"floor":11.0,"key":"AttackPotion"},{"floor":14.0,"key":"Explosive Potion"},{"floor":16.0,"key":"LiquidBronze"},{"floor":18.0,"key":"PowerPotion"}],"is_trial":false,"path_per_floor":["M","?","$","M","M","R","E","R","T","T","E","R","?","E","R","B",null,"M","?","?","$","?","E"],"character_chosen":"DEFECT","items_purchased":["FearPotion","Capacitor","Regen Potion"],"campfire_rested":3,"item_purchase_floors":[3,21,21],"current_hp_per_floor":[54,54,54,47,47,47,19,38,38,38,21,40,40,32,49,28,51,23,23,23,23,23,0,0],"gold":18,"neow_bonus":"ONE_RARE_RELIC","is_daily":false,"chose_seed":false,"campfire_upgraded":1,"win_rate":0.0,"timestamp":1608686892,"path_taken":["M","?","$","M","M","R","E","R","T","?","E","R","?","E","R","BOSS","M","?","?","$","?","E"],"items_purchased_type":["Potion","Card","Potion"],"build_version":"2020-12-18","purchased_purges":1,"victory":false,"max_hp_per_floor":[64,64,64,64,64,64,64,64,64,64,64,64,58,58,58,58,58,58,58,58,58,58,58,58],"card_choices":[{"not_picked":["Barrage","Stack"],"picked":"Streamline","floor":1.0},{"not_picked":["Heatsinks","Beam Cell"],"picked":"Conserve Battery","floor":4.0},{"not_picked":["Hologram","Rip and Tear"],"picked":"Sweeping Beam","floor":5.0},{"not_picked":["Chill","Capacitor"],"picked":"Electrodynamics","floor":7.0},{"not_picked":["Chill","Static Discharge","Tempest"],"picked":"SKIP","floor":11.0},{"not_picked":["Go for the Eyes","Recycle","Steam"],"picked":"SKIP","floor":14.0},{"not_picked":["Multi-Cast","Electrodynamics"],"picked":"Core Surge","floor":16.0},{"not_picked":["Streamline","Stack"],"picked":"Cold Snap","floor":18.0}],"player_experience":2394347,"relics_obtained":[{"floor":7.0,"key":"Kunai"},{"floor":9.0,"key":"Darkstone Periapt"},{"floor":11.0,"key":"White Beast Statue"},{"floor":14.0,"key":"DataDisk"}],"event_choices":[{"damage_healed":0.0,"max_hp_gain":0.0,"max_hp_loss":0.0,"gold_gain":0.0,"event_name":"Living Wall","player_choice":"Grow","floor":2.0,"gold_loss":0.0,"damage_taken":0.0,"cards_upgraded":["Streamline"]},{"damage_healed":0.0,"max_hp_gain":0.0,"max_hp_loss":6.0,"gold_gain":0.0,"event_name":"Golden Idol","player_choice":"Lose Max HP","floor":13.0,"gold_loss":0.0,"damage_taken":0.0,"relics_obtained":["Golden Idol"]},{"damage_healed":0.0,"max_hp_gain":0.0,"max_hp_loss":0.0,"gold_gain":0.0,"event_name":"The Mausoleum","player_choice":"Ignored","floor":19.0,"gold_loss":0.0,"damage_taken":0.0},{"cards_removed":["Strike_B"],"damage_healed":0.0,"max_hp_gain":0.0,"max_hp_loss":0.0,"gold_gain":0.0,"event_name":"Beggar","player_choice":"Gave Gold","floor":20.0,"gold_loss":75.0,"damage_taken":0.0},{"damage_healed":0.0,"max_hp_gain":0.0,"max_hp_loss":0.0,"gold_gain":0.0,"event_name":"WeMeetAgain","player_choice":"Paid Gold","floor":22.0,"gold_loss":55.0,"damage_taken":0.0,"relics_obtained":["MealTicket"]}],"is_beta":true,"boss_relics":[{"not_picked":["Runic Pyramid","Tiny House"],"picked":"Velvet Choker"}],"items_purged_floors":[21],"is_endless":false,"potions_floor_spawned":[4,5,11,14,16,18],"killed_by":"Book of Stabbing","ascension_level":20}}