{"host":"7v9t59ze4jbx2rzq","time":1608743007,"event":{"mods":["100% Spire Juice","Act Like it!","Arisen Slayers","BaseMod","Gensokyo","Highlight Path","Minty Spire (QoL Compilation)","QueenMod","Spicy Shops","StSLib","Wide Potions"],"gold_per_floor":[118,138,18,34,34,34,53,83,83,112,112,8,8,24,24,128,8,23,23,50,63,63,63,82,82,105,105,123,135,135,135,135,233,233,252,146,26,38,38,67,67,86,112,124,61,61,81,92,92,92,92,92,92,123,123,123],"floor_reached":55,"playtime":4433,"items_purged":["Moonworks:Strike"],"score":884,"play_id":"e7ecd81a-1351-47a5-a5ec-3745d89a2f8c","local_time":"20201223120327","is_ascension_mode":false,"campfire_choices":[{"data":"Moonworks:Flamethrower","floor":6,"key":"SMITH"},{"data":"Moonworks:MiracleWalker","floor":13,"key":"SMITH"},{"data":"Moonworks:Ambush","floor":15,"key":"SMITH"},{"data":"Moonworks:UnpaidWork","floor":23,"key":"SMITH"},{"data":"Moonworks:BackdoorTrade","floor":25,"key":"SMITH"},{"data":"Moonworks:Flamethrower","floor":30,"key":"SMITH"},{"data":"Moonworks:Flamethrower","floor":32,"key":"SMITH"},{"floor":41,"key":"RECALL"},{"floor":49,"key":"REST"},{"data":"1","floor":52,"key":"LIFT"}],"circlet_count":0,"master_deck":["Moonworks:Strike","Moonworks:Strike","Moonworks:Defend","Moonworks:Defend","Moonworks:Defend","Moonworks:Defend","Moonworks:Ambush+1","Moonworks:LongDistanceShot","Moonworks:Flamethrower+1","Moonworks:IndiscriminateFireSupport","Moonworks:TacticalRetreat","Moonworks:Flamethrower+1","Moonworks:Flamethrower+1","Moonworks:SakisCookie","Moonworks:MiracleWalker+1","Moonworks:NicePresent","Moonworks:Wanted","Moonworks:UnpaidWork+1","Moonworks:BackdoorTrade+1","Moonworks:NicePresent","Moonworks:AccelHyper","Moonworks:DeployBits+1","Moonworks:StiffCrystal+1","Moonworks:Flamethrower+1","Moonworks:NicePresent"],"relics":["Moonworks:BrokenBomb","Moonworks:Homemark","StoneCalendar","Girya","FossilizedHelix","SacredBark","Toy Ornithopter","Blood Vial","Gensokyo:ConquerorOfFear","Fusion Hammer","Letter Opener","MawBank","Mango","Bag of Marbles"],"acts_visited":["Exordium","Gensokyo:Gensokyo","Gensokyo:Gensokyoer","TheEnding"],"potions_floor_usage":[7,8,8,16,33,40,55,55],"damage_taken":[{"damage":1,"enemies":"Gensokyo:Python","floor":1,"turns":3},{"damage":6,"enemies":"Gensokyo:Gryphon","floor":2,"turns":4},{"damage":0,"enemies":"Gensokyo:3_Fairies","floor":4,"turns":3},{"damage":0,"enemies":"Gensokyo:3_Kodama","floor":7,"turns":1},{"damage":0,"enemies":"Gensokyo:Cirno","floor":8,"turns":4},{"damage":14,"enemies":"Gensokyo:Aya","floor":10,"turns":4},{"damage":0,"enemies":"Gensokyo:Python_and_Kodama","floor":12,"turns":3},{"damage":0,"enemies":"Gensokyo:Gryphon_and_Rabbit","floor":14,"turns":2},{"damage":0,"enemies":"Gensokyo:Reimu","floor":16,"turns":4},{"damage":0,"enemies":"Gensokyo:Chomper","floor":18,"turns":2},{"damage":0,"enemies":"Gensokyo:3_Dogs","floor":21,"turns":1},{"damage":0,"enemies":"Gensokyo:Chomper_and_Gloop","floor":24,"turns":3},{"damage":0,"enemies":"Gensokyo:Monolith_and_Dog","floor":28,"turns":3},{"damage":6,"enemies":"Gensokyo:Slime_Group","floor":29,"turns":3},{"damage":22,"enemies":"Gensokyo:Eiki","floor":33,"turns":11},{"damage":0,"enemies":"Gensokyo:3_Bats","floor":35,"turns":3},{"damage":0,"enemies":"Gensokyo:3_Boulders","floor":36,"turns":3},{"damage":0,"enemies":"Gensokyo:Rafflesia","floor":38,"turns":3},{"damage":0,"enemies":"Gensokyo:Doremy","floor":40,"turns":4},{"damage":0,"enemies":"Gensokyo:AtlasGolem","floor":42,"turns":2},{"damage":0,"enemies":"Gensokyo:Sharpion","floor":47,"turns":2},{"damage":0,"enemies":"Gensokyo:SeedOfUnknown","floor":48,"turns":2},{"damage":0,"enemies":"Gensokyo:Scarlet_Devils","floor":50,"turns":4},{"damage":10,"enemies":"Shield and Spear","floor":54,"turns":3},{"damage":90,"enemies":"The Heart","floor":55,"turns":8}],"seed_played":"3106282173979083195","potions_obtained":[{"floor":0,"key":"Explosive Potion"},{"floor":7,"key":"Explosive Potion"},{"floor":8,"key":"Fruit Juice"},{"floor":14,"key":"ColorlessPotion"},{"floor":18,"key":"Dexterity Potion"},{"floor":33,"key":"Block Potion"},{"floor":35,"key":"GamblersBrew"},{"floor":36,"key":"EssenceOfSteel"},{"floor":42,"key":"Block Potion"}],"is_trial":false,"path_per_floor":["M","M","?","M","?","R","M","E","T","E","?","M","R","M","R","B",null,"M","$","T","M","?","R","M","R","T","?","M","M","R","?","R","B",null,"M","M","$","M","?","E","R","M","T","?","$","?","M","M","R","B",null,"R","$","E","B"],"character_chosen":"THE_STARBREAKER","items_purchased":[],"campfire_rested":1,"item_purchase_floors":[],"current_hp_per_floor":[59,53,53,53,53,53,53,65,65,51,51,53,53,53,53,57,72,72,72,72,72,67,67,67,67,67,67,67,61,61,61,61,45,67,67,67,67,67,67,67,67,67,67,55,55,55,61,67,81,81,81,81,81,71,0,0],"gold":123,"neow_bonus":"THREE_SMALL_POTIONS","is_daily":false,"chose_seed":false,"campfire_upgraded":7,"win_rate":0.0,"timestamp":1608743007,"path_taken":["M","?","?","M","?","R","M","E","T","E","?","M","R","?","R","BOSS","M","$","?","M","?","R","M","R","T","?","?","M","R","?","R","BOSS","M","M","$","M","?","E","R","?","T","?","?","?","M","?","R","BOSS","R","$","E","BOSS"],"items_purchased_type":[],"build_version":"2020-12-22","purchased_purges":1,"victory":false,"max_hp_per_floor":[60,60,60,60,60,60,60,72,72,72,72,72,72,72,72,72,72,72,72,72,72,67,67,67,67,67,67,67,67,67,67,67,67,67,67,67,67,67,67,67,67,67,67,81,81,81,81,81,81,81,81,81,81,81,81,81],"card_choices":[{"not_picked":["Moonworks:TreasureThief","Moonworks:ScrambledEve"],"picked":"Moonworks:Flamethrower","floor":1},{"not_picked":["Moonworks:EvilSpyWorkPreparation","Moonworks:NicePresent"],"picked":"Moonworks:IndiscriminateFireSupport","floor":2},{"not_picked":["Moonworks:x16BigRocket","Moonworks:SakisCookie"],"picked":"Moonworks:TacticalRetreat","floor":4},{"not_picked":["Moonworks:FullSpeedAlicianrone","Moonworks:StiffCrystal"],"picked":"Moonworks:Flamethrower","floor":7},{"not_picked":["Moonworks:ForcedRevival","Moonworks:LulusLuckyEgg"],"picked":"Moonworks:Flamethrower","floor":8},{"not_picked":["Moonworks:ImOnFire","Moonworks:IndiscriminateFireSupport"],"picked":"Moonworks:SakisCookie","floor":10},{"not_picked":["Moonworks:BeyondHell","Moonworks:Assault"],"picked":"Moonworks:MiracleWalker","floor":12},{"not_picked":["Moonworks:Heat300Percent","Moonworks:Flamethrower"],"picked":"Moonworks:NicePresent","floor":14},{"not_picked":["Moonworks:HolyNight","Moonworks:MetallicMonocoque"],"picked":"Moonworks:Wanted","floor":16},{"not_picked":["Moonworks:CloudOfSeagulls","Moonworks:BigMagnum+1"],"picked":"Moonworks:LulusLuckyEgg","floor":18},{"not_picked":["Moonworks:IndiscriminateFireSupport+1","Moonworks:CloudOfSeagulls+1"],"picked":"Moonworks:UnpaidWork","floor":21},{"not_picked":["Moonworks:Flamethrower","Moonworks:TreasureThief+1"],"picked":"Moonworks:BackdoorTrade","floor":24},{"not_picked":["Moonworks:BackdoorTrade","Moonworks:MiracleRedBeanIceCream","Moonworks:IntelligenceOfficer"],"picked":"SKIP","floor":28},{"not_picked":["Moonworks:ImOnFire","Moonworks:Assault"],"picked":"Moonworks:NicePresent","floor":29},{"not_picked":["Moonworks:MetallicMonocoque","Moonworks:FinalBattle"],"picked":"Moonworks:AccelHyper","floor":33},{"not_picked":["Moonworks:ForcedRevival","Moonworks:Assault+1","Moonworks:CastOff+1"],"picked":"SKIP","floor":35},{"not_picked":["Moonworks:BigMagnum+1","Moonworks:BeyondHell"],"picked":"Moonworks:DeployBits+1","floor":36},{"not_picked":["Moonworks:ExtendedPhotonRifle","Moonworks:Heat300Percent"],"picked":"Moonworks:StiffCrystal+1","floor":38},{"not_picked":["Moonworks:BeyondHell+1","Moonworks:CloudOfSeagulls","Moonworks:LulusLuckyEgg+1"],"picked":"SKIP","floor":40},{"not_picked":["Moonworks:FullSpeedAlicianrone","Moonworks:Blazing"],"picked":"Moonworks:Flamethrower+1","floor":42},{"not_picked":["Moonworks:ImOnFire+1","Moonworks:IndiscriminateFireSupport+1","Moonworks:LulusLuckyEgg"],"picked":"SKIP","floor":47},{"not_picked":["Moonworks:IndiscriminateFireSupport+1","Moonworks:SakisCookie+1"],"picked":"Moonworks:NicePresent","floor":48},{"not_picked":["Moonworks:UnluckyCharm","Moonworks:CompletionReward","Moonworks:CookingTime"],"picked":"SKIP","floor":54}],"player_experience":2177584,"relics_obtained":[{"floor":8,"key":"StoneCalendar"},{"floor":9,"key":"Girya"},{"floor":10,"key":"FossilizedHelix"},{"floor":26,"key":"Blood Vial"},{"floor":33,"key":"Gensokyo:ConquerorOfFear"},{"floor":40,"key":"Letter Opener"},{"floor":43,"key":"MawBank"},{"floor":54,"key":"Bag of Marbles"}],"event_choices":[],"is_beta":false,"boss_relics":[{"not_picked":["Coffee Dripper","Cursed Key"],"picked":"SacredBark"},{"not_picked":["Empty Cage","Tiny House"],"picked":"Fusion Hammer"}],"items_purged_floors":[45],"is_endless":false,"potions_floor_spawned":[2,7,8,14,18,33,35,36,42],"killed_by":"The Heart","ascension_level":0}}