{"host":"hdafziggwnbzqpcb","time":1608688745,"event":{"mods":["BaseMod","Better Vampires","Colored Map","Colored Powertips","Curses Come First","GifTheSpireLib","Minty Spire (QoL Compilation)","Quick Restart","Rare Cards Sparkle","Relic Stats","Spicy Shops","StSLib","The Bug Knight","The Cursed","TheHero"],"gold_per_floor":[114,114,133,152,2,40,115,115,115,134,134,153,153,153,153,278,278,297,316,316,91,146,193,212,16,16,16,54,54,104,123,123,257,257,276,295,295,329,65,65,84,84,84,84,103,103,122,141,141,141],"floor_reached":51,"playtime":2409,"items_purged":["Anger","Headbutt","Jack Of All Trades"],"score":685,"play_id":"8101a0bc-cdf4-4bd2-a0aa-7599469e521a","local_time":"20201222175905","daily_mods":["SealedDeck","Colorless Cards","Night Terrors"],"is_ascension_mode":false,"campfire_choices":[{"data":"True Grit","floor":8.0,"key":"SMITH"},{"data":"Seeing Red","floor":11.0,"key":"SMITH"},{"data":"Whirlwind","floor":13.0,"key":"SMITH"},{"data":"Good Instincts","floor":15.0,"key":"SMITH"},{"data":"Exhume","floor":29.0,"key":"SMITH"},{"data":"Inflame","floor":32,"key":"SMITH"},{"data":"Limit Break","floor":40,"key":"SMITH"},{"data":"Warcry","floor":42,"key":"SMITH"},{"data":"Good Instincts","floor":44,"key":"SMITH"},{"data":"Clash","floor":49,"key":"SMITH"}],"circlet_count":0,"master_deck":["Headbutt+1","Seeing Red+1","Clash+1","Iron Wave+1","Good Instincts+1","Whirlwind+1","Good Instincts+1","Iron Wave+1","Exhume+1","Warcry+1","Shrug It Off+1","Inflame+1","Rampage+1","Limit Break+1","Bludgeon+1"],"relics":["Burning Blood","Golden Idol","Chemical X","Pantograph","Molten Egg 2","SacredBark","CeramicFish","Red Mask","Paper Frog","Bird Faced Urn","Pocketwatch","Empty Cage","Lantern","TungstenRod","Gambling Chip"],"acts_visited":["Exordium","TheCity","TheBeyond"],"potions_floor_usage":[35,50],"damage_taken":[{"damage":0.0,"enemies":"2 Louse","floor":1.0,"turns":1.0},{"damage":0.0,"enemies":"Jaw Worm","floor":3.0,"turns":4.0},{"damage":0.0,"enemies":"Small Slimes","floor":4.0,"turns":2.0},{"damage":14.0,"enemies":"HollowMod:MossKnight","floor":6.0,"turns":6.0},{"damage":0.0,"enemies":"2 Fungi Beasts","floor":10.0,"turns":3.0},{"damage":0.0,"enemies":"Lots of Slimes","floor":12.0,"turns":2.0},{"damage":6.0,"enemies":"The Guardian","floor":16.0,"turns":9.0},{"damage":0.0,"enemies":"Shell Parasite","floor":18.0,"turns":6.0},{"damage":9.0,"enemies":"Chosen","floor":19.0,"turns":6.0},{"damage":20.0,"enemies":"Masked Bandits","floor":22.0,"turns":4.0},{"damage":6.0,"enemies":"Slavers","floor":23.0,"turns":2.0},{"damage":0.0,"enemies":"Centurion and Healer","floor":24.0,"turns":2.0},{"damage":12.0,"enemies":"Book of Stabbing","floor":28.0,"turns":4.0},{"damage":1,"enemies":"Snake Plant","floor":31,"turns":3},{"damage":59,"enemies":"Champ","floor":33,"turns":8},{"damage":6,"enemies":"3 Shapes","floor":35,"turns":3},{"damage":2,"enemies":"Orb Walker","floor":36,"turns":2},{"damage":7,"enemies":"2 Orb Walkers","floor":38,"turns":2},{"damage":7,"enemies":"Sphere and 2 Shapes","floor":41,"turns":3},{"damage":16,"enemies":"Maw","floor":45,"turns":4},{"damage":0,"enemies":"Jaw Worm Horde","floor":47,"turns":1},{"damage":0,"enemies":"3 Darklings","floor":48,"turns":1},{"damage":28,"enemies":"Time Eater","floor":50,"turns":7}],"seed_played":"4926568582952100995","potions_obtained":[{"floor":1.0,"key":"EntropicBrew"},{"floor":3.0,"key":"Dexterity Potion"},{"floor":4.0,"key":"ColorlessPotion"},{"floor":10.0,"key":"DistilledChaos"},{"floor":19.0,"key":"GamblersBrew"},{"floor":22.0,"key":"LiquidMemories"},{"floor":23.0,"key":"BloodPotion"},{"floor":33,"key":"AttackPotion"},{"floor":41,"key":"HeartOfIron"}],"is_trial":false,"path_per_floor":["M","?","M","M","$","E","?","R","T","M","R","M","R","?","R","B",null,"M","M","?","$","?","E","M","$","T","?","E","R","?","M","R","B",null,"M","M","T","?","$","R","M","R","T","R","M","$","M","M","R","B",null],"character_chosen":"IRONCLAD","items_purchased":["Chemical X","CeramicFish","Inflame","Rampage+1","Bludgeon+1"],"campfire_rested":0,"item_purchase_floors":[5,21,25,25,39],"current_hp_per_floor":[80,60,66,72,72,64,53,53,53,59,59,65,65,49,49,74,80,80,77,77,77,63,63,69,69,69,53,49,49,49,56,56,27,80,80,80,80,79,79,79,79,79,79,79,70,70,78,80,80,58],"gold":141,"neow_bonus":"","is_daily":true,"chose_seed":false,"campfire_upgraded":10,"win_rate":0.0,"timestamp":1608688745,"path_taken":["M","?","M","M","$","E","?","R","T","M","R","M","R","?","R","BOSS","M","M","?","$","?","E","M","$","T","?","E","R","?","?","R","BOSS","M","M","?","?","$","R","M","R","T","R","M","$","?","M","R","BOSS"],"items_purchased_type":["Relic","Relic","Card","Card","Card"],"build_version":"2020-12-13","purchased_purges":3,"victory":true,"max_hp_per_floor":[80,80,80,80,80,80,80,80,80,80,80,80,80,80,80,80,80,80,80,80,80,80,80,80,80,80,80,80,80,80,80,80,80,80,80,80,80,80,80,80,80,80,80,80,80,80,80,80,80,80],"relic_stats":{"counters":[23,85],"Golden Idol":165,"Pantograph":49,"CeramicFish":45,"Bird Faced Urn":[12],"Gambling Chip":[7],"Chemical X":[33],"obtain_stats":[{"Lantern":37,"Golden Idol":2,"SacredBark":17,"CeramicFish":21,"Empty Cage":34,"Burning Blood":0,"Pantograph":6,"Bird Faced Urn":26,"Gambling Chip":43,"Molten Egg 2":9,"Red Mask":22,"Chemical X":5,"TungstenRod":38,"Paper Frog":23,"Pocketwatch":28},{"Lantern":17,"Golden Idol":1,"SacredBark":7,"CeramicFish":9,"Empty Cage":15,"Burning Blood":0,"Pantograph":4,"Bird Faced Urn":12,"Gambling Chip":19,"Molten Egg 2":4,"Red Mask":10,"Chemical X":3,"TungstenRod":18,"Paper Frog":11,"Pocketwatch":13},{"Lantern":67,"Golden Idol":1,"SacredBark":27,"CeramicFish":39,"Empty Cage":62,"Burning Blood":0,"Pantograph":13,"Bird Faced Urn":47,"Gambling Chip":72,"Molten Egg 2":13,"Red Mask":43,"Chemical X":7,"TungstenRod":69,"Paper Frog":45,"Pocketwatch":51}],"Burning Blood":114,"TungstenRod":7,"Pocketwatch":[12]},"card_choices":[{"not_picked":["PanicButton","Uppercut","Heavy Blade"],"picked":"SKIP","floor":1.0},{"not_picked":["Evolve","Wild Strike"],"picked":"Anger","floor":3.0},{"not_picked":["Uppercut","Anger","Sever Soul"],"picked":"SKIP","floor":4.0},{"not_picked":["Thunderclap","Flame Barrier"],"picked":"Good Instincts","floor":6.0},{"not_picked":["Warcry","Wild Strike+1","Pommel Strike+1"],"picked":"SKIP","floor":10.0},{"not_picked":["Twin Strike+1","Clothesline+1"],"picked":"Iron Wave+1","floor":12.0},{"not_picked":["Thinking Ahead","Chrysalis"],"picked":"Exhume","floor":16.0},{"not_picked":["Sword Boomerang+1","Cleave+1"],"picked":"Armaments","floor":18.0},{"not_picked":["Purity","Pommel Strike+1","Perfected Strike+1"],"picked":"SKIP","floor":19.0},{"not_picked":["Reaper+1","Cleave+1"],"picked":"Shrug It Off+1","floor":23.0},{"not_picked":["Clash+1","Intimidate+1","Armaments"],"picked":"SKIP","floor":24.0},{"not_picked":["Berserk","Evolve","Wild Strike+1"],"picked":"SKIP","floor":28.0},{"not_picked":["Sword Boomerang+1","Cleave+1","Good Instincts"],"picked":"SKIP","floor":31},{"not_picked":["Transmutation","Master of Strategy"],"picked":"Limit Break","floor":33},{"not_picked":["Metallicize+1","Body Slam+1","Twin Strike+1"],"picked":"SKIP","floor":35},{"not_picked":["Sword Boomerang+1","Twin Strike+1","Clothesline+1"],"picked":"SKIP","floor":36},{"not_picked":["Body Slam+1","Anger+1","Dropkick+1"],"picked":"SKIP","floor":41},{"not_picked":["Iron Wave+1","Warcry","Trip"],"picked":"SKIP","floor":45},{"not_picked":["Sword Boomerang+1","Chrysalis","Twin Strike+1"],"picked":"SKIP","floor":47},{"not_picked":["Forethought+1","Shrug It Off","Headbutt+1"],"picked":"SKIP","floor":48}],"player_experience":638243,"relics_obtained":[{"floor":6.0,"key":"Pantograph"},{"floor":9.0,"key":"Molten Egg 2"},{"floor":22.0,"key":"Red Mask"},{"floor":23.0,"key":"Paper Frog"},{"floor":26.0,"key":"Bird Faced Urn"},{"floor":28.0,"key":"Pocketwatch"},{"floor":37,"key":"Lantern"},{"floor":38,"key":"TungstenRod"},{"floor":43,"key":"Gambling Chip"}],"event_choices":[{"damage_healed":0.0,"max_hp_gain":0.0,"max_hp_loss":0.0,"gold_gain":0.0,"event_name":"Golden Idol","player_choice":"Take Damage","floor":2.0,"gold_loss":0.0,"damage_taken":20.0,"relics_obtained":["Golden Idol"]},{"damage_healed":0.0,"max_hp_gain":0.0,"max_hp_loss":0.0,"gold_gain":75.0,"event_name":"World of Goop","player_choice":"Gather Gold","floor":7.0,"gold_loss":0.0,"damage_taken":11.0},{"damage_healed":0.0,"max_hp_gain":0.0,"max_hp_loss":0.0,"gold_gain":0.0,"event_name":"Shining Light","player_choice":"Entered Light","floor":14.0,"gold_loss":0.0,"damage_taken":16.0,"cards_upgraded":["Iron Wave","Headbutt"]},{"damage_healed":0.0,"max_hp_gain":0.0,"max_hp_loss":0.0,"gold_gain":0.0,"cards_transformed":["True Grit","Sentinel"],"event_name":"Drug Dealer","player_choice":"Became Test Subject","floor":20.0,"gold_loss":0.0,"damage_taken":0.0,"cards_obtained":["Jack Of All Trades","Warcry"]},{"damage_healed":0.0,"max_hp_gain":0.0,"max_hp_loss":0.0,"gold_gain":0.0,"event_name":"Masked Bandits","player_choice":"Fought Bandits","floor":22.0,"gold_loss":0.0,"damage_taken":0.0},{"damage_healed":0.0,"max_hp_gain":0.0,"max_hp_loss":0.0,"gold_gain":0.0,"event_name":"Cursed Tome","player_choice":"Obtained Book","floor":27.0,"gold_loss":0.0,"damage_taken":16.0},{"damage_healed":0,"gold_gain":100,"player_choice":"Bet on Murderer","damage_taken":0,"max_hp_gain":0,"max_hp_loss":0,"event_name":"The Joust","floor":30,"gold_loss":50},{"damage_healed":0,"gold_gain":0,"player_choice":"Fight","damage_taken":0,"max_hp_gain":0,"max_hp_loss":0,"event_name":"Mysterious Sphere","floor":38,"gold_loss":0}],"is_beta":false,"boss_relics":[{"not_picked":["Fusion Hammer","Snecko Eye"],"picked":"SacredBark"},{"not_picked":["Runic Dome","Black Star"],"picked":"Empty Cage"}],"items_purged_floors":[21,25,39],"is_endless":false,"potions_floor_spawned":[1,3,4,10,19,22,23,33,41,45,48],"ascension_level":0}}