{"host":"07tcb8n8jdavk3gs","time":1608684019,"event":{"mods":["BaseMod","Colored Map","Hermit","Marisa????????","Minty Spire (QoL Compilation)","StSLib","The Animator","The Cursed","The Servant 0.9.4"],"gold_per_floor":[112,22,72,87,98,98,98],"floor_reached":6,"playtime":391,"items_purged":[],"score":63,"play_id":"da5a0d67-4b91-44fa-81c0-f7775176fc8c","local_time":"20201222184019","is_ascension_mode":true,"campfire_choices":[],"circlet_count":0,"master_deck":["AscendersBane","animator:Strike_GATE","animator:Defend_GATE","animator:Strike","animator:Strike","animator:Strike","animator:Defend","animator:Defend","animator:Defend","animator:TukaLunaMarceau","animator:Kuribayashi","animator:Eve","animator:SilverFang","animator:MetalKnight","animator:Benimaru","animator:Ciel","animator:RinTohsaka"],"relics":["animator:LivingPicture","animator:TheMissingPiece"],"acts_visited":["Exordium"],"potions_floor_usage":[],"damage_taken":[{"damage":6,"enemies":"Cultist","floor":1,"turns":3},{"damage":11,"enemies":"2 Louse","floor":4,"turns":4},{"damage":0,"enemies":"Small Slimes","floor":5,"turns":3},{"damage":12,"enemies":"3 Sentries","floor":6,"turns":4}],"seed_played":"7420273188306852260","potions_obtained":[{"floor":5,"key":"LiquidBronze"}],"is_trial":false,"path_per_floor":["M","$","?","M","M","E"],"character_chosen":"THE_ANIMATOR","items_purchased":["animator:MetalKnight","animator:Benimaru"],"campfire_rested":0,"item_purchase_floors":[2,2],"current_hp_per_floor":[33,33,33,22,22,10,10],"gold":98,"neow_bonus":"THREE_RARE_CARDS","is_daily":false,"chose_seed":false,"campfire_upgraded":0,"win_rate":0.0,"timestamp":1608684019,"path_taken":["M","$","?","?","M","E"],"items_purchased_type":["Card","Card"],"build_version":"2020-12-13","purchased_purges":0,"victory":false,"max_hp_per_floor":[60,60,60,60,60,60,60],"card_choices":[{"not_picked":["animator:ItamiYouji","animator:Elesis"],"picked":"animator:Eve","floor":0},{"not_picked":["animator:Hakurou","animator:CrowleyEusford"],"picked":"animator:SilverFang","floor":1},{"not_picked":["animator:Arpeggio","animator:Priestess"],"picked":"animator:Ciel","floor":4},{"not_picked":["animator:CowGirl","animator:Ara"],"picked":"animator:RinTohsaka","floor":5}],"player_experience":906968,"relics_obtained":[],"event_choices":[{"damage_healed":0,"gold_gain":50,"player_choice":"Pray","damage_taken":0,"max_hp_gain":0,"max_hp_loss":0,"event_name":"Golden Shrine","floor":3,"gold_loss":0}],"is_beta":false,"boss_relics":[],"items_purged_floors":[],"is_endless":false,"potions_floor_spawned":[5],"killed_by":"3 Sentries","ascension_level":15}}