{"host":"o7j6aatxjwpw1421","time":1608740184,"event":{"mods":["2.2 Compatiblity","BaseMod","Colored Map","DeckTracker","Highlight Path","Keyboard Shortcuts","Minty Spire (QoL Compilation)","Permanent Neow","Quick Restart","StSLib","SuperFastMode","everything is the same but u backflip on backflip"],"gold_per_floor":[112,128,146,221,221,221,239,265,265,265,150,100,100,24,24,24,24],"floor_reached":16,"playtime":440,"items_purged":["Strike_R"],"score":152,"play_id":"8785ff7d-01e8-4388-bd9f-7e5f81507e04","local_time":"20201224011624","is_ascension_mode":true,"campfire_choices":[{"floor":6.0,"key":"REST"},{"data":"Entrench","floor":10.0,"key":"SMITH"},{"data":"Evolve","floor":15.0,"key":"SMITH"}],"circlet_count":0,"master_deck":["AscendersBane","Strike_R","Strike_R+1","Defend_R","Defend_R","Defend_R+1","Defend_R","Bash","Entrench+1","Feed","Second Wind","Wild Strike","Evolve+1","Fire Breathing"],"relics":["Burning Blood","Juzu Bracelet","InkBottle","Girya"],"acts_visited":["Exordium"],"potions_floor_usage":[16],"damage_taken":[{"damage":9.0,"enemies":"2 Louse","floor":1.0,"turns":4.0},{"damage":11.0,"enemies":"Small Slimes","floor":2.0,"turns":6.0},{"damage":23.0,"enemies":"Jaw Worm","floor":3.0,"turns":4.0},{"damage":10.0,"enemies":"2 Fungi Beasts","floor":7.0,"turns":4.0},{"damage":12.0,"enemies":"Lagavulin","floor":8.0,"turns":5.0},{"damage":27,"enemies":"The Guardian","floor":16,"turns":6}],"seed_played":"1380292960541807358","potions_obtained":[{"floor":2.0,"key":"Strength Potion"},{"floor":3.0,"key":"SteroidPotion"},{"floor":8.0,"key":"ColorlessPotion"}],"is_trial":false,"path_per_floor":["M","M","M","?","?","R","M","E","T","R","$","?","?","$","R","B"],"character_chosen":"IRONCLAD","items_purchased":["Evolve","Fire Breathing"],"campfire_rested":1,"item_purchase_floors":[11,14],"current_hp_per_floor":[69,64,47,36,20,44,43,37,37,37,37,37,37,37,37,10,10],"gold":24,"neow_bonus":"RANDOM_COMMON_RELIC","is_daily":false,"chose_seed":false,"campfire_upgraded":2,"win_rate":0.0,"timestamp":1608740184,"path_taken":["M","M","M","?","?","R","M","E","T","R","$","?","?","$","R","BOSS"],"items_purchased_type":["Card","Card"],"build_version":"2020-12-22","purchased_purges":1,"victory":false,"max_hp_per_floor":[80,80,80,80,80,80,83,83,83,83,83,83,83,83,83,83,83],"card_choices":[{"not_picked":["Wild Strike","Feel No Pain"],"picked":"Entrench","floor":1.0},{"not_picked":["Blood for Blood","Iron Wave","Clash"],"picked":"SKIP","floor":2.0},{"not_picked":["Twin Strike","Anger"],"picked":"Feed","floor":3.0},{"not_picked":["Sword Boomerang","Body Slam"],"picked":"Second Wind","floor":7.0},{"not_picked":["Juggernaut","Thunderclap"],"picked":"Wild Strike","floor":8.0}],"player_experience":343681,"relics_obtained":[{"floor":8.0,"key":"InkBottle"},{"floor":9.0,"key":"Girya"}],"event_choices":[{"damage_healed":0.0,"max_hp_gain":0.0,"max_hp_loss":0.0,"gold_gain":75.0,"event_name":"World of Goop","player_choice":"Gather Gold","floor":4.0,"gold_loss":0.0,"damage_taken":11.0},{"damage_healed":0.0,"max_hp_gain":0.0,"max_hp_loss":0.0,"gold_gain":0.0,"event_name":"Shining Light","player_choice":"Entered Light","floor":5.0,"gold_loss":0.0,"damage_taken":16.0,"cards_upgraded":["Strike_R","Defend_R"]},{"cards_removed":["Strike_R"],"damage_healed":0.0,"max_hp_gain":0.0,"max_hp_loss":0.0,"gold_gain":0.0,"event_name":"The Cleric","player_choice":"Card Removal","floor":12.0,"gold_loss":50.0,"damage_taken":0.0},{"cards_removed":["Strike_R"],"damage_healed":0.0,"max_hp_gain":0.0,"max_hp_loss":0.0,"gold_gain":0.0,"event_name":"Living Wall","player_choice":"Forget","floor":13.0,"gold_loss":0.0,"damage_taken":0.0}],"is_beta":false,"boss_relics":[],"items_purged_floors":[11],"is_endless":false,"potions_floor_spawned":[2,3,8],"killed_by":"The Guardian","ascension_level":11}}