{"host":"684z1xpuwaoqmmh1","time":1608739776,"event":{"mods":["BaseMod","Downfall","Hermit","Jorbs\u0027s Wanderer Trilogy","Marisa????????","Minty Spire (QoL Compilation)","StSLib","The Hierophant","The Mystic"],"gold_per_floor":[99,110,110,67,85,85,109,109,109,109],"floor_reached":8,"playtime":306,"items_purged":[],"score":81,"play_id":"6190f9fe-2224-4a68-af3a-1fd507a2667b","local_time":"20201223180936","is_ascension_mode":true,"campfire_choices":[{"data":"champ:Taunt","floor":1,"key":"SMITH"}],"circlet_count":0,"master_deck":["AscendersBane","champ:Strike","champ:Strike","champ:Strike","champ:Defend","champ:Defend","champ:Defend","champ:Defend","champ:Execute","champ:Taunt+1","champ:CalledShot","champ:RecklessLeap","champ:GladiatorsShout","champ:GutPunch"],"relics":["champ:ChampionCrown","Guardian:GemstoneGun","Anchor","Ancient Tea Set"],"acts_visited":["Exordium"],"potions_floor_usage":[],"damage_taken":[{"damage":10,"enemies":"2 Louse","floor":2,"turns":4},{"damage":10,"enemies":"downfall:FleeingMerchant","floor":4,"turns":4},{"damage":10,"enemies":"Jaw Worm","floor":5,"turns":4},{"damage":66,"enemies":"3 Sentries","floor":8,"turns":7}],"seed_played":"-8825523182739376782","potions_obtained":[],"is_trial":false,"path_per_floor":["R","M","?","$","M","?","T","E"],"character_chosen":"THE_CHAMP","items_purchased":["champ:GladiatorsShout"],"campfire_rested":0,"item_purchase_floors":[4],"current_hp_per_floor":[73,73,62,62,62,62,62,0,0,0],"gold":109,"neow_bonus":"ONE_RARE_RELIC","is_daily":false,"chose_seed":false,"campfire_upgraded":1,"win_rate":0.0,"timestamp":1608739776,"path_taken":["R","M","?","$","M","?","T","E"],"items_purchased_type":["Card"],"build_version":"2020-12-22","purchased_purges":0,"victory":false,"max_hp_per_floor":[73,73,73,73,73,73,73,73,73,73],"card_choices":[{"not_picked":["champ:Circumvent","champ:PerfectedStrike"],"picked":"champ:CalledShot","floor":2},{"not_picked":["champ:BringItOn","champ:FlashCut"],"picked":"champ:RecklessLeap","floor":4},{"not_picked":["champ:StanceDance","champ:CrookedStrike"],"picked":"champ:GutPunch","floor":5}],"player_experience":2388968,"relics_obtained":[{"floor":7,"key":"Ancient Tea Set"}],"event_choices":[{"damage_healed":0,"gold_gain":0,"player_choice":"Success","damage_taken":11,"relics_obtained":["Anchor"],"max_hp_gain":0,"max_hp_loss":0,"event_name":"Scrap Ooze","floor":3,"gold_loss":0}],"is_beta":false,"boss_relics":[],"items_purged_floors":[],"is_endless":false,"potions_floor_spawned":[],"killed_by":"3 Sentries","ascension_level":17}}