{"host":"fne7yx97fnz7kq05","time":1608767483,"event":{"mods":["BaseMod","Colored Map","Colored Powertips","Highlight Path","Minty Spire (QoL Compilation)","Relic Stats"],"gold_per_floor":[113,15,26,101,101,127,127,158,181,181,248,266,291,317,317,417,467,480,492,31,31,47,47,82,82,106,125,4,4,37,52,52,147,147,158,169,69,79,3,34,34,52,52,62,62,62,81,97,97,97,97,97,15,45,45,45],"floor_reached":55,"playtime":2530,"items_purged":["Strike_G","Strike_G"],"score":1183,"play_id":"0dd64997-eff8-49b3-9cad-c6d121e63f3f","local_time":"20201223175123","is_ascension_mode":true,"campfire_choices":[{"data":"Dagger Spray","floor":7,"key":"SMITH"},{"data":"Terror","floor":10,"key":"SMITH"},{"data":"Footwork","floor":15,"key":"SMITH"},{"data":"1","floor":23,"key":"LIFT"},{"data":"2","floor":25,"key":"LIFT"},{"data":"3","floor":29,"key":"LIFT"},{"floor":32,"key":"REST"},{"floor":41,"key":"REST"},{"floor":46,"key":"RECALL"},{"floor":49,"key":"REST"},{"floor":52,"key":"REST"}],"circlet_count":0,"master_deck":["AscendersBane","Strike_G","Strike_G","Strike_G","Defend_G","Defend_G","Defend_G","Defend_G+1","Defend_G","Survivor","Neutralize","Backstab","Blade Dance+1","Dagger Spray+1","All Out Attack","Terror+1","Footwork+1","Corpse Explosion","Backflip","Footwork","Leg Sweep","Catalyst","Acrobatics","Accuracy","Noxious Fumes","Cloak And Dagger","Cloak And Dagger+1","Sucker Punch+1","Crippling Poison","Well Laid Plans","Noxious Fumes+1","Prepared+1","Acrobatics+1","Adrenaline","Bouncing Flask+1","Finesse","Backflip"],"relics":["Ring of the Snake","NeowsBlessing","Snake Skull","Meat on the Bone","Strawberry","Ancient Tea Set","Bag of Marbles","Tiny House","Girya","Toy Ornithopter","Regal Pillow","Omamori","Fusion Hammer","PreservedInsect","Gremlin Horn","Bronze Scales"],"acts_visited":["Exordium","TheCity","TheBeyond","TheEnding"],"potions_floor_usage":[8,13,19,24,30,33,38,40,50,55,55],"damage_taken":[{"damage":0,"enemies":"Small Slimes","floor":1,"turns":1},{"damage":0,"enemies":"Jaw Worm","floor":3,"turns":1},{"damage":0,"enemies":"3 Sentries","floor":6,"turns":1},{"damage":6,"enemies":"Gremlin Nob","floor":8,"turns":3},{"damage":0,"enemies":"2 Louse","floor":12,"turns":2},{"damage":5,"enemies":"Lagavulin","floor":13,"turns":6},{"damage":32,"enemies":"Slime Boss","floor":16,"turns":8},{"damage":13,"enemies":"Shell Parasite","floor":18,"turns":6},{"damage":4,"enemies":"Chosen","floor":19,"turns":4},{"damage":25,"enemies":"Snake Plant","floor":22,"turns":6},{"damage":20,"enemies":"Slavers","floor":24,"turns":2},{"damage":0,"enemies":"Cultist and Chosen","floor":27,"turns":3},{"damage":10,"enemies":"Book of Stabbing","floor":30,"turns":3},{"damage":1,"enemies":"Centurion and Healer","floor":31,"turns":3},{"damage":58,"enemies":"Automaton","floor":33,"turns":12},{"damage":0,"enemies":"3 Shapes","floor":35,"turns":8},{"damage":12,"enemies":"3 Darklings","floor":36,"turns":6},{"damage":16,"enemies":"Spire Growth","floor":38,"turns":5},{"damage":54,"enemies":"Reptomancer","floor":40,"turns":6},{"damage":27,"enemies":"Writhing Mass","floor":42,"turns":7},{"damage":16,"enemies":"Sphere and 2 Shapes","floor":44,"turns":4},{"damage":0,"enemies":"4 Shapes","floor":47,"turns":4},{"damage":0,"enemies":"Jaw Worm Horde","floor":48,"turns":2},{"damage":37,"enemies":"Donu and Deca","floor":50,"turns":6},{"damage":83,"enemies":"Shield and Spear","floor":54,"turns":4},{"damage":65,"enemies":"The Heart","floor":55,"turns":3}],"seed_played":"9021309875106072210","potions_obtained":[{"floor":1,"key":"Fruit Juice"},{"floor":8,"key":"SteroidPotion"},{"floor":16,"key":"EssenceOfSteel"},{"floor":17,"key":"Weak Potion"},{"floor":19,"key":"Strength Potion"},{"floor":27,"key":"EssenceOfSteel"},{"floor":30,"key":"Weak Potion"},{"floor":33,"key":"Strength Potion"},{"floor":36,"key":"SteroidPotion"},{"floor":40,"key":"Strength Potion"},{"floor":44,"key":"Poison Potion"},{"floor":47,"key":"SkillPotion"},{"floor":48,"key":"PowerPotion"}],"is_trial":false,"path_per_floor":["M","$","M","?","?","E","R","E","T","R","?","M","E","T","R","B",null,"M","M","$","?","M","R","E","R","T","M","$","R","E","M","R","B",null,"M","M","$","M","$","E","R","M","T","M","?","R","M","M","R","B",null,"R","$","E","B"],"character_chosen":"THE_SILENT","items_purchased":["Blade Dance","Fire Potion","Leg Sweep","Girya","Accuracy","Poison Potion","Well Laid Plans","Finesse"],"campfire_rested":4,"item_purchase_floors":[2,2,20,20,28,28,39,53],"current_hp_per_floor":[63,63,63,52,52,52,52,46,53,53,53,53,48,48,48,28,70,57,53,53,53,40,40,37,37,37,49,49,49,44,43,82,41,72,72,60,60,49,49,17,58,43,43,39,97,97,97,97,97,60,88,97,97,26,0,0],"gold":45,"neow_bonus":"THREE_ENEMY_KILL","is_daily":false,"chose_seed":false,"campfire_upgraded":3,"win_rate":0.0,"timestamp":1608767483,"path_taken":["M","$","M","?","?","E","R","E","T","R","?","M","E","?","R","BOSS","M","M","$","?","M","R","E","R","T","?","$","R","E","M","R","BOSS","M","?","?","M","$","E","R","M","T","M","?","R","M","M","R","BOSS","R","$","E","BOSS"],"items_purchased_type":["Card","Potion","Card","Relic","Card","Potion","Card","Card"],"build_version":"2020-12-22","purchased_purges":2,"victory":false,"max_hp_per_floor":[70,70,70,70,70,70,70,70,77,77,77,77,77,77,77,77,82,82,82,82,82,82,82,82,82,82,82,82,82,82,82,82,82,82,82,82,82,82,82,87,87,87,87,87,97,97,97,97,97,97,97,97,97,97,97,97],"relic_stats":{"Regal Pillow":30,"Gremlin Horn":[4,4],"counters":[26,116],"Bronze Scales":[45],"Snake Skull":[116],"PreservedInsect":77,"obtain_stats":[{"Girya":20,"Regal Pillow":24,"Tiny House":17,"NeowsBlessing":0,"Gremlin Horn":43,"Snake Skull":6,"PreservedInsect":40,"Omamori":30,"Ancient Tea Set":13,"Strawberry":9,"Bronze Scales":54,"Fusion Hammer":34,"Bag of Marbles":14,"Toy Ornithopter":21,"Ring of the Snake":0,"Meat on the Bone":8},{"Girya":9,"Regal Pillow":11,"Tiny House":7,"NeowsBlessing":0,"Gremlin Horn":20,"Snake Skull":3,"PreservedInsect":19,"Omamori":13,"Ancient Tea Set":6,"Strawberry":4,"Bronze Scales":25,"Fusion Hammer":15,"Bag of Marbles":6,"Toy Ornithopter":9,"Ring of the Snake":0,"Meat on the Bone":4},{"Girya":32,"Regal Pillow":40,"Tiny House":22,"NeowsBlessing":0,"Gremlin Horn":93,"Snake Skull":3,"PreservedInsect":86,"Omamori":46,"Ancient Tea Set":14,"Strawberry":6,"Bronze Scales":113,"Fusion Hammer":61,"Bag of Marbles":14,"Toy Ornithopter":32,"Ring of the Snake":0,"Meat on the Bone":6}],"Toy Ornithopter":35,"Ring of the Snake":[52],"Meat on the Bone":108},"card_choices":[{"not_picked":["Quick Slash","Distraction"],"picked":"Backstab","floor":1},{"not_picked":["Underhanded Strike","Acrobatics"],"picked":"Dagger Spray","floor":3},{"not_picked":["Caltrops","Distraction"],"picked":"All Out Attack","floor":6},{"not_picked":["Cloak And Dagger","Heel Hook"],"picked":"Terror","floor":8},{"not_picked":["Leg Sweep","PiercingWail"],"picked":"Footwork","floor":12},{"not_picked":["Reflex","Bullet Time","Tactician"],"picked":"SKIP","floor":13},{"not_picked":["Bullet Time","Doppelganger"],"picked":"Corpse Explosion","floor":16},{"not_picked":["Flying Knee","Dagger Spray+1"],"picked":"Backflip","floor":18},{"not_picked":["Skewer","Dagger Throw"],"picked":"Footwork","floor":19},{"not_picked":["Outmaneuver","Dagger Throw"],"picked":"Catalyst","floor":22},{"not_picked":["Footwork","Riddle With Holes+1"],"picked":"Acrobatics","floor":24},{"not_picked":["Eviscerate+1","Terror","Sucker Punch"],"picked":"SKIP","floor":27},{"not_picked":["Burst","Calculated Gamble"],"picked":"Noxious Fumes","floor":30},{"not_picked":["Bane","Leg Sweep"],"picked":"Cloak And Dagger","floor":31},{"not_picked":["Wraith Form v2","Bullet Time"],"picked":"Night Terror","floor":33},{"not_picked":["Backflip","Choke"],"picked":"Cloak And Dagger+1","floor":35},{"not_picked":["Backstab+1","Tactician+1"],"picked":"Sucker Punch+1","floor":36},{"not_picked":["Deflect","Doppelganger"],"picked":"Crippling Poison","floor":38},{"not_picked":["Prepared+1","Bane+1"],"picked":"Noxious Fumes+1","floor":40},{"not_picked":["Backflip","Deflect+1"],"picked":"Prepared+1","floor":42},{"not_picked":["Prepared+1","Reflex+1"],"picked":"Acrobatics+1","floor":44},{"not_picked":["Blade Dance","Sucker Punch"],"picked":"Adrenaline","floor":47},{"not_picked":["Blade Dance","Well Laid Plans"],"picked":"Bouncing Flask+1","floor":48},{"not_picked":["Bane","Noxious Fumes"],"picked":"Backflip","floor":54}],"player_experience":159250,"relics_obtained":[{"floor":6,"key":"Snake Skull"},{"floor":8,"key":"Meat on the Bone"},{"floor":9,"key":"Strawberry"},{"floor":13,"key":"Ancient Tea Set"},{"floor":14,"key":"Bag of Marbles"},{"floor":24,"key":"Regal Pillow"},{"floor":30,"key":"Omamori"},{"floor":40,"key":"PreservedInsect"},{"floor":43,"key":"Gremlin Horn"},{"floor":54,"key":"Bronze Scales"}],"event_choices":[{"damage_healed":0,"gold_gain":75,"player_choice":"Gather Gold","damage_taken":11,"max_hp_gain":0,"max_hp_loss":0,"event_name":"World of Goop","floor":4,"gold_loss":0},{"damage_healed":0,"gold_gain":0,"player_choice":"Grow","damage_taken":0,"max_hp_gain":0,"max_hp_loss":0,"event_name":"Living Wall","floor":5,"gold_loss":0,"cards_upgraded":["Blade Dance"]},{"damage_healed":0,"gold_gain":67,"player_choice":"Gained Gold","damage_taken":0,"max_hp_gain":0,"max_hp_loss":0,"event_name":"Golden Wing","floor":11,"gold_loss":0},{"damage_healed":0,"gold_gain":0,"player_choice":"Gave Potion","damage_taken":0,"relics_obtained":["Toy Ornithopter"],"max_hp_gain":0,"max_hp_loss":0,"event_name":"WeMeetAgain","floor":21,"gold_loss":0},{"cards_removed":["Night Terror"],"damage_healed":48,"gold_gain":0,"player_choice":"Offered Rare","damage_taken":0,"max_hp_gain":10,"max_hp_loss":0,"event_name":"Bonfire Elementals","floor":45,"gold_loss":0}],"is_beta":false,"boss_relics":[{"not_picked":["Snecko Eye","Velvet Choker"],"picked":"Tiny House"},{"not_picked":["Pandora\u0027s Box","HoveringKite"],"picked":"Fusion Hammer"}],"items_purged_floors":[20,37],"is_endless":false,"potions_floor_spawned":[1,8,16,19,27,30,33,36,40,44,47,48],"killed_by":"The Heart","ascension_level":10}}