{"host":"o7j6aatxjwpw1421","time":1608728038,"event":{"mods":["2.2 Compatiblity","BaseMod","Colored Map","DeckTracker","Highlight Path","Keyboard Shortcuts","Minty Spire (QoL Compilation)","Permanent Neow","Quick Restart","StSLib","SuperFastMode","everything is the same but u backflip on backflip"],"gold_per_floor":[116,116,132,155,105,105,136,155,155,233,247,266,291,27,27,158,158,181,181,204,229,229,263,263,282,354,398,6,46,66,66,66,185,185,206,219,219,219,238,274,293,293,319,334,25,69,69,84,84,84,84,84,6,44,44,44],"floor_reached":55,"playtime":3630,"items_purged":["Strike_B","Dualcast"],"score":948,"play_id":"eafc28cc-ca81-474f-b40e-b5c9a724c165","local_time":"20201223215358","is_ascension_mode":true,"campfire_choices":[{"data":"Gash","floor":6.0,"key":"SMITH"},{"data":"Gash","floor":15.0,"key":"SMITH"},{"data":"Gash","floor":24.0,"key":"SMITH"},{"data":"Self Repair","floor":32.0,"key":"SMITH"},{"data":"Buffer","floor":42.0,"key":"SMITH"},{"data":"Reprogram","floor":47.0,"key":"SMITH"},{"floor":49.0,"key":"RECALL"},{"data":"Beam Cell","floor":52.0,"key":"SMITH"}],"circlet_count":0,"master_deck":["Defend_B+1","Defend_B+1","Defend_B","Melter","Gash+1","Streamline","Self Repair+1","Sweeping Beam","Gash+1","Steam","Conserve Battery","Cold Snap","Go for the Eyes","Gash+1","Rebound","All For One","Beam Cell+1","Beam Cell+1","Gash+1","Glacier","Buffer+1","Coolheaded+1","Skim","Conserve Battery+1","Gash+1","All For One","Reprogram+1","Dark Shackles","Buffer"],"relics":["Cracked Core","Golden Idol","Gremlin Horn","The Courier","War Paint","Nuclear Battery","Eternal Feather","Bottled Flame","Prayer Wheel","Blue Candle","Kunai","HornCleat","SacredBark","InkBottle","Centennial Puzzle","HandDrill","Anchor","Toy Ornithopter"],"acts_visited":["Exordium","TheCity","TheBeyond","TheEnding"],"potions_floor_usage":[55,55],"damage_taken":[{"damage":4.0,"enemies":"Small Slimes","floor":1.0,"turns":2.0},{"damage":4.0,"enemies":"Jaw Worm","floor":3.0,"turns":3.0},{"damage":1.0,"enemies":"Cultist","floor":4.0,"turns":3.0},{"damage":28.0,"enemies":"Gremlin Nob","floor":7.0,"turns":4.0},{"damage":1.0,"enemies":"Exordium Thugs","floor":8.0,"turns":4.0},{"damage":5.0,"enemies":"Lots of Slimes","floor":11.0,"turns":2.0},{"damage":8.0,"enemies":"Red Slaver","floor":12.0,"turns":2.0},{"damage":0.0,"enemies":"Exordium Thugs","floor":13.0,"turns":2.0},{"damage":10.0,"enemies":"Hexaghost","floor":16.0,"turns":9.0},{"damage":0.0,"enemies":"Chosen","floor":18.0,"turns":3.0},{"damage":13.0,"enemies":"3 Byrds","floor":20.0,"turns":3.0},{"damage":22.0,"enemies":"Shelled Parasite and Fungi","floor":21.0,"turns":5.0},{"damage":0.0,"enemies":"Slavers","floor":23.0,"turns":4.0},{"damage":10.0,"enemies":"Centurion and Healer","floor":25.0,"turns":3.0},{"damage":0.0,"enemies":"Gremlin Leader","floor":27.0,"turns":3.0},{"damage":24.0,"enemies":"Slavers","floor":29.0,"turns":7.0},{"damage":10.0,"enemies":"Chosen and Byrds","floor":30.0,"turns":4.0},{"damage":18.0,"enemies":"Automaton","floor":33.0,"turns":7.0},{"damage":1.0,"enemies":"3 Darklings","floor":35.0,"turns":4.0},{"damage":3.0,"enemies":"Orb Walker","floor":36.0,"turns":3.0},{"damage":0.0,"enemies":"Spire Growth","floor":39.0,"turns":4.0},{"damage":8.0,"enemies":"Nemesis","floor":40.0,"turns":5.0},{"damage":6.0,"enemies":"3 Darklings","floor":41.0,"turns":4.0},{"damage":25.0,"enemies":"4 Shapes","floor":44.0,"turns":4.0},{"damage":0.0,"enemies":"Giant Head","floor":46.0,"turns":4.0},{"damage":0.0,"enemies":"Maw","floor":48.0,"turns":3.0},{"damage":10.0,"enemies":"Donu and Deca","floor":50.0,"turns":6.0},{"damage":11.0,"enemies":"Shield and Spear","floor":54.0,"turns":4.0},{"damage":73,"enemies":"The Heart","floor":55,"turns":8}],"seed_played":"1590032402947600167","potions_obtained":[{"floor":7.0,"key":"Strength Potion"},{"floor":11.0,"key":"DuplicationPotion"},{"floor":12.0,"key":"SneckoOil"},{"floor":18.0,"key":"SkillPotion"},{"floor":25.0,"key":"Dexterity Potion"},{"floor":30.0,"key":"Explosive Potion"},{"floor":35.0,"key":"EssenceOfSteel"},{"floor":38.0,"key":"Fire Potion"},{"floor":40.0,"key":"SteroidPotion"},{"floor":44.0,"key":"EssenceOfDarkness"},{"floor":48.0,"key":"FocusPotion"}],"is_trial":false,"path_per_floor":["M","?","M","M","?","R","E","M","T","?","M","M","M","$","R","B",null,"M","?","M","M","?","E","R","M","T","E","$","E","M","$","R","B",null,"M","M","?","?","M","E","M","R","T","M","$","E","R","M","R","B",null,"R","$","E","B"],"character_chosen":"DEFECT","items_purchased":["Gash","War Paint","Rebound","Blue Candle","Kunai","Centennial Puzzle","HandDrill","Dark Shackles"],"campfire_rested":0,"item_purchase_floors":[14,14,14,28,28,45,45,53],"current_hp_per_floor":[64,47,43,49,49,49,28,34,34,34,36,35,42,42,42,39,68,68,68,62,47,47,54,63,60,60,67,67,50,47,47,59,51,68,68,68,68,68,68,68,68,68,68,53,53,63,68,68,68,68,68,68,68,67,0,0],"gold":44,"neow_bonus":"TRANSFORM_TWO_CARDS","is_daily":false,"chose_seed":false,"campfire_upgraded":7,"win_rate":0.0,"timestamp":1608728038,"path_taken":["M","?","M","M","?","R","E","M","T","?","?","M","M","?","R","BOSS","M","?","M","?","?","E","R","?","T","E","?","E","M","$","R","BOSS","M","M","?","?","M","E","M","R","T","?","$","E","R","M","R","BOSS","R","$","E","BOSS"],"items_purchased_type":["Card","Relic","Card","Relic","Relic","Relic","Relic","Card"],"build_version":"2020-12-22","purchased_purges":2,"victory":false,"max_hp_per_floor":[68,68,68,68,68,68,68,68,68,68,68,68,68,68,68,68,68,68,68,68,68,68,68,68,68,68,68,68,68,68,68,68,68,68,68,68,68,68,68,68,68,68,68,68,68,68,68,68,68,68,68,68,68,68,68,68],"card_choices":[{"not_picked":["Barrage","Beam Cell"],"picked":"Streamline","floor":1.0},{"not_picked":["Stack","Blizzard"],"picked":"Self Repair","floor":3.0},{"not_picked":["White Noise","Loop"],"picked":"Sweeping Beam","floor":4.0},{"not_picked":["Skim","Sweeping Beam"],"picked":"Gash","floor":7.0},{"not_picked":["Creative AI","Compile Driver"],"picked":"Steam","floor":8.0},{"not_picked":["Leap","Auto Shields"],"picked":"Conserve Battery","floor":11.0},{"not_picked":["Ball Lightning","Turbo"],"picked":"Cold Snap","floor":12.0},{"not_picked":["Conserve Battery","Fusion"],"picked":"Go for the Eyes","floor":13.0},{"not_picked":["Machine Learning","Echo Form"],"picked":"All For One","floor":16.0},{"not_picked":["Go for the Eyes","Gash","Steam Power"],"picked":"SKIP","floor":18.0},{"not_picked":["Coolheaded+1","Chill"],"picked":"Beam Cell","floor":20.0},{"not_picked":["Conserve Battery+1","Barrage+1"],"picked":"Beam Cell+1","floor":21.0},{"not_picked":["Thunder Strike","Streamline","Compile Driver+1"],"picked":"SKIP","floor":23.0},{"not_picked":["Coolheaded","Ball Lightning"],"picked":"Gash+1","floor":25.0},{"not_picked":["Sweeping Beam+1","Ball Lightning"],"picked":"Glacier","floor":27.0},{"not_picked":["Darkness+1","Compile Driver","Stack"],"picked":"SKIP","floor":29.0},{"not_picked":["Compile Driver+1","Echo Form","Turbo+1"],"picked":"SKIP","floor":30.0},{"not_picked":["Conserve Battery","Barrage","Ball Lightning"],"picked":"SKIP","floor":30.0},{"not_picked":["Electrodynamics","Thunder Strike"],"picked":"Buffer","floor":33.0},{"not_picked":["Hologram+1","Rebound","Blizzard"],"picked":"SKIP","floor":35.0},{"not_picked":["Turbo+1","Hologram+1","Go for the Eyes"],"picked":"SKIP","floor":35.0},{"not_picked":["Barrage+1","Streamline+1"],"picked":"Coolheaded+1","floor":36.0},{"not_picked":["Stack","Force Field+1","Steam Power"],"picked":"SKIP","floor":36.0},{"not_picked":["Hello World","Cold Snap+1"],"picked":"Skim","floor":39.0},{"not_picked":["Darkness+1","Turbo+1"],"picked":"Conserve Battery+1","floor":39.0},{"not_picked":["Cold Snap+1","Steam+1","Undo"],"picked":"SKIP","floor":40.0},{"not_picked":["Capacitor","Conserve Battery+1"],"picked":"Gash+1","floor":41.0},{"not_picked":["Redo+1","Streamline+1"],"picked":"All For One","floor":41.0},{"not_picked":["Sunder","Steam Power+1"],"picked":"Reprogram","floor":44.0},{"not_picked":["Darkness","Cold Snap","Fusion"],"picked":"SKIP","floor":44.0},{"not_picked":["Barrage+1","Fission","Rip and Tear+1"],"picked":"SKIP","floor":46.0},{"not_picked":["Gash","Sweeping Beam+1","Redo+1"],"picked":"SKIP","floor":48.0},{"not_picked":["White Noise+1","Rip and Tear+1","Coolheaded"],"picked":"SKIP","floor":48.0},{"not_picked":["Sweeping Beam+1","Redo+1"],"picked":"Buffer","floor":54.0}],"player_experience":336926,"relics_obtained":[{"floor":7.0,"key":"Gremlin Horn"},{"floor":9.0,"key":"The Courier"},{"floor":23.0,"key":"Eternal Feather"},{"floor":26.0,"key":"Bottled Flame"},{"floor":27.0,"key":"Prayer Wheel"},{"floor":29.0,"key":"HornCleat"},{"floor":40.0,"key":"InkBottle"},{"floor":46.0,"key":"Anchor"},{"floor":54.0,"key":"Toy Ornithopter"}],"event_choices":[{"damage_healed":0.0,"max_hp_gain":0.0,"max_hp_loss":0.0,"gold_gain":0.0,"event_name":"Golden Idol","player_choice":"Take Damage","floor":2.0,"gold_loss":0.0,"damage_taken":17.0,"relics_obtained":["Golden Idol"]},{"cards_removed":["Strike_B"],"damage_healed":0.0,"max_hp_gain":0.0,"max_hp_loss":0.0,"gold_gain":0.0,"event_name":"The Cleric","player_choice":"Card Removal","floor":5.0,"gold_loss":50.0,"damage_taken":0.0},{"damage_healed":0.0,"max_hp_gain":0.0,"max_hp_loss":0.0,"gold_gain":78.0,"event_name":"Golden Wing","player_choice":"Gained Gold","floor":10.0,"gold_loss":0.0,"damage_taken":0.0},{"cards_removed":["Strike_B"],"damage_healed":0.0,"max_hp_gain":0.0,"max_hp_loss":0.0,"gold_gain":0.0,"event_name":"Purifier","player_choice":"Purged","floor":19.0,"gold_loss":0.0,"damage_taken":0.0},{"cards_removed":["Zap"],"damage_healed":0.0,"max_hp_gain":0.0,"max_hp_loss":0.0,"gold_gain":0.0,"event_name":"Purifier","player_choice":"Purged","floor":22.0,"gold_loss":0.0,"damage_taken":0.0},{"damage_healed":0.0,"max_hp_gain":0.0,"max_hp_loss":0.0,"gold_gain":0.0,"event_name":"Tomb of Lord Red Mask","player_choice":"Ignored","floor":37.0,"gold_loss":0.0,"damage_taken":0.0},{"damage_healed":0.0,"max_hp_gain":0.0,"max_hp_loss":0.0,"gold_gain":0.0,"event_name":"Lab","player_choice":"Got Potions","floor":38.0,"gold_loss":0.0,"damage_taken":0.0}],"is_beta":false,"boss_relics":[{"not_picked":["Pandora\u0027s Box","Busted Crown"],"picked":"Nuclear Battery"},{"not_picked":["Runic Dome","Philosopher\u0027s Stone"],"picked":"SacredBark"}],"items_purged_floors":[14,45],"is_endless":false,"potions_floor_spawned":[7,11,12,18,25,30,35,40,44,48],"killed_by":"The Heart","ascension_level":2}}