{"host":"4kbqeuw4a1wt9r2z","time":1608756954,"event":{"mods":["Act Like it!","Aspiration","Astrologer","Bard","BaseMod","Chen","Conspire","Downfall","Duelist Mod","Gensokyo","GifTheSpireLib","Googly Eyes","Hallownest","Hermit","Hubris","Koishi","Marisa????????","Minty Spire (QoL Compilation)","Reimu??????","Replay The Spire","SOS???????","StSLib","The Bug Knight","The Construct","The Cursed","The Disciple","The Forsaken","The Gatherer","The Hierophant","The Kombatant","The Necromancer","The Runesmith","The Senshi","The Servant 0.9.4","The Wild Card"],"gold_per_floor":[213,228,258,278,292,325,342,357,432,432,457,457,476,495,495,495,495],"floor_reached":16,"playtime":1837,"items_purged":[],"score":116,"play_id":"8b57f06b-1c94-41e5-91cb-e9ce71425216","local_time":"20201223235554","is_ascension_mode":false,"campfire_choices":[{"floor":10,"key":"REST"},{"data":"theSenshi:MoonPrismPowerMakeUp","floor":12,"key":"SMITH"}],"circlet_count":0,"master_deck":["theSenshi:SailorKick","theSenshi:SailorKick","theSenshi:SailorKick","theSenshi:SailorKick","theSenshi:SailorBlock","theSenshi:SailorBlock","theSenshi:SailorBlock","theSenshi:SailorBlock","theSenshi:RoseThrow","theSenshi:MoonPrismPowerMakeUp+1","theSenshi:MoonKick","theSenshi:UranusStrength","theSenshi:SailorVenusAssists","theSenshi:MoonPunch","theSenshi:TallSilhouette","theSenshi:MoonCosmicPowerMakeUp","theSenshi:MoonTiaraMagic","theSenshi:MoonPrincessHalation+1","theSenshi:InTheNickOfTime","theSenshi:MoonCrystalPowerMakeUp"],"relics":["theSenshi:TransformationBroochRelic","Replay:Baseball","Thread and Needle","Quantum Egg","Shuriken"],"acts_visited":["Gensokyo:Gensokyo"],"potions_floor_usage":[11,16,16,16],"damage_taken":[{"damage":5,"enemies":"Gensokyo:3_Fairies","floor":1,"turns":5},{"damage":0,"enemies":"Gensokyo:2_Kodama","floor":2,"turns":3},{"damage":5,"enemies":"conspire:MimicChest","floor":3,"turns":7},{"damage":2,"enemies":"Gensokyo:Gryphon","floor":4,"turns":3},{"damage":2,"enemies":"Gensokyo:2_Rabbits","floor":5,"turns":4},{"damage":30,"enemies":"Gensokyo:Cirno","floor":6,"turns":7},{"damage":6,"enemies":"Gensokyo:Gryphon_and_Rabbit","floor":7,"turns":6},{"damage":3,"enemies":"Gensokyo:3_Kodama","floor":8,"turns":5},{"damage":13,"enemies":"Gensokyo:Aya","floor":11,"turns":6},{"damage":14,"enemies":"Gensokyo:LivingMonolith","floor":13,"turns":4},{"damage":8,"enemies":"Gensokyo:CorruptedTreant","floor":14,"turns":3},{"damage":33,"enemies":"Gensokyo:Yukari","floor":16,"turns":10}],"seed_played":"2187726843593329993","potions_obtained":[{"floor":1,"key":"Dexterity Potion"},{"floor":6,"key":"Block Potion"},{"floor":7,"key":"champ:CounterPotion"},{"floor":11,"key":"Guardian:BlockOnCardUsePotion"}],"is_trial":false,"path_per_floor":["M","M","?","M","M","E","M","M","T","R","E","R","M","M","R","B"],"character_chosen":"THE_SENSHI","items_purchased":[],"campfire_rested":1,"item_purchase_floors":[],"current_hp_per_floor":[70,70,65,63,61,31,25,22,22,44,31,31,17,9,31,0,0],"gold":495,"neow_bonus":"HUNDRED_GOLD","is_daily":false,"chose_seed":false,"campfire_upgraded":1,"win_rate":0.0,"timestamp":1608756954,"path_taken":["M","M","?","M","M","E","M","?","T","R","E","R","M","M","R","BOSS"],"items_purchased_type":[],"build_version":"2020-12-22","purchased_purges":0,"victory":false,"max_hp_per_floor":[75,75,75,75,75,75,75,75,75,75,75,75,75,75,75,75,75],"card_choices":[{"not_picked":["theSenshi:MoonTwilightFlash","theSenshi:MoonTiaraMagic"],"picked":"theSenshi:MoonKick","floor":1},{"not_picked":["theSenshi:CrisisMakeUp","theSenshi:MoonPower"],"picked":"theSenshi:UranusStrength","floor":2},{"not_picked":["theSenshi:Overload","theSenshi:MoonHealingEscalation"],"picked":"theSenshi:SailorVenusAssists","floor":3},{"not_picked":["theSenshi:MoonTiaraMagic","theSenshi:GatheringStrength"],"picked":"theSenshi:MoonPunch","floor":4},{"not_picked":["theSenshi:SailorStarFighterAssists","theSenshi:LunaWiseMentor"],"picked":"theSenshi:TallSilhouette","floor":5},{"not_picked":["theSenshi:UranusStrength","theSenshi:MoonPower"],"picked":"theSenshi:MoonCosmicPowerMakeUp","floor":6},{"not_picked":["theSenshi:LunasBite","theSenshi:SupersonicWaves"],"picked":"theSenshi:MoonTiaraMagic","floor":7},{"not_picked":["theSenshi:SupersonicWaves","theSenshi:SailorMarsAssists"],"picked":"theSenshi:MoonPrincessHalation","floor":8},{"not_picked":["theSenshi:EncouragingSpeech","theSenshi:MoonPrincessHalation","theSenshi:MoonPower"],"picked":"SKIP","floor":11},{"not_picked":["theSenshi:SailorNeptuneAssists","theSenshi:SailorUranusAssists"],"picked":"theSenshi:InTheNickOfTime","floor":13},{"not_picked":["theSenshi:MoonPower","theSenshi:SchoolBag"],"picked":"theSenshi:MoonCrystalPowerMakeUp","floor":14}],"player_experience":520048,"relics_obtained":[{"floor":3,"key":"Replay:Baseball"},{"floor":6,"key":"Thread and Needle"},{"floor":9,"key":"Quantum Egg"},{"floor":11,"key":"Shuriken"}],"event_choices":[],"is_beta":false,"boss_relics":[],"items_purged_floors":[],"is_endless":false,"potions_floor_spawned":[1,6,7,11,14],"killed_by":"Gensokyo:Yukari","ascension_level":0}}