{"host":"258i9hh742n85m0z","time":1608701201,"event":{"mods":["Act Like it!","Aspiration","BaseMod","CapriCore","Challenge The Spire","Conspire","Decade(王小明)","Friendly Minions","Gensokyo","Hermit","HololiveMod","KinomotoSakuraMod(木之本樱)","Koishi","LagranYue(拉格朗・月)","Minty Spire (QoL Compilation)","Prisma Mod","Quick Restart","Reimu（博丽灵梦）","Relic Stats","Remilia（蕾米莉亚）","Replay The Spire","RumiaBox-露米娅的神秘盒子","Spicy Shops","StSLib","The Alterego","The Animator","The Bladedancer","The Bug Knight","The Cursed","The Gatherer","The Hierophant","The Immortal","The Poker Player","The Runesmith","The Senshi","The Servant 0.9.4","WarShipGirlsR/战舰少女R mod","Yohane!","Youmu（魂魄妖梦）","Yuri Mod","Yuyuko","【东方二次创作】八云紫mod","【遗物卡牌】REMEMod"],"gold_per_floor":[140,140,174,217,249,249,249,249,298,340,371,371,371,202,234,264,298,329],"floor_reached":19,"playtime":1065,"items_purged":[],"score":915,"play_id":"e84b8ef3-7e78-4dc0-8170-8b71026faa3b","local_time":"20201223132641","daily_mods":["challengethespire:Platinum Difficulty","challengethespire:Modded Elite Rush","Uncertain Future"],"is_ascension_mode":true,"campfire_choices":[{"data":"conspire:Banana","floor":2.0,"key":"SMITH"},{"data":"Hololive_CallOkamiMio","floor":7.0,"key":"SMITH"},{"data":"Hololive_CallDoris","floor":8.0,"key":"SMITH"},{"data":"Master of Strategy","floor":13,"key":"SMITH"}],"circlet_count":0,"master_deck":["AscendersBane","Hololive_Strike","Hololive_Strike","Hololive_Defend","Hololive_Defend","Hololive_DevilCharm","Hololive_CallFriendA","Hololive_CallNatsuiroMatsuri","Hololive_CallSakuraMiko","Hololive_CallDoris+1","Hololive_CallShirakamiFubuki","Master of Strategy+1","conspire:Banana+1","Hololive_CallMurasakiShion","Hololive_CallOkamiMio+1","Hololive_CallUsadaPekora","Hololive_CallSpadeEcho","Hololive_CallRoboco","Hololive_CallTokinoSora","Hololive_CallOzoraSubaru","Hololive_CallKiryuuCoco","Hololive_SoraACombinationOption"],"relics":["Hololive_TheStar","Black Star","Sling","PreservedInsect","REME_ComplimentaryCards","LagranYue:RandomDrawCardRelic","REME_IWantAll","Strawberry","yuri:PortableGlitches","GodSword1","SSSystem","theSenshi:FeatherClipsRelic","Bottled Flame","Runesmith:UraniumAnvil","ChaoDraw","REME_HandOfSuture","Replay:Baseball","Bag of Marbles","aspiration:DSix","Potion Belt","LagranYue:SoulBurningRelic","ReplayTheSpireMod:TigerMarble","Oddly Smooth Stone","SumBook","Mirror","Ccalipers","Counterbalance","aspiration:AnachronicSnailShell","Runesmith:AutoHammer","conspire:Dentures"],"acts_visited":["Exordium"],"potions_floor_usage":[],"damage_taken":[{"damage":0.0,"enemies":"HollowMod:MossKnight","floor":3.0,"turns":3.0},{"damage":0.0,"enemies":"3 Sentries","floor":4.0,"turns":3.0},{"damage":0.0,"enemies":"Replay:BlueRogue","floor":5.0,"turns":2.0},{"damage":0.0,"enemies":"conspire:Head Lice","floor":9.0,"turns":4.0},{"damage":0,"enemies":"HollowMod:Nosk","floor":10,"turns":2},{"damage":0,"enemies":"conspire:SneckoGhost","floor":11,"turns":2},{"damage":0,"enemies":"HollowMod:StalkingDevout","floor":15,"turns":1},{"damage":15,"enemies":"Nemesis","floor":16,"turns":3},{"damage":0,"enemies":"Giant Head","floor":17,"turns":2},{"damage":15,"enemies":"Shield and Spear","floor":18,"turns":5}],"seed_played":"-1422991584632504716","potions_obtained":[{"floor":5.0,"key":"PowerPotion"},{"floor":9.0,"key":"DuplicationPotion"},{"floor":11,"key":"Death Potion"},{"floor":16,"key":"Swift Potion"}],"is_trial":true,"path_per_floor":["$","R","E","E","E","T","R","R","E","E","E","T","R","$","E","E","E","E",null],"character_chosen":"Hololive_HololiveCharacter","items_purchased":["REME_IWantAll","Master of Strategy","conspire:Banana","ReplayTheSpireMod:TigerMarble"],"campfire_rested":0,"item_purchase_floors":[1,1,1,14],"current_hp_per_floor":[27,27,36,38,40,40,40,40,45,47,49,49,49,49,49,40,45,36],"gold":329,"neow_bonus":"","is_daily":false,"chose_seed":false,"campfire_upgraded":4,"win_rate":0.0,"timestamp":1608701201,"path_taken":["$","R","E","E","E","T","R","R","E","E","E","T","R","$","E","E","E","E"],"items_purchased_type":["Relic","Card","Card","Relic"],"build_version":"2020-12-22","purchased_purges":0,"victory":true,"max_hp_per_floor":[30,30,39,41,43,43,43,43,45,47,49,49,49,49,49,51,52,54],"relic_stats":{"counters":[10,27],"PreservedInsect":489,"Black Star":10,"obtain_stats":[{"LagranYue:RandomDrawCardRelic":0,"SSSystem":4,"LagranYue:SoulBurningRelic":12,"theSenshi:FeatherClipsRelic":5,"Sling":0,"REME_IWantAll":1,"Ccalipers":16,"Strawberry":3,"aspiration:AnachronicSnailShell":17,"aspiration:DSix":11,"SumBook":15,"Potion Belt":11,"conspire:Dentures":18,"Counterbalance":17,"Oddly Smooth Stone":15,"PreservedInsect":0,"ChaoDraw":9,"Bottled Flame":5,"Replay:Baseball":10,"Hololive_TheStar":0,"Runesmith:UraniumAnvil":6,"REME_HandOfSuture":9,"Black Star":0,"Bag of Marbles":10,"ReplayTheSpireMod:TigerMarble":14,"Runesmith:AutoHammer":18,"yuri:PortableGlitches":3,"Mirror":16,"REME_ComplimentaryCards":0,"GodSword1":4},{"LagranYue:RandomDrawCardRelic":0,"SSSystem":2,"LagranYue:SoulBurningRelic":6,"theSenshi:FeatherClipsRelic":3,"Sling":0,"REME_IWantAll":0,"Ccalipers":8,"Strawberry":1,"aspiration:AnachronicSnailShell":9,"aspiration:DSix":6,"SumBook":7,"Potion Belt":6,"conspire:Dentures":10,"Counterbalance":9,"Oddly Smooth Stone":7,"PreservedInsect":0,"ChaoDraw":4,"Bottled Flame":3,"Replay:Baseball":5,"Hololive_TheStar":0,"Runesmith:UraniumAnvil":3,"REME_HandOfSuture":4,"Black Star":0,"Bag of Marbles":5,"ReplayTheSpireMod:TigerMarble":6,"Runesmith:AutoHammer":10,"yuri:PortableGlitches":1,"Mirror":8,"REME_ComplimentaryCards":0,"GodSword1":2},{"LagranYue:RandomDrawCardRelic":0,"SSSystem":6,"LagranYue:SoulBurningRelic":16,"theSenshi:FeatherClipsRelic":8,"Sling":0,"REME_IWantAll":0,"Ccalipers":20,"Strawberry":3,"aspiration:AnachronicSnailShell":22,"aspiration:DSix":16,"SumBook":17,"Potion Belt":16,"conspire:Dentures":27,"Counterbalance":22,"Oddly Smooth Stone":17,"PreservedInsect":0,"ChaoDraw":12,"Bottled Flame":8,"Replay:Baseball":14,"Hololive_TheStar":0,"Runesmith:UraniumAnvil":8,"REME_HandOfSuture":12,"Black Star":0,"Bag of Marbles":14,"ReplayTheSpireMod:TigerMarble":16,"Runesmith:AutoHammer":27,"yuri:PortableGlitches":3,"Mirror":20,"REME_ComplimentaryCards":0,"GodSword1":6}]},"card_choices":[],"player_experience":148364,"relics_obtained":[{"floor":3.0,"key":"Strawberry"},{"floor":3.0,"key":"yuri:PortableGlitches"},{"floor":4.0,"key":"GodSword1"},{"floor":4.0,"key":"SSSystem"},{"floor":5.0,"key":"theSenshi:FeatherClipsRelic"},{"floor":5.0,"key":"Bottled Flame"},{"floor":9.0,"key":"ChaoDraw"},{"floor":9.0,"key":"REME_HandOfSuture"},{"floor":10,"key":"Replay:Baseball"},{"floor":10,"key":"Bag of Marbles"},{"floor":11,"key":"aspiration:DSix"},{"floor":11,"key":"Potion Belt"},{"floor":15,"key":"Oddly Smooth Stone"},{"floor":15,"key":"SumBook"},{"floor":16,"key":"Mirror"},{"floor":16,"key":"Ccalipers"},{"floor":17,"key":"Counterbalance"},{"floor":17,"key":"aspiration:AnachronicSnailShell"},{"floor":18,"key":"Runesmith:AutoHammer"},{"floor":18,"key":"conspire:Dentures"}],"event_choices":[],"is_beta":false,"boss_relics":[{"not_picked":["Sozu","conspire:SpecialSausage"],"picked":"Runesmith:UraniumAnvil"},{"not_picked":["Abe\u0027s Treasure","Replay:Wanted Poster"],"picked":"LagranYue:SoulBurningRelic"}],"items_purged_floors":[],"is_endless":false,"potions_floor_spawned":[5,9,11,16,18],"ascension_level":20}}