{"host":"29mhc2ja7u6lu5r0","time":1608753076,"event":{"mods":["AchievementEnabler","BaseMod","Block Reminder","Colored Map","Colored Powertips","Highlight Path","Minty Spire (QoL Compilation)","Quick Restart","SuperFastMode","slay the spire mod where everything is the same but ironclad has a cowboy hat"],"gold_per_floor":[112,112,37,56,56,97,109,121,159,171,183,233,260,290,302,434,446,483,495,782,812,849,861,896,569,593,637,637,762,762,780,780,904,904,924,924,939,963,979,1015,585,599,599,638,638,661,661,688,688,688],"floor_reached":51,"playtime":7440,"items_purged":["Pain","Regret","Regret"],"score":814,"play_id":"6980a53a-b3c8-433e-8ca6-422c0706b004","local_time":"20201223225116","is_ascension_mode":false,"campfire_choices":[{"data":"Dagger Spray","floor":8.0,"key":"SMITH"},{"data":"Neutralize","floor":11.0,"key":"SMITH"},{"data":"Catalyst","floor":15.0,"key":"SMITH"},{"data":"Bouncing Flask","floor":23.0,"key":"SMITH"},{"data":"Catalyst","floor":30,"key":"SMITH"},{"floor":32,"key":"DIG"},{"floor":45,"key":"DIG"},{"floor":47,"key":"DIG"},{"floor":49,"key":"REST"}],"circlet_count":0,"master_deck":["Strike_G+1","Defend_G","Defend_G","Defend_G","Defend_G","Defend_G","Survivor","Neutralize+1","Prepared+1","Escape Plan+1","Tools of the Trade+1","Dagger Spray+1","Deadly Poison","Venomology","Injury","Bane+1","Catalyst+1","Envenom","Leg Sweep","Bouncing Flask+1","Distraction+1","Catalyst+1","Bouncing Flask","Parasite","Poisoned Stab+1"],"relics":["Astrolabe","WarpedTongs","MawBank","Mercury Hourglass","Turnip","Dream Catcher","Golden Idol","Pear","HoveringKite","Bottled Tornado","Bronze Scales","Meat on the Bone","Shovel","Mummified Hand","Whetstone","Busted Crown","Happy Flower","Strawberry","Medical Kit","Toxic Egg 2","Ninja Scroll","Bag of Marbles","CeramicFish"],"acts_visited":["Exordium","TheCity","TheBeyond"],"potions_floor_usage":[28,29,29,31,31,50,50,50],"damage_taken":[{"damage":2.0,"enemies":"Small Slimes","floor":1.0,"turns":7.0},{"damage":1.0,"enemies":"Cultist","floor":4.0,"turns":4.0},{"damage":21.0,"enemies":"Gremlin Nob","floor":6.0,"turns":5.0},{"damage":1.0,"enemies":"3 Sentries","floor":12.0,"turns":5.0},{"damage":0.0,"enemies":"Jaw Worm","floor":13.0,"turns":3.0},{"damage":2.0,"enemies":"Looter","floor":14.0,"turns":3.0},{"damage":5.0,"enemies":"The Guardian","floor":16.0,"turns":9.0},{"damage":10.0,"enemies":"2 Thieves","floor":18.0,"turns":4.0},{"damage":14.0,"enemies":"3 Byrds","floor":21.0,"turns":3.0},{"damage":3.0,"enemies":"Centurion and Healer","floor":22.0,"turns":6.0},{"damage":6.0,"enemies":"Chosen and Byrds","floor":24.0,"turns":5.0},{"damage":12.0,"enemies":"Book of Stabbing","floor":27.0,"turns":3.0},{"damage":0,"enemies":"Shelled Parasite and Fungi","floor":28,"turns":1},{"damage":29,"enemies":"Colosseum Slavers","floor":29,"turns":4},{"damage":7,"enemies":"Colosseum Nobs","floor":29,"turns":3},{"damage":0,"enemies":"Snecko","floor":31,"turns":3},{"damage":14,"enemies":"Collector","floor":33,"turns":6},{"damage":11,"enemies":"3 Darklings","floor":35,"turns":5},{"damage":1,"enemies":"Orb Walker","floor":37,"turns":3},{"damage":0,"enemies":"Sphere and 2 Shapes","floor":38,"turns":3},{"damage":10,"enemies":"4 Shapes","floor":39,"turns":5},{"damage":0,"enemies":"Nemesis","floor":40,"turns":3},{"damage":47,"enemies":"Writhing Mass","floor":42,"turns":4},{"damage":0,"enemies":"Giant Head","floor":44,"turns":4},{"damage":22,"enemies":"Jaw Worm Horde","floor":46,"turns":4},{"damage":5,"enemies":"4 Shapes","floor":48,"turns":5},{"damage":55,"enemies":"Awakened One","floor":50,"turns":11}],"seed_played":"-5744014856372809598","potions_obtained":[{"floor":4.0,"key":"LiquidMemories"},{"floor":12.0,"key":"Regen Potion"},{"floor":13.0,"key":"Strength Potion"},{"floor":14.0,"key":"GhostInAJar"},{"floor":21.0,"key":"GamblersBrew"},{"floor":29,"key":"CunningPotion"},{"floor":40,"key":"Ancient Potion"},{"floor":46,"key":"PowerPotion"}],"is_trial":false,"path_per_floor":["M","?","$","M","?","E","?","R","T","?","R","E","M","M","R","B",null,"M","?","?","M","M","R","M","$","T","E","M","?","R","M","R","B",null,"M","?","M","M","M","E","$","M","T","E","R","M","R","M","R","B",null],"character_chosen":"THE_SILENT","items_purchased":["Bottled Tornado","Strawberry","Medical Kit"],"campfire_rested":1,"item_purchase_floors":[25,41,41],"current_hp_per_floor":[68,68,68,67,67,46,28,28,28,28,28,37,37,35,35,30,80,70,70,70,56,53,53,47,47,47,35,47,47,47,47,47,45,80,69,69,68,68,58,58,65,30,30,42,42,32,32,39,65,22],"gold":688,"neow_bonus":"BOSS_RELIC","is_daily":false,"chose_seed":false,"campfire_upgraded":5,"win_rate":0.0,"timestamp":1608753076,"path_taken":["M","?","$","?","?","E","?","R","T","?","R","E","M","M","R","BOSS","M","?","?","M","M","R","?","$","T","E","M","?","R","M","R","BOSS","M","?","M","?","M","E","$","M","T","E","R","M","R","M","R","BOSS"],"items_purchased_type":["Relic","Relic","Relic"],"build_version":"2020-12-22","purchased_purges":3,"victory":true,"max_hp_per_floor":[70,70,70,70,70,70,70,70,70,70,70,80,80,80,80,80,80,80,80,80,80,80,80,80,80,80,80,80,80,80,80,80,80,80,80,80,80,80,80,80,87,87,87,87,87,87,87,87,87,87],"card_choices":[{"not_picked":["Backflip","Prepared"],"picked":"Dagger Spray","floor":1.0},{"not_picked":["Finisher","Deflect"],"picked":"Deadly Poison","floor":4.0},{"not_picked":["Predator","Dagger Throw"],"picked":"Venomology","floor":6.0},{"not_picked":["Grand Finale","Expertise"],"picked":"Bane","floor":12.0},{"not_picked":["Cloak And Dagger","Acrobatics","Setup"],"picked":"SKIP","floor":13.0},{"not_picked":["Quick Slash","Dagger Spray"],"picked":"Catalyst","floor":14.0},{"not_picked":["Grand Finale","Adrenaline"],"picked":"Envenom","floor":16.0},{"not_picked":["Riddle With Holes","Heel Hook"],"picked":"Leg Sweep","floor":18.0},{"not_picked":["Backflip","Skewer","Deflect"],"picked":"SKIP","floor":21.0},{"not_picked":["Bane+1","Cloak And Dagger"],"picked":"Distraction+1","floor":22.0},{"not_picked":["Quick Slash","Accuracy","Underhanded Strike"],"picked":"SKIP","floor":24.0},{"not_picked":["Deflect","Backflip","Acrobatics"],"picked":"SKIP","floor":27.0},{"not_picked":["Quick Slash+1","Dodge and Roll"],"picked":"Catalyst","floor":29},{"not_picked":["Finisher+1","Outmaneuver+1","Cloak And Dagger"],"picked":"SKIP","floor":31},{"not_picked":["Flying Knee+1"],"picked":"SKIP","floor":35},{"not_picked":["Slice"],"picked":"SKIP","floor":37},{"not_picked":["Crippling Poison"],"picked":"SKIP","floor":38},{"not_picked":["Eviscerate+1"],"picked":"SKIP","floor":39},{"not_picked":["Adrenaline"],"picked":"SKIP","floor":40},{"not_picked":["Bane"],"picked":"SKIP","floor":42},{"not_picked":["Poisoned Stab"],"picked":"SKIP","floor":44},{"not_picked":["Concentrate+1"],"picked":"SKIP","floor":46},{"not_picked":[],"picked":"Poisoned Stab+1","floor":48}],"player_experience":975761,"relics_obtained":[{"floor":6.0,"key":"Mercury Hourglass"},{"floor":9.0,"key":"Dream Catcher"},{"floor":12.0,"key":"Pear"},{"floor":26.0,"key":"Bronze Scales"},{"floor":27.0,"key":"Meat on the Bone"},{"floor":29,"key":"Shovel"},{"floor":29,"key":"Mummified Hand"},{"floor":32,"key":"Whetstone"},{"floor":40,"key":"Happy Flower"},{"floor":43,"key":"Toxic Egg 2"},{"floor":44,"key":"Ninja Scroll"},{"floor":45,"key":"Bag of Marbles"},{"floor":47,"key":"CeramicFish"}],"event_choices":[{"damage_healed":0.0,"max_hp_gain":0.0,"max_hp_loss":0.0,"gold_gain":0.0,"event_name":"Accursed Blacksmith","player_choice":"Rummage","floor":2.0,"gold_loss":0.0,"damage_taken":0.0,"relics_obtained":["WarpedTongs"],"cards_obtained":["Pain"]},{"damage_healed":0.0,"max_hp_gain":0.0,"max_hp_loss":0.0,"gold_gain":0.0,"event_name":"Big Fish","player_choice":"Box","floor":5.0,"gold_loss":0.0,"damage_taken":0.0,"relics_obtained":["MawBank"],"cards_obtained":["Regret"]},{"damage_healed":0.0,"max_hp_gain":0.0,"max_hp_loss":0.0,"gold_gain":0.0,"event_name":"Scrap Ooze","player_choice":"Success","floor":7.0,"gold_loss":0.0,"damage_taken":18.0,"relics_obtained":["Turnip"]},{"damage_healed":0.0,"max_hp_gain":0.0,"max_hp_loss":0.0,"gold_gain":0.0,"event_name":"Golden Idol","player_choice":"Take Wound","floor":10.0,"gold_loss":0.0,"damage_taken":0.0,"relics_obtained":["Golden Idol"],"cards_obtained":["Injury"]},{"damage_healed":0.0,"max_hp_gain":0.0,"max_hp_loss":0.0,"gold_gain":0.0,"event_name":"The Library","player_choice":"Read","floor":19.0,"gold_loss":0.0,"damage_taken":0.0,"cards_obtained":["Bouncing Flask"]},{"damage_healed":0.0,"max_hp_gain":0.0,"max_hp_loss":0.0,"gold_gain":275.0,"event_name":"Golden Shrine","player_choice":"Desecrate","floor":20.0,"gold_loss":0.0,"damage_taken":0.0,"cards_obtained":["Regret"]},{"damage_healed":0,"gold_gain":0,"player_choice":"Fight","damage_taken":0,"max_hp_gain":0,"max_hp_loss":0,"event_name":"Colosseum","floor":29,"gold_loss":0},{"damage_healed":0,"gold_gain":0,"player_choice":"Fought Nobs","damage_taken":0,"max_hp_gain":0,"max_hp_loss":0,"event_name":"Colosseum","floor":29,"gold_loss":0},{"damage_healed":0,"gold_gain":0,"cards_transformed":["Strike_G"],"player_choice":"Transformed","damage_taken":0,"max_hp_gain":0,"max_hp_loss":0,"event_name":"Transmorgrifier","floor":36,"gold_loss":0,"cards_obtained":["Bouncing Flask"]}],"is_beta":false,"boss_relics":[{"not_picked":["Snecko Eye","Pandora\u0027s Box"],"picked":"HoveringKite"},{"not_picked":["Runic Pyramid","Calling Bell"],"picked":"Busted Crown"}],"items_purged_floors":[3,25,41],"is_endless":false,"potions_floor_spawned":[4,12,13,14,21,24,27,29,33,39,40,46,48],"ascension_level":0}}