{"host":"69rply1jf2d1wbmp","time":1608733084,"event":{"mods":["BaseMod","Minty Spire (QoL Compilation)","Quick Restart"],"gold_per_floor":[10,29,29,45,63,63,77,77,77,104,121,0,29,48,48,149,149,163,183,183,194,194,194,208,208,232,232,250,264,284,284,284],"floor_reached":31,"playtime":1057,"items_purged":[],"score":253,"play_id":"a31aed57-2b96-44e6-8781-2d1d5b071e44","local_time":"20201223091804","is_ascension_mode":false,"campfire_choices":[{"data":"Bash","floor":6,"key":"SMITH"},{"floor":15,"key":"REST"},{"floor":23,"key":"REST"},{"data":"Strike_R","floor":25,"key":"PURGE"},{"data":"Strike_R","floor":27,"key":"PURGE"}],"circlet_count":0,"master_deck":["Strike_R","Strike_R","Defend_R","Defend_R","Defend_R","Defend_R","Bash+1","Metamorphosis+1","Battle Trance","Anger","Inflame","Pummel","Demon Form","Armaments+1","Flame Barrier","Spot Weakness"],"relics":["Black Blood","Matryoshka","Question Card","Regal Pillow","Peace Pipe","Anchor"],"acts_visited":["Exordium","TheCity"],"potions_floor_usage":[10,11,16,16,19,29],"damage_taken":[{"damage":6,"enemies":"Jaw Worm","floor":1,"turns":2},{"damage":7,"enemies":"Small Slimes","floor":2,"turns":5},{"damage":2,"enemies":"2 Louse","floor":4,"turns":3},{"damage":17,"enemies":"Exordium Thugs","floor":5,"turns":3},{"damage":7,"enemies":"Large Slime","floor":7,"turns":5},{"damage":15,"enemies":"Gremlin Nob","floor":10,"turns":4},{"damage":8,"enemies":"Exordium Wildlife","floor":11,"turns":6},{"damage":21,"enemies":"3 Sentries","floor":13,"turns":6},{"damage":16,"enemies":"Lots of Slimes","floor":14,"turns":4},{"damage":61,"enemies":"The Guardian","floor":16,"turns":10},{"damage":41,"enemies":"2 Thieves","floor":18,"turns":4},{"damage":19,"enemies":"Spheric Guardian","floor":19,"turns":4},{"damage":27,"enemies":"Cultist and Chosen","floor":21,"turns":6},{"damage":26,"enemies":"Centurion and Healer","floor":24,"turns":7},{"damage":26,"enemies":"Shelled Parasite and Fungi","floor":28,"turns":7},{"damage":28,"enemies":"Snake Plant","floor":29,"turns":4},{"damage":14,"enemies":"Cultist and Chosen","floor":30,"turns":4},{"damage":22,"enemies":"Shelled Parasite and Fungi","floor":31,"turns":2}],"seed_played":"-5705129661696031169","potions_obtained":[{"floor":2,"key":"BlessingOfTheForge"},{"floor":10,"key":"SteroidPotion"},{"floor":11,"key":"Dexterity Potion"},{"floor":18,"key":"SkillPotion"},{"floor":28,"key":"DistilledChaos"}],"is_trial":false,"path_per_floor":["M","M","?","M","M","R","M","?","T","E","M","$","E","M","R","B",null,"M","M","?","M","?","R","M","R","T","R","M","M","M","M"],"character_chosen":"IRONCLAD","items_purchased":["Inflame","FearPotion"],"campfire_rested":2,"item_purchase_floors":[12,12],"current_hp_per_floor":[80,79,79,80,69,69,68,61,61,52,50,50,35,25,64,9,80,51,44,44,29,29,68,54,54,54,54,40,24,22,0,0],"gold":284,"neow_bonus":"RANDOM_COLORLESS_2","is_daily":false,"chose_seed":false,"campfire_upgraded":1,"win_rate":0.0,"timestamp":1608733084,"path_taken":["M","M","?","M","M","R","M","?","T","E","M","$","E","M","R","BOSS","M","M","?","M","?","R","M","R","T","R","M","M","M","?"],"items_purchased_type":["Card","Potion"],"build_version":"2020-12-22","purchased_purges":0,"victory":false,"max_hp_per_floor":[80,80,80,80,80,80,80,80,80,80,80,80,80,80,80,80,80,80,80,80,80,80,80,80,80,80,80,80,80,80,80,80],"card_choices":[{"not_picked":["Secret Technique","Master of Strategy"],"picked":"Metamorphosis","floor":0},{"not_picked":["Flex","Warcry","Pommel Strike"],"picked":"SKIP","floor":1},{"not_picked":["Intimidate","Clash"],"picked":"Battle Trance","floor":2},{"not_picked":["Warcry","Flex","Fire Breathing"],"picked":"SKIP","floor":4},{"not_picked":["Heavy Blade","Sentinel","Body Slam"],"picked":"SKIP","floor":5},{"not_picked":["Uppercut","Searing Blow","Cleave"],"picked":"SKIP","floor":7},{"not_picked":["Perfected Strike","Second Wind","Headbutt"],"picked":"SKIP","floor":10},{"not_picked":["Disarm","Burning Pact","Fire Breathing"],"picked":"Anger","floor":11},{"not_picked":["Warcry","Heavy Blade","Cleave","Fire Breathing"],"picked":"SKIP","floor":13},{"not_picked":["Searing Blow","Ghostly Armor","Battle Trance"],"picked":"Pummel","floor":14},{"not_picked":["Juggernaut","Offering","Bludgeon"],"picked":"Demon Form","floor":16},{"not_picked":["Perfected Strike","Disarm+1","Headbutt+1"],"picked":"Armaments+1","floor":18},{"not_picked":["Twin Strike","Armaments","Iron Wave","Clothesline"],"picked":"SKIP","floor":19},{"not_picked":["Anger","Havoc","Shrug It Off"],"picked":"Flame Barrier","floor":21},{"not_picked":["Clash","Sever Soul+1","Body Slam","Flex"],"picked":"SKIP","floor":24},{"not_picked":["Offering","Warcry","Sword Boomerang"],"picked":"Spot Weakness","floor":28},{"not_picked":["Flex","Thunderclap","Power Through+1","Searing Blow"],"picked":"SKIP","floor":29},{"not_picked":["Second Wind","Warcry+1","Sword Boomerang+1","True Grit+1"],"picked":"SKIP","floor":30}],"player_experience":401779,"relics_obtained":[{"floor":9,"key":"Matryoshka"},{"floor":10,"key":"Question Card"},{"floor":13,"key":"Regal Pillow"},{"floor":26,"key":"Anchor"}],"event_choices":[{"damage_healed":0,"gold_gain":0,"player_choice":"Grow","damage_taken":0,"max_hp_gain":0,"max_hp_loss":0,"event_name":"Living Wall","floor":3,"gold_loss":0,"cards_upgraded":["Metamorphosis"]},{"cards_removed":["Strike_R"],"damage_healed":0,"gold_gain":0,"player_choice":"Card Removal","damage_taken":7,"max_hp_gain":0,"max_hp_loss":0,"event_name":"Golden Wing","floor":8,"gold_loss":0},{"damage_healed":0,"gold_gain":0,"player_choice":"Ignored","damage_taken":0,"max_hp_gain":0,"max_hp_loss":0,"event_name":"Vampires","floor":20,"gold_loss":0},{"damage_healed":0,"gold_gain":0,"player_choice":"Opened","damage_taken":0,"relics_obtained":["Peace Pipe"],"max_hp_gain":0,"max_hp_loss":0,"event_name":"The Mausoleum","floor":22,"gold_loss":0}],"is_beta":false,"boss_relics":[{"not_picked":["Tiny House","SlaversCollar"],"picked":"Black Blood"}],"items_purged_floors":[],"is_endless":false,"potions_floor_spawned":[2,10,11,14,18,28],"killed_by":"Shelled Parasite and Fungi","ascension_level":0}}