{"host":"8rwnpls8n88jrgbg","time":1608723923,"event":{"mods":["AchievementEnabler","BaseMod","Colored Map","Colored Powertips","DeckTracker","Keyboard Shortcuts","Minty Spire (QoL Compilation)","Relic Stats","StSLib","SuperFastMode"],"gold_per_floor":[110,35,85,96,123,123,153,153,206,218,252,252,287,362,362,362,362],"floor_reached":16,"playtime":581,"items_purged":["Strike_G"],"score":282,"play_id":"abad7f61-62b7-4e4f-82aa-f0e06e870e54","local_time":"20201223204523","is_ascension_mode":true,"campfire_choices":[{"data":"Masterful Stab","floor":6.0,"key":"SMITH"},{"data":"All Out Attack","floor":8.0,"key":"SMITH"},{"data":"Finisher","floor":12.0,"key":"SMITH"},{"data":"Crippling Poison","floor":15.0,"key":"SMITH"}],"circlet_count":0,"master_deck":["AscendersBane","Strike_G","Strike_G","Strike_G","Strike_G","Defend_G+1","Defend_G","Defend_G","Defend_G+1","Defend_G","Survivor","Neutralize","Masterful Stab+1","All Out Attack+1","Finisher+1","Acrobatics","Crippling Poison+1"],"relics":["Ring of the Snake","NeowsBlessing","Bag of Marbles","War Paint","Art of War","Pantograph","Anchor"],"acts_visited":["Exordium"],"potions_floor_usage":[16],"damage_taken":[{"damage":0.0,"enemies":"Small Slimes","floor":1.0,"turns":1.0},{"damage":0.0,"enemies":"Cultist","floor":4.0,"turns":1.0},{"damage":0.0,"enemies":"Gremlin Nob","floor":7.0,"turns":1.0},{"damage":0.0,"enemies":"2 Louse","floor":10.0,"turns":1.0},{"damage":19.0,"enemies":"Lagavulin","floor":11.0,"turns":5.0},{"damage":17.0,"enemies":"3 Sentries","floor":13.0,"turns":8.0},{"damage":40,"enemies":"Slime Boss","floor":16,"turns":6}],"seed_played":"5032165048959886305","potions_obtained":[{"floor":13.0,"key":"SteroidPotion"}],"is_trial":false,"path_per_floor":["M","$","?","M","T","R","E","R","T","M","E","R","E","?","R","B"],"character_chosen":"THE_SILENT","items_purchased":[],"campfire_rested":0,"item_purchase_floors":[],"current_hp_per_floor":[59,59,53,53,53,53,53,53,53,53,34,34,17,6,6,0,0],"gold":362,"neow_bonus":"THREE_ENEMY_KILL","is_daily":false,"chose_seed":false,"campfire_upgraded":4,"win_rate":0.0,"timestamp":1608723923,"path_taken":["M","$","?","?","?","R","E","R","T","M","E","R","E","?","R","BOSS"],"items_purchased_type":[],"build_version":"2020-12-22","purchased_purges":1,"victory":false,"max_hp_per_floor":[66,66,66,66,66,66,66,66,66,66,66,66,66,66,66,66,66],"relic_stats":{"counters":[7,23],"Pantograph":25,"Art of War":[2],"War Paint":["Defend_G","Defend_G"],"obtain_stats":[{"Anchor":13,"NeowsBlessing":0,"Pantograph":11,"Bag of Marbles":5,"Art of War":9,"War Paint":7,"Ring of the Snake":0},{"Anchor":6,"NeowsBlessing":0,"Pantograph":5,"Bag of Marbles":2,"Art of War":3,"War Paint":3,"Ring of the Snake":0},{"Anchor":17,"NeowsBlessing":0,"Pantograph":9,"Bag of Marbles":2,"Art of War":3,"War Paint":3,"Ring of the Snake":0}],"Ring of the Snake":[14]},"card_choices":[{"not_picked":["Deadly Poison","Blade Dance"],"picked":"Masterful Stab","floor":1.0},{"not_picked":["Skewer","Deflect"],"picked":"All Out Attack","floor":4.0},{"not_picked":["Dagger Spray","Outmaneuver"],"picked":"Finisher","floor":7.0},{"not_picked":["Catalyst","Bane"],"picked":"Acrobatics","floor":10.0},{"not_picked":["Slice","Blur"],"picked":"Crippling Poison","floor":11.0},{"not_picked":["Concentrate","Acrobatics","Eviscerate"],"picked":"SKIP","floor":13.0}],"player_experience":1468234,"relics_obtained":[{"floor":5.0,"key":"Bag of Marbles"},{"floor":7.0,"key":"War Paint"},{"floor":9.0,"key":"Art of War"},{"floor":11.0,"key":"Pantograph"},{"floor":13.0,"key":"Anchor"}],"event_choices":[{"damage_healed":0.0,"max_hp_gain":0.0,"max_hp_loss":0.0,"gold_gain":50.0,"event_name":"FaceTrader","player_choice":"Touch","floor":3.0,"gold_loss":0.0,"damage_taken":6.0},{"damage_healed":0.0,"max_hp_gain":0.0,"max_hp_loss":0.0,"gold_gain":75.0,"event_name":"World of Goop","player_choice":"Gather Gold","floor":14.0,"gold_loss":0.0,"damage_taken":11.0}],"is_beta":false,"boss_relics":[],"items_purged_floors":[2],"is_endless":false,"potions_floor_spawned":[13],"killed_by":"Slime Boss","ascension_level":20}}