{"host":"ue7jlgf7uv134an9","time":1608693510,"event":{"mods":["BaseMod","Better Third Choice","Defuse TimeMaze Blight","Minty Spire (QoL Compilation)","Quick Restart","Rare Cards Sparkle","Relic Stats","StSLib","UnlockEverythingMod"],"gold_per_floor":[116,116,291,306,256,256,291,291,291,61,76,42,55,68,68,168,168,180,193,93,105,105,105,30,62,62,81,101,114,114,114,114,214,214,224,224,70,87,98,98,118,166,166,166,166,182,208,218,218,218],"floor_reached":51,"playtime":2667,"items_purged":["Strike_G","Strike_G"],"score":754,"play_id":"823e3a89-48e2-42d2-823c-74c1cdadcf6f","local_time":"20201222221830","is_ascension_mode":false,"campfire_choices":[{"data":"Poisoned Stab","floor":6.0,"key":"SMITH"},{"data":"Deadly Poison","floor":8.0,"key":"SMITH"},{"data":"Bane","floor":15.0,"key":"SMITH"},{"data":"Catalyst","floor":23.0,"key":"SMITH"},{"floor":30.0,"key":"REST"},{"data":"Footwork","floor":32.0,"key":"SMITH"},{"data":"Well Laid Plans","floor":40.0,"key":"SMITH"},{"floor":49,"key":"REST"}],"circlet_count":0,"master_deck":["Strike_G","Defend_G","Defend_G","Defend_G","Defend_G","Defend_G","Survivor","Neutralize","Poisoned Stab+1","Predator","Deadly Poison+1","Catalyst+1","Footwork+1","Deadly Poison","Bane+1","Corpse Explosion","Well Laid Plans+1","PiercingWail+1","Backflip","Escape Plan","Bullet Time","PiercingWail+1","Backflip+1","Prepared+1","Sucker Punch+1","Noxious Fumes","Dramatic Entrance","PiercingWail+1","Expertise+1"],"relics":["Ring of the Snake","NeowsBlessing","Vajra","Gremlin Horn","Orichalcum","Sozu","Meat on the Bone","Red Mask","Shovel","FaceOfCleric","Cursed Key","Snake Skull","Bird Faced Urn","Ninja Scroll"],"acts_visited":["Exordium","TheCity","TheBeyond"],"potions_floor_usage":[],"damage_taken":[{"damage":0.0,"enemies":"Jaw Worm","floor":1.0,"turns":1.0},{"damage":0.0,"enemies":"Small Slimes","floor":4.0,"turns":1.0},{"damage":0.0,"enemies":"3 Sentries","floor":7.0,"turns":1.0},{"damage":0.0,"enemies":"Cultist","floor":11.0,"turns":2.0},{"damage":0.0,"enemies":"Exordium Wildlife","floor":13.0,"turns":3.0},{"damage":0.0,"enemies":"2 Fungi Beasts","floor":14.0,"turns":2.0},{"damage":34.0,"enemies":"Hexaghost","floor":16.0,"turns":8.0},{"damage":0.0,"enemies":"3 Byrds","floor":18.0,"turns":2.0},{"damage":12.0,"enemies":"Shell Parasite","floor":19.0,"turns":3.0},{"damage":8.0,"enemies":"Snake Plant","floor":21.0,"turns":3.0},{"damage":25.0,"enemies":"Masked Bandits","floor":25.0,"turns":6.0},{"damage":7.0,"enemies":"Shelled Parasite and Fungi","floor":27.0,"turns":6.0},{"damage":5.0,"enemies":"Centurion and Healer","floor":28.0,"turns":4.0},{"damage":2.0,"enemies":"Chosen and Byrds","floor":29.0,"turns":6.0},{"damage":39.0,"enemies":"Automaton","floor":33.0,"turns":9.0},{"damage":0.0,"enemies":"3 Shapes","floor":35.0,"turns":4.0},{"damage":12.0,"enemies":"Orb Walker","floor":38.0,"turns":3.0},{"damage":0.0,"enemies":"3 Darklings","floor":39.0,"turns":5.0},{"damage":0.0,"enemies":"Jaw Worm Horde","floor":41.0,"turns":2.0},{"damage":28.0,"enemies":"2 Orb Walkers","floor":42.0,"turns":6.0},{"damage":0.0,"enemies":"Sphere and 2 Shapes","floor":46.0,"turns":4.0},{"damage":19.0,"enemies":"Giant Head","floor":47.0,"turns":8.0},{"damage":0.0,"enemies":"3 Darklings","floor":48.0,"turns":5.0},{"damage":18,"enemies":"Donu and Deca","floor":50,"turns":5}],"seed_played":"-4459598151101438042","potions_obtained":[{"floor":1.0,"key":"SteroidPotion"},{"floor":11.0,"key":"AttackPotion"},{"floor":14.0,"key":"Energy Potion"},{"floor":16.0,"key":"Energy Potion"}],"is_trial":false,"path_per_floor":["M","?","?","M","?","R","E","R","T","$","M","$","M","M","R","B",null,"M","M","$","M","?","R","?","?","T","M","M","M","R","?","R","B",null,"M","?","$","M","M","R","M","?","T","?","?","M","E","M","R","B",null],"character_chosen":"THE_SILENT","items_purchased":["Orichalcum","Footwork","Snake Skull"],"campfire_rested":2,"item_purchase_floors":[10,12,37],"current_hp_per_floor":[70,75,75,75,75,75,75,75,75,75,75,75,75,75,75,41,75,75,63,63,55,55,55,55,42,42,47,42,40,62,62,62,36,76,77,77,77,66,67,67,68,53,53,53,53,60,48,55,80,67],"gold":218,"neow_bonus":"THREE_ENEMY_KILL","is_daily":false,"chose_seed":false,"campfire_upgraded":6,"win_rate":0.0,"timestamp":1608693510,"path_taken":["M","?","?","M","?","R","E","R","T","?","M","$","M","M","R","BOSS","M","?","$","M","?","R","?","?","T","M","M","?","R","?","R","BOSS","M","?","$","M","M","R","M","?","T","?","?","M","E","M","R","BOSS"],"items_purchased_type":["Relic","Card","Relic"],"build_version":"2020-12-13","purchased_purges":2,"victory":true,"max_hp_per_floor":[70,75,75,75,75,75,75,75,75,75,75,75,75,75,75,75,75,75,75,75,75,75,75,75,75,75,75,75,75,75,75,75,76,76,77,77,77,78,79,79,80,81,81,81,81,82,83,84,84,85],"relic_stats":{"Sozu":8,"Shovel":0,"Gremlin Horn":[19,19],"FaceOfCleric":10,"counters":[24,99],"Bird Faced Urn":[22],"Snake Skull":[68],"Orichalcum":[234],"Cursed Key":0,"obtain_stats":[{"NeowsBlessing":0,"Gremlin Horn":9,"Vajra":7,"Snake Skull":37,"Orichalcum":10,"Cursed Key":34,"Sozu":17,"Shovel":26,"FaceOfCleric":31,"Ninja Scroll":47,"Bird Faced Urn":42,"Red Mask":25,"Ring of the Snake":0,"Meat on the Bone":22},{"NeowsBlessing":0,"Gremlin Horn":3,"Vajra":3,"Snake Skull":16,"Orichalcum":3,"Cursed Key":15,"Sozu":7,"Shovel":11,"FaceOfCleric":14,"Ninja Scroll":22,"Bird Faced Urn":20,"Red Mask":11,"Ring of the Snake":0,"Meat on the Bone":10},{"NeowsBlessing":0,"Gremlin Horn":3,"Vajra":3,"Snake Skull":61,"Orichalcum":3,"Cursed Key":57,"Sozu":18,"Shovel":32,"FaceOfCleric":48,"Ninja Scroll":89,"Bird Faced Urn":77,"Red Mask":32,"Ring of the Snake":0,"Meat on the Bone":26}],"Ring of the Snake":[48],"Meat on the Bone":48},"card_choices":[{"not_picked":["Choke","Outmaneuver"],"picked":"Poisoned Stab","floor":1.0},{"not_picked":["Catalyst","Acrobatics"],"picked":"Predator","floor":4.0},{"not_picked":["Eviscerate","Poisoned Stab"],"picked":"Deadly Poison","floor":7.0},{"not_picked":["Leg Sweep","Acrobatics"],"picked":"Catalyst","floor":11.0},{"not_picked":["Dagger Spray","Slice"],"picked":"Deadly Poison","floor":13.0},{"not_picked":["Tactician","Prepared"],"picked":"Bane","floor":14.0},{"not_picked":["Grand Finale","Phantasmal Killer"],"picked":"Corpse Explosion","floor":16.0},{"not_picked":["Dagger Throw","Outmaneuver+1"],"picked":"Well Laid Plans","floor":18.0},{"not_picked":["Distraction","Deadly Poison"],"picked":"PiercingWail+1","floor":19.0},{"not_picked":["Deadly Poison","Quick Slash","Flechettes"],"picked":"SKIP","floor":21.0},{"not_picked":["PiercingWail","Bane"],"picked":"Backflip","floor":25.0},{"not_picked":["Quick Slash+1","Flechettes+1","Dagger Throw+1"],"picked":"SKIP","floor":27.0},{"not_picked":["Night Terror","Dodge and Roll+1"],"picked":"Escape Plan","floor":28.0},{"not_picked":["Outmaneuver","Dagger Spray","Bane"],"picked":"SKIP","floor":29.0},{"not_picked":["Wraith Form v2","Grand Finale"],"picked":"Bullet Time","floor":33.0},{"not_picked":["Bane+1","Reflex+1"],"picked":"PiercingWail+1","floor":35.0},{"not_picked":["Concentrate+1","Prepared"],"picked":"Backflip+1","floor":38.0},{"not_picked":["PiercingWail","Caltrops+1"],"picked":"Prepared+1","floor":39.0},{"not_picked":["PiercingWail+1","Cloak And Dagger"],"picked":"Sucker Punch+1","floor":41.0},{"not_picked":["Deadly Poison","Night Terror"],"picked":"Noxious Fumes","floor":42.0},{"not_picked":["Bandage Up","Swift Strike"],"picked":"Dramatic Entrance","floor":45.0},{"not_picked":["Dodge and Roll","Blade Dance"],"picked":"PiercingWail+1","floor":46.0},{"not_picked":["Dodge and Roll","Blade Dance+1"],"picked":"Expertise+1","floor":47.0},{"not_picked":["Infinite Blades+1","Poisoned Stab","Grand Finale"],"picked":"SKIP","floor":48.0}],"player_experience":30097,"relics_obtained":[{"floor":7.0,"key":"Vajra"},{"floor":9.0,"key":"Gremlin Horn"},{"floor":25.0,"key":"Red Mask"},{"floor":26.0,"key":"Shovel"},{"floor":42.0,"key":"Bird Faced Urn"},{"floor":47.0,"key":"Ninja Scroll"}],"event_choices":[{"damage_healed":0.0,"max_hp_gain":5.0,"max_hp_loss":0.0,"gold_gain":0.0,"event_name":"Big Fish","player_choice":"Donut","floor":2.0,"gold_loss":0.0,"damage_taken":0.0},{"damage_healed":0.0,"max_hp_gain":0.0,"max_hp_loss":0.0,"gold_gain":175.0,"event_name":"betterThird:BetterSerpent","player_choice":"AGREE","floor":3.0,"gold_loss":0.0,"damage_taken":116.0},{"cards_removed":["Doubt"],"damage_healed":0.0,"max_hp_gain":0.0,"max_hp_loss":0.0,"gold_gain":0.0,"event_name":"The Cleric","player_choice":"Card Removal","floor":5.0,"gold_loss":50.0,"damage_taken":0.0},{"damage_healed":0.0,"max_hp_gain":0.0,"max_hp_loss":0.0,"gold_gain":0.0,"event_name":"The Mausoleum","player_choice":"Opened","floor":22.0,"gold_loss":0.0,"damage_taken":0.0,"relics_obtained":["Meat on the Bone"]},{"cards_removed":["Strike_G"],"damage_healed":0.0,"max_hp_gain":0.0,"max_hp_loss":0.0,"gold_gain":0.0,"event_name":"Beggar","player_choice":"Gave Gold","floor":24.0,"gold_loss":75.0,"damage_taken":0.0},{"damage_healed":0.0,"max_hp_gain":0.0,"max_hp_loss":0.0,"gold_gain":0.0,"event_name":"Masked Bandits","player_choice":"Fought Bandits","floor":25.0,"gold_loss":0.0,"damage_taken":0.0},{"damage_healed":0.0,"max_hp_gain":0.0,"max_hp_loss":0.0,"gold_gain":0.0,"event_name":"FaceTrader","player_choice":"Trade","floor":31.0,"gold_loss":0.0,"damage_taken":0.0,"relics_obtained":["FaceOfCleric"]},{"damage_healed":0.0,"max_hp_gain":0.0,"max_hp_loss":0.0,"gold_gain":0.0,"event_name":"Tomb of Lord Red Mask","player_choice":"Ignored","floor":36.0,"gold_loss":0.0,"damage_taken":0.0},{"damage_healed":0.0,"max_hp_gain":0.0,"max_hp_loss":0.0,"gold_gain":0.0,"event_name":"Mysterious Sphere","player_choice":"Fight","floor":42.0,"gold_loss":0.0,"damage_taken":0.0},{"cards_removed":["Strike_G"],"damage_healed":0.0,"max_hp_gain":0.0,"max_hp_loss":0.0,"gold_gain":0.0,"event_name":"Falling","player_choice":"Removed Attack","floor":44.0,"gold_loss":0.0,"damage_taken":0.0},{"damage_healed":0.0,"max_hp_gain":0.0,"max_hp_loss":0.0,"gold_gain":0.0,"event_name":"SensoryStone","player_choice":"Memory 1","floor":45.0,"gold_loss":0.0,"damage_taken":0.0}],"is_beta":false,"boss_relics":[{"not_picked":["SlaversCollar","SacredBark"],"picked":"Sozu"},{"not_picked":["Coffee Dripper","Calling Bell"],"picked":"Cursed Key"}],"items_purged_floors":[10,20],"is_endless":false,"potions_floor_spawned":[1,11,14,16,18,25,28,29,33,35,41,46],"ascension_level":0}}