{"host":"94aus4jnk6thj94q","time":1608722976,"event":{"mods":["BaseMod","Minty Spire (QoL Compilation)","Quick Restart","StSLib"],"gold_per_floor":[118,134,153,164,176,176,204,107,107,29,47,47,67,67,67,168,168,182,182,182],"floor_reached":19,"playtime":962,"items_purged":["Regret"],"score":171,"play_id":"223caf3d-9e72-490b-9daf-f13f2366b857","local_time":"20201223132936","is_ascension_mode":false,"campfire_choices":[{"floor":6,"key":"REST"},{"floor":15,"key":"REST"}],"circlet_count":0,"master_deck":["Strike_B","Strike_B","Strike_B","Strike_B","Defend_B","Defend_B","Defend_B","Defend_B","Zap","Dualcast","Gash","Gash","BootSequence","Doom and Gloom","Defragment","Leap","Cold Snap","Loop","Blizzard","Core Surge"],"relics":["Cracked Core","Ginger","Meat on the Bone","Toxic Egg 2","Orichalcum","Velvet Choker"],"acts_visited":["Exordium","TheCity"],"potions_floor_usage":[7,7,7,7],"damage_taken":[{"damage":5,"enemies":"Jaw Worm","floor":1,"turns":3},{"damage":2,"enemies":"Cultist","floor":2,"turns":3},{"damage":1,"enemies":"Small Slimes","floor":3,"turns":3},{"damage":3,"enemies":"Blue Slaver","floor":4,"turns":3},{"damage":11,"enemies":"Looter","floor":5,"turns":3},{"damage":22,"enemies":"Lagavulin","floor":7,"turns":7},{"damage":0,"enemies":"3 Louse","floor":11,"turns":3},{"damage":10,"enemies":"Lots of Slimes","floor":13,"turns":3},{"damage":26,"enemies":"Slime Boss","floor":16,"turns":9},{"damage":17,"enemies":"Spheric Guardian","floor":18,"turns":6},{"damage":31,"enemies":"3 Byrds","floor":19,"turns":5}],"seed_played":"-7223521651707317549","potions_obtained":[{"floor":2,"key":"PowerPotion"},{"floor":3,"key":"EntropicBrew"},{"floor":4,"key":"SpeedPotion"},{"floor":16,"key":"Ancient Potion"}],"is_trial":false,"path_per_floor":["M","M","M","M","M","R","E","$","T","$","M","$","M","?","R","B",null,"M","M"],"character_chosen":"DEFECT","items_purchased":["Cold Snap","Loop"],"campfire_rested":2,"item_purchase_floors":[8,10],"current_hp_per_floor":[70,68,67,64,53,75,53,53,53,53,53,53,43,43,65,39,75,58,27,27],"gold":182,"neow_bonus":"ONE_RARE_RELIC","is_daily":false,"chose_seed":false,"campfire_upgraded":0,"win_rate":0.0,"timestamp":1608722976,"path_taken":["M","M","M","M","M","R","E","$","T","$","M","$","M","?","R","BOSS","M","M"],"items_purchased_type":["Card","Card"],"build_version":"2020-12-13","purchased_purges":1,"victory":false,"max_hp_per_floor":[75,75,75,75,75,75,75,75,75,75,75,75,75,75,75,75,75,75,75,75],"card_choices":[{"not_picked":["Go for the Eyes","Stack"],"picked":"Gash","floor":1},{"not_picked":["Go for the Eyes","Stack"],"picked":"Gash","floor":1},{"not_picked":["Sweeping Beam","Redo"],"picked":"BootSequence","floor":2},{"not_picked":["Leap","Stack"],"picked":"Doom and Gloom","floor":3},{"not_picked":["Sweeping Beam","Scrape"],"picked":"Defragment","floor":4},{"not_picked":["Rebound","Rip and Tear"],"picked":"Leap","floor":5},{"not_picked":["Steam","Rebound","Beam Cell"],"picked":"SKIP","floor":7},{"not_picked":["Stack+1","Sweeping Beam"],"picked":"Blizzard","floor":11},{"not_picked":["Reprogram+1","Force Field+1","Hello World"],"picked":"SKIP","floor":13},{"not_picked":["Fission+1","Rainbow+1"],"picked":"Core Surge","floor":16},{"not_picked":["Coolheaded+1","Force Field+1","Double Energy+1"],"picked":"SKIP","floor":18}],"player_experience":5627986,"relics_obtained":[{"floor":7,"key":"Meat on the Bone"},{"floor":9,"key":"Toxic Egg 2"}],"event_choices":[{"damage_healed":0,"gold_gain":0,"player_choice":"Gave Potion","damage_taken":0,"relics_obtained":["Orichalcum"],"max_hp_gain":0,"max_hp_loss":0,"event_name":"WeMeetAgain","floor":14,"gold_loss":0}],"is_beta":false,"boss_relics":[{"not_picked":["Pandora\u0027s Box","Empty Cage"],"picked":"Velvet Choker"}],"items_purged_floors":[8],"is_endless":false,"potions_floor_spawned":[2,3,4,16],"killed_by":"3 Byrds","ascension_level":0}}