{"host":"cjhtzh7tp54jdfyv","time":1608690240,"event":{"mods":["AchievementEnabler","BaseMod","Colored Map","Colored Powertips","Downfall","Minty Spire (QoL Compilation)","RNG Fix","Relic Stats","StSLib","ojb\u0027s Better Paths Mod","ojb\u0027s Info Mod"],"gold_per_floor":[99,112,132,142,142,142,169,169,197,223,223,243,57,57,69,166,166,166,185,196,106,106,135,135,135,146,178,198,198,218,26,45,142,142,67,77,77,91,76,1,1,1,1,13,138,151,76,107,117,117,117,143,16,16,16],"floor_reached":56,"playtime":8383,"items_purged":["Guardian:Strike_Guardian","Guardian:Strike_Guardian","sneckomod:Bewildered"],"score":1317,"play_id":"957b12a8-d20c-46c6-9b9f-d2f93f0a0faa","local_time":"20201222212400","is_ascension_mode":false,"campfire_choices":[{"data":"Guardian:TwinSlam","floor":1.0,"key":"SMITH"},{"data":"Guardian:CurlUp","floor":6.0,"key":"SMITH"},{"data":"Guardian:HyperBeam_Guardian","floor":18.0,"key":"SMITH"},{"floor":35.0,"key":"RECALL"},{"floor":40.0,"key":"REST"},{"floor":43.0,"key":"REST"},{"floor":47,"key":"REST"},{"floor":54,"key":"REST"}],"circlet_count":0,"master_deck":["Guardian:Defend_Guardian","Guardian:Defend_Guardian+1","Guardian:Defend_Guardian","Guardian:Defend_Guardian","Guardian:CurlUp+1","Guardian:TwinSlam+1","Guardian:Harden","Guardian:SentryBeam","Guardian:TimeCapacitor","Guardian:EvasiveProtocol","Guardian:Recover","Guardian:WalkerClaw","Guardian:ShieldCharger","Guardian:HyperBeam_Guardian+1","Guardian:BronzeArmor","Guardian:ExploitGems","Guardian:ChargeCore","Guardian:MultiBeam","Guardian:ArmoredProtocol+1","Guardian:PrismaticBeam","Guardian:ConstructionForm","Guardian:BronzeOrb+1","Guardian:Clone","Guardian:EvasiveProtocol","Guardian:TimeSifter","Guardian:BronzeOrb","Guardian:DecasProtection","Guardian:AncientConstruct","Guardian:SpikerProtocol+1","Guardian:TimeCapacitor","expansioncontent:Collect","expansioncontent:YouAreMine","Guardian:Gem_Purple","Guardian:Reroute","Guardian:TimeCapacitor","Guardian:ShieldSpikes","Guardian:Gem_Orange","Guardian:EvasiveProtocol"],"relics":["Guardian:ModeShifter","Guardian:PickAxe","Art of War","Odd Mushroom","Pen Nib","Meat on the Bone","Ice Cream","Cursed Key","Orichalcum","The Courier","Fusion Hammer","downfall:HeartBlessingGreen","downfall:HeartBlessingRed","downfall:HeartBlessingBlue","Regal Pillow","CaptainsWheel"],"acts_visited":["Exordium","TheCity","TheBeyond","TheEnding"],"potions_floor_usage":[48,55,55],"damage_taken":[{"damage":0.0,"enemies":"Small Slimes","floor":2.0,"turns":3.0},{"damage":0.0,"enemies":"Cultist","floor":3.0,"turns":4.0},{"damage":1.0,"enemies":"Jaw Worm","floor":4.0,"turns":4.0},{"damage":0.0,"enemies":"The Mushroom Lair","floor":9.0,"turns":5.0},{"damage":11.0,"enemies":"Gremlin Nob","floor":10.0,"turns":4.0},{"damage":8.0,"enemies":"Large Slime","floor":12.0,"turns":8.0},{"damage":0.0,"enemies":"downfall:FleeingMerchant","floor":13.0,"turns":4.0},{"damage":5.0,"enemies":"Exordium Thugs","floor":15.0,"turns":3.0},{"damage":8.0,"enemies":"downfall:Watcher","floor":16.0,"turns":12.0},{"damage":0.0,"enemies":"Spheric Guardian","floor":19.0,"turns":5.0},{"damage":0.0,"enemies":"Snake Plant","floor":20.0,"turns":5.0},{"damage":0.0,"enemies":"downfall:FleeingMerchant","floor":21.0,"turns":4.0},{"damage":0.0,"enemies":"Slavers","floor":23.0,"turns":3.0},{"damage":3.0,"enemies":"Snecko","floor":26.0,"turns":6.0},{"damage":0.0,"enemies":"Book of Stabbing","floor":27.0,"turns":7.0},{"damage":0.0,"enemies":"Chosen and Byrds","floor":28.0,"turns":9.0},{"damage":0.0,"enemies":"Centurion and Healer","floor":30.0,"turns":7.0},{"damage":0.0,"enemies":"downfall:FleeingMerchant","floor":31.0,"turns":4.0},{"damage":14.0,"enemies":"Snake Plant","floor":32.0,"turns":8.0},{"damage":0.0,"enemies":"downfall:Ironclad","floor":33.0,"turns":10.0},{"damage":2.0,"enemies":"3 Shapes","floor":36.0,"turns":10.0},{"damage":13.0,"enemies":"3 Darklings","floor":38.0,"turns":7.0},{"damage":7.0,"enemies":"downfall:FleeingMerchant","floor":39.0,"turns":4.0},{"damage":6.0,"enemies":"4 Shapes","floor":44.0,"turns":10.0},{"damage":0.0,"enemies":"downfall:FleeingMerchant","floor":45.0,"turns":2.0},{"damage":0,"enemies":"Giant Head","floor":46,"turns":13},{"damage":16,"enemies":"Reptomancer","floor":48,"turns":7},{"damage":21,"enemies":"Transient","floor":49,"turns":5},{"damage":21,"enemies":"downfall:Defect","floor":50,"turns":11},{"damage":77,"enemies":"downfall:CharBossMerchant","floor":52,"turns":13},{"damage":66,"enemies":"downfall:NeowBoss","floor":55,"turns":32}],"seed_played":"-2934895548662646776","potions_obtained":[{"floor":4.0,"key":"DuplicationPotion"},{"floor":12.0,"key":"BlessingOfTheForge"},{"floor":15.0,"key":"Block Potion"},{"floor":16.0,"key":"Slimebound:ThreeZeroPotion"},{"floor":20.0,"key":"Block Potion"},{"floor":23.0,"key":"BlessingOfTheForge"},{"floor":25.0,"key":"downfall:CursedFountainPotion"},{"floor":26.0,"key":"Ancient Potion"},{"floor":36.0,"key":"champ:CounterPotion"},{"floor":49,"key":"FairyPotion"},{"floor":52,"key":"Guardian:DefensiveModePotion"}],"is_trial":false,"path_per_floor":["R","M","M","M","?","R","T","R","?","E","T","M","$","?","M","B",null,"R","M","M","$","?","E","T","?","M","E","M","R","M","$","M","B",null,"R","M","?","M","$","R","T","?","R","M","$","E","R","E","M","B",null,"E","$","R","B",null],"character_chosen":"GUARDIAN","items_purchased":["Guardian:ShieldCharger","Guardian:HyperBeam_Guardian","Guardian:PrismaticBeam","Guardian:Gem_Purple","Guardian:BronzeOrb","Guardian:Gem_Purple","Guardian:Reroute","Guardian:TimeCapacitor","Guardian:EvasiveProtocol"],"campfire_rested":4,"item_purchase_floors":[13,13,21,31,31,45,45,45,53],"current_hp_per_floor":[88,88,88,87,75,75,75,75,75,64,64,56,56,49,56,48,88,88,88,88,88,80,80,80,80,77,77,77,77,77,77,63,63,88,88,86,86,73,66,88,88,78,88,82,82,82,98,82,61,52,98,33,33,77,23],"gold":16,"neow_bonus":"TEN_PERCENT_HP_BONUS","is_daily":false,"chose_seed":false,"campfire_upgraded":3,"win_rate":0.0,"timestamp":1608690240,"path_taken":["R","M","M","M","?","R","T","R","?","E","?","M","$","?","M","BOSS","R","M","M","$","?","E","T","?","M","E","?","R","M","$","M","BOSS","R","M","?","M","$","R","T","?","R","M","$","E","R","E","M","BOSS","E","$","R","BOSS"],"items_purchased_type":["Card","Card","Card","Card","Card","Card","Card","Card","Card"],"build_version":"2020-12-13","purchased_purges":3,"victory":true,"max_hp_per_floor":[88,88,88,88,88,88,88,88,88,88,88,88,88,88,88,88,88,88,88,88,88,88,88,88,88,88,88,88,88,88,88,88,88,88,88,88,88,88,88,88,88,88,88,88,88,88,98,98,98,98,98,98,98,98,98],"relic_stats":{"Regal Pillow":15,"counters":[31,229],"Pen Nib":[29],"Art of War":[55],"Orichalcum":[66],"Cursed Key":1,"obtain_stats":[{"Ice Cream":14,"Regal Pillow":48,"downfall:HeartBlessingRed":40,"Guardian:ModeShifter":0,"downfall:HeartBlessingGreen":35,"Pen Nib":10,"The Courier":27,"Odd Mushroom":9,"Orichalcum":23,"Cursed Key":17,"Guardian:PickAxe":5,"CaptainsWheel":52,"downfall:HeartBlessingBlue":47,"Fusion Hammer":34,"Art of War":7,"Meat on the Bone":11},{"Ice Cream":7,"Regal Pillow":27,"downfall:HeartBlessingRed":23,"Guardian:ModeShifter":0,"downfall:HeartBlessingGreen":20,"Pen Nib":5,"The Courier":15,"Odd Mushroom":4,"Orichalcum":13,"Cursed Key":9,"Guardian:PickAxe":3,"CaptainsWheel":30,"downfall:HeartBlessingBlue":26,"Fusion Hammer":20,"Art of War":3,"Meat on the Bone":5},{"Ice Cream":32,"Regal Pillow":168,"downfall:HeartBlessingRed":136,"Guardian:ModeShifter":0,"downfall:HeartBlessingGreen":115,"Pen Nib":20,"The Courier":77,"Odd Mushroom":16,"Orichalcum":64,"Cursed Key":47,"Guardian:PickAxe":11,"CaptainsWheel":197,"downfall:HeartBlessingBlue":161,"Fusion Hammer":115,"Art of War":11,"Meat on the Bone":20}],"Meat on the Bone":48},"card_choices":[{"not_picked":["Guardian:Gem_Lightblue","Guardian:PrimingBeam"],"picked":"Guardian:Harden","floor":2.0},{"not_picked":["Guardian:Recover","Guardian:Emergency"],"picked":"Guardian:SentryBeam","floor":3.0},{"not_picked":["Guardian:TemporalStrike","Guardian:WalkerClaw"],"picked":"Guardian:TimeCapacitor","floor":4.0},{"not_picked":["Guardian:Suspension","Guardian:BronzeArmor"],"picked":"Guardian:Gem_White","floor":9.0},{"not_picked":["Guardian:Gem_Red","Guardian:Gem_Green"],"picked":"Guardian:EvasiveProtocol","floor":10.0},{"not_picked":["Guardian:PrimingBeam","Guardian:RefractedBeam"],"picked":"Guardian:Recover","floor":12.0},{"not_picked":["Guardian:SentryBeam","Guardian:CrystalBeam"],"picked":"Guardian:WalkerClaw","floor":13.0},{"not_picked":["Guardian:Suspension","Guardian:PrimingBeam"],"picked":"Guardian:BronzeArmor","floor":15.0},{"not_picked":["Guardian:HyperBeam_Guardian","Guardian:BaubleBeam"],"picked":"Guardian:ExploitGems","floor":16.0},{"not_picked":["Guardian:PrimingBeam+1","Guardian:Recover"],"picked":"Guardian:ChargeCore","floor":19.0},{"not_picked":["Guardian:RollAttack","Guardian:FloatingOrbs"],"picked":"Guardian:MultiBeam","floor":20.0},{"not_picked":["Guardian:Gem_Cyan","Guardian:TimeCapacitor"],"picked":"Guardian:ArmoredProtocol+1","floor":21.0},{"not_picked":["Guardian:Planning","Guardian:PrimingBeam+1"],"picked":"Guardian:ConstructionForm","floor":23.0},{"not_picked":["Guardian:PrimingBeam+1","Guardian:Incinerate"],"picked":"Guardian:BronzeOrb+1","floor":26.0},{"not_picked":["Guardian:Gem_Cyan","Guardian:Gem_Green","Guardian:ChargeCore"],"picked":"SKIP","floor":27.0},{"not_picked":["Guardian:Incinerate","Guardian:WalkerClaw+1"],"picked":"Guardian:Clone","floor":28.0},{"not_picked":["Guardian:PiercingHide+1","Guardian:Gem_Red"],"picked":"Guardian:EvasiveProtocol","floor":30.0},{"not_picked":["Guardian:Clone","Guardian:PiercingHide"],"picked":"Guardian:TimeSifter","floor":31.0},{"not_picked":["Guardian:TemporalShield","Guardian:Incinerate+1"],"picked":"Guardian:DecasProtection","floor":32.0},{"not_picked":["Guardian:StasisStrike","Guardian:StasisField"],"picked":"Guardian:AncientConstruct","floor":33.0},{"not_picked":["Guardian:SentryBeam+1","Guardian:Recover"],"picked":"Guardian:SpikerProtocol+1","floor":36.0},{"not_picked":["Guardian:Gem_White","Guardian:GuardianWhirl+1"],"picked":"Guardian:TimeCapacitor","floor":38.0},{"not_picked":["Guardian:Recover","Guardian:TemporalStrike"],"picked":"Guardian:Gem_Orange","floor":39.0},{"not_picked":["expansioncontent:BronzeBeam","expansioncontent:LastStand"],"picked":"expansioncontent:Collect","floor":42.0},{"not_picked":["expansioncontent:FaceSlap","expansioncontent:DonusPower"],"picked":"expansioncontent:YouAreMine","floor":42.0},{"not_picked":["Guardian:ChargeCore","Guardian:Gem_Lightblue"],"picked":"Guardian:Gem_White","floor":44.0},{"not_picked":["Guardian:Recover","Guardian:SentryBeam","Guardian:WalkerClaw+1"],"picked":"SKIP","floor":46},{"not_picked":["Guardian:HyperBeam_Guardian","Guardian:Gem_Green"],"picked":"Guardian:ShieldSpikes","floor":48},{"not_picked":["Guardian:Incinerate+1","Guardian:RollAttack","Guardian:Preprogram+1"],"picked":"SKIP","floor":49},{"not_picked":["Guardian:RollAttack","Guardian:Gem_Green"],"picked":"Guardian:Gem_Orange","floor":52}],"player_experience":4414313,"relics_obtained":[{"floor":7.0,"key":"Art of War"},{"floor":9.0,"key":"Odd Mushroom"},{"floor":10.0,"key":"Pen Nib"},{"floor":11.0,"key":"Meat on the Bone"},{"floor":23.0,"key":"Orichalcum"},{"floor":27.0,"key":"The Courier"},{"floor":48,"key":"Regal Pillow"},{"floor":52,"key":"CaptainsWheel"}],"event_choices":[{"damage_healed":0.0,"max_hp_gain":0.0,"max_hp_loss":0.0,"gold_gain":0.0,"event_name":"Mushrooms","player_choice":"Fought Mushrooms","floor":9.0,"gold_loss":0.0,"damage_taken":0.0},{"damage_healed":0.0,"max_hp_gain":0.0,"max_hp_loss":0.0,"gold_gain":0.0,"event_name":"Scrap Ooze","player_choice":"Success","floor":14.0,"gold_loss":0.0,"damage_taken":7.0,"relics_obtained":["Ice Cream"]},{"cards_removed":["Guardian:Strike_Guardian"],"damage_healed":0.0,"max_hp_gain":0.0,"max_hp_loss":0.0,"gold_gain":0.0,"event_name":"Purifier","player_choice":"Purged","floor":37.0,"gold_loss":0.0,"damage_taken":0.0}],"is_beta":false,"boss_relics":[{"not_picked":["Velvet Choker","Calling Bell"],"picked":"Cursed Key"},{"not_picked":["SlaversCollar","Runic Dome"],"picked":"Fusion Hammer"}],"items_purged_floors":[31,45,53],"is_endless":false,"potions_floor_spawned":[4,12,15,16,20,23,26,27,32,36,49,52],"ascension_level":0}}