{"host":"Melcetto","time":1608739050,"event":{"mods":["AlwaysNeverKeys","BaseMod","Better Vampires","Colored Map","Colored Powertips","DeckTracker","Emptier Cage","Minty Spire (QoL Compilation)","Permanent Neow","Quick Restart","Random Character Button","Rare Cards Sparkle","Relic Sorter","Relic Stats","StSLib","Transform Curses"],"gold_per_floor":[117,117,128,145,157,211,231,262,308,308,335,335,62,74,74,145,145,156,56,75,75,94,119,119,145,145,165,195,206,206,238,238,313,313,332,332,207,207,207,207,222,222,222,247,265,296,309,309,309,309,309,309,309,26,58,58,58],"floor_reached":56,"playtime":5706,"items_purged":["Strike_R","Strike_R","Defend_R"],"score":2010,"play_id":"696cb965-ab5e-4191-bbd0-acc2d3a83a8f","local_time":"20201223105730","is_ascension_mode":true,"campfire_choices":[{"data":"Armaments","floor":10.0,"key":"SMITH"},{"data":"Disarm","floor":12.0,"key":"SMITH"},{"data":"Shockwave","floor":15.0,"key":"SMITH"},{"data":"Immolate","floor":24.0,"key":"SMITH"},{"data":"Flame Barrier","floor":30.0,"key":"SMITH"},{"data":"Shrug It Off","floor":32.0,"key":"SMITH"},{"data":"Defend_R","floor":40.0,"key":"SMITH"},{"data":"Body Slam","floor":42.0,"key":"SMITH"},{"data":"Impervious","floor":49,"key":"SMITH"},{"floor":53,"key":"REST"}],"circlet_count":0,"master_deck":["AscendersBane","Strike_R+1","Defend_R+1","Defend_R+1","Defend_R+1","Bash+1","Shockwave+1","Disarm+1","Battle Trance+1","Armaments+1","Fire Breathing+1","Feel No Pain+1","Immolate+1","Shrug It Off+1","Headbutt+1","Flame Barrier+1","Burning Pact+1","Demon Form+1","Clothesline+1","Body Slam+1","Feel No Pain+1","Shrug It Off","Impervious+1","Dark Shackles","Shrug It Off"],"relics":["Burning Blood","War Paint","Whetstone","Happy Flower","Centennial Puzzle","Frozen Egg 2","Vajra","Cursed Key","Art of War","Bag of Preparation","HornCleat","Bag of Marbles","Velvet Choker","Singing Bowl","Sundial","Oddly Smooth Stone"],"acts_visited":["Exordium","TheCity","TheBeyond","TheEnding"],"potions_floor_usage":[46,47,51,55,56],"damage_taken":[{"damage":2.0,"enemies":"2 Louse","floor":1.0,"turns":4.0},{"damage":3.0,"enemies":"Cultist","floor":3.0,"turns":4.0},{"damage":1.0,"enemies":"Jaw Worm","floor":4.0,"turns":5.0},{"damage":6.0,"enemies":"3 Louse","floor":5.0,"turns":7.0},{"damage":29.0,"enemies":"3 Sentries","floor":6.0,"turns":10.0},{"damage":1.0,"enemies":"2 Fungi Beasts","floor":7.0,"turns":4.0},{"damage":22.0,"enemies":"Gremlin Nob","floor":8.0,"turns":4.0},{"damage":4.0,"enemies":"Lagavulin","floor":11.0,"turns":6.0},{"damage":1.0,"enemies":"Red Slaver","floor":14.0,"turns":4.0},{"damage":12.0,"enemies":"Hexaghost","floor":16.0,"turns":9.0},{"damage":3.0,"enemies":"3 Byrds","floor":18.0,"turns":5.0},{"damage":1.0,"enemies":"Spheric Guardian","floor":20.0,"turns":5.0},{"damage":0.0,"enemies":"Cultist and Chosen","floor":22.0,"turns":4.0},{"damage":25.0,"enemies":"Book of Stabbing","floor":23.0,"turns":6.0},{"damage":22.0,"enemies":"Slavers","floor":25.0,"turns":2.0},{"damage":0.0,"enemies":"Snake Plant","floor":27.0,"turns":3.0},{"damage":2.0,"enemies":"Book of Stabbing","floor":28.0,"turns":5.0},{"damage":0.0,"enemies":"Snecko","floor":29.0,"turns":3.0},{"damage":5.0,"enemies":"Slavers","floor":31.0,"turns":3.0},{"damage":45.0,"enemies":"Automaton","floor":33.0,"turns":10.0},{"damage":0.0,"enemies":"3 Shapes","floor":35.0,"turns":3.0},{"damage":8.0,"enemies":"3 Darklings","floor":41.0,"turns":3.0},{"damage":0,"enemies":"Nemesis","floor":44,"turns":5},{"damage":3,"enemies":"Spire Growth","floor":45,"turns":4},{"damage":16,"enemies":"Giant Head","floor":46,"turns":8},{"damage":5,"enemies":"Writhing Mass","floor":47,"turns":5},{"damage":1,"enemies":"Donu and Deca","floor":50,"turns":8},{"damage":62,"enemies":"Awakened One","floor":51,"turns":15},{"damage":49,"enemies":"Shield and Spear","floor":55,"turns":8},{"damage":34,"enemies":"The Heart","floor":56,"turns":8}],"seed_played":"-5649549384735600741","potions_obtained":[{"floor":3.0,"key":"SkillPotion"},{"floor":4.0,"key":"ColorlessPotion"},{"floor":7.0,"key":"Ancient Potion"},{"floor":8.0,"key":"AttackPotion"},{"floor":14.0,"key":"PowerPotion"},{"floor":16.0,"key":"Explosive Potion"},{"floor":25.0,"key":"AttackPotion"},{"floor":31.0,"key":"EssenceOfSteel"},{"floor":35.0,"key":"BloodPotion"},{"floor":46,"key":"DuplicationPotion"}],"is_trial":false,"path_per_floor":["M","?","M","M","M","E","M","E","T","R","E","R","$","M","R","B",null,"M","$","M","?","M","E","R","E","T","M","E","M","R","E","R","B",null,"M","?","$","?","?","R","M","R","T","E","M","E","M","?","R","B","B",null,"R","$","E","B"],"character_chosen":"IRONCLAD","items_purchased":["Vajra","Feel No Pain+1","DistilledChaos","Dark Shackles","Shrug It Off","ElixirPotion"],"campfire_rested":1,"item_purchase_floors":[13,13,54,54,54,54],"current_hp_per_floor":[72,72,75,75,75,52,57,41,41,41,43,43,43,48,48,42,67,70,70,75,75,75,56,56,40,40,46,50,56,56,57,57,18,61,67,67,67,67,67,67,65,65,65,71,71,73,73,70,70,70,14,56,70,70,29,0,0],"gold":58,"neow_bonus":"RANDOM_COMMON_RELIC","is_daily":false,"chose_seed":false,"campfire_upgraded":9,"win_rate":0.0,"timestamp":1608739050,"path_taken":["M","?","?","M","M","E","M","E","T","R","E","R","$","M","R","BOSS","M","$","M","?","?","E","R","E","T","M","E","M","R","E","R","BOSS","M","?","$","?","?","R","M","R","T","E","M","E","?","?","R","BOSS","BOSS","R","$","E","BOSS"],"items_purchased_type":["Relic","Card","Potion","Card","Card","Potion"],"build_version":"2020-12-18","purchased_purges":3,"victory":false,"max_hp_per_floor":[75,75,75,75,75,75,75,75,75,75,75,75,75,75,75,75,75,75,75,75,75,75,75,75,75,75,75,75,75,75,75,75,75,75,75,75,75,71,71,71,71,71,71,71,71,73,73,70,70,70,70,70,70,70,72,72,72],"relic_stats":{"Centennial Puzzle":[54],"Happy Flower":[44],"Singing Bowl":4,"counters":[30,170],"Sundial":[10],"Art of War":[17],"Bag of Preparation":[30],"Whetstone":["Bash","Strike_R"],"War Paint":["Defend_R","Defend_R"],"Cursed Key":0,"obtain_stats":[{"Happy Flower":8,"Singing Bowl":44,"Vajra":13,"Velvet Choker":34,"Oddly Smooth Stone":55,"Bag of Preparation":25,"Whetstone":6,"War Paint":0,"Frozen Egg 2":11,"Cursed Key":17,"Burning Blood":0,"Centennial Puzzle":9,"HornCleat":28,"Sundial":46,"Art of War":23,"Bag of Marbles":31},{"Happy Flower":7,"Singing Bowl":23,"Vajra":8,"Velvet Choker":20,"Oddly Smooth Stone":29,"Bag of Preparation":15,"Whetstone":5,"War Paint":0,"Frozen Egg 2":8,"Cursed Key":10,"Burning Blood":0,"Centennial Puzzle":7,"HornCleat":17,"Sundial":25,"Art of War":14,"Bag of Marbles":19},{"Happy Flower":38,"Singing Bowl":114,"Vajra":44,"Velvet Choker":103,"Oddly Smooth Stone":162,"Bag of Preparation":79,"Whetstone":30,"War Paint":0,"Frozen Egg 2":44,"Cursed Key":57,"Burning Blood":0,"Centennial Puzzle":38,"HornCleat":87,"Sundial":126,"Art of War":77,"Bag of Marbles":93}],"Burning Blood":154},"card_choices":[{"not_picked":["Twin Strike","Rupture"],"picked":"Shockwave","floor":1.0},{"not_picked":["Sever Soul","Wild Strike"],"picked":"Disarm","floor":3.0},{"not_picked":["Sentinel","Entrench","Flex"],"picked":"SKIP","floor":4.0},{"not_picked":["Rage","Wild Strike","Pummel"],"picked":"SKIP","floor":5.0},{"not_picked":["Rage","Wild Strike","Pummel"],"picked":"SKIP","floor":5.0},{"not_picked":["Clash","Flex"],"picked":"Battle Trance","floor":6.0},{"not_picked":["Headbutt","Flex","True Grit"],"picked":"SKIP","floor":7.0},{"not_picked":["Twin Strike","Seeing Red"],"picked":"Armaments","floor":8.0},{"not_picked":["Juggernaut+1","Body Slam"],"picked":"Fire Breathing+1","floor":11.0},{"not_picked":["Ghostly Armor","Hemokinesis","Reckless Charge"],"picked":"SKIP","floor":14.0},{"not_picked":["Demon Form+1","Exhume"],"picked":"Immolate","floor":16.0},{"not_picked":["Sword Boomerang","Cleave"],"picked":"Shrug It Off","floor":18.0},{"not_picked":["Combust+1","Pummel","Twin Strike"],"picked":"SKIP","floor":20.0},{"not_picked":["Second Wind","Dual Wield"],"picked":"Headbutt+1","floor":22.0},{"not_picked":["Anger","Sever Soul"],"picked":"Flame Barrier","floor":23.0},{"not_picked":["Havoc","Perfected Strike","Wild Strike+1"],"picked":"SKIP","floor":25.0},{"not_picked":["Twin Strike","Sentinel+1","Pummel+1"],"picked":"SKIP","floor":27.0},{"not_picked":["Immolate","Rage+1","Dual Wield"],"picked":"SKIP","floor":28.0},{"not_picked":["Cleave","Sword Boomerang"],"picked":"Burning Pact+1","floor":29.0},{"not_picked":["Clash","Sever Soul","Heavy Blade"],"picked":"SKIP","floor":31.0},{"not_picked":["Fiend Fire","Immolate"],"picked":"Demon Form+1","floor":33.0},{"not_picked":["True Grit","Power Through"],"picked":"Clothesline+1","floor":35.0},{"not_picked":["Armaments+1","True Grit"],"picked":"Body Slam","floor":41.0},{"not_picked":["Dual Wield","Flex"],"picked":"Feel No Pain+1","floor":44},{"not_picked":["Warcry","Body Slam"],"picked":"Shrug It Off","floor":45},{"not_picked":["Headbutt","Entrench","Twin Strike"],"picked":"Singing Bowl","floor":46},{"not_picked":["Perfected Strike+1","Thunderclap"],"picked":"Impervious","floor":47},{"not_picked":["Warcry+1","Clash","Rupture+1"],"picked":"Singing Bowl","floor":55}],"player_experience":18724685,"relics_obtained":[{"floor":6.0,"key":"Whetstone"},{"floor":8.0,"key":"Happy Flower"},{"floor":9.0,"key":"Centennial Puzzle"},{"floor":11.0,"key":"Frozen Egg 2"},{"floor":23.0,"key":"Art of War"},{"floor":25.0,"key":"Bag of Preparation"},{"floor":28.0,"key":"HornCleat"},{"floor":31.0,"key":"Bag of Marbles"},{"floor":44,"key":"Singing Bowl"},{"floor":46,"key":"Sundial"},{"floor":55,"key":"Oddly Smooth Stone"}],"event_choices":[{"cards_removed":["Strike_R"],"damage_healed":0.0,"max_hp_gain":0.0,"max_hp_loss":0.0,"gold_gain":0.0,"event_name":"Purifier","player_choice":"Purged","floor":2.0,"gold_loss":0.0,"damage_taken":0.0},{"cards_removed":["Strike_R"],"damage_healed":0.0,"max_hp_gain":0.0,"max_hp_loss":0.0,"gold_gain":0.0,"event_name":"Bonfire Elementals","player_choice":"Offered Basic","floor":21.0,"gold_loss":0.0,"damage_taken":0.0},{"damage_healed":0.0,"max_hp_gain":0.0,"max_hp_loss":0.0,"gold_gain":0.0,"event_name":"Tomb of Lord Red Mask","player_choice":"Ignored","floor":36.0,"gold_loss":0.0,"damage_taken":0.0},{"damage_healed":0.0,"max_hp_gain":0.0,"max_hp_loss":4.0,"gold_gain":0.0,"event_name":"Winding Halls","player_choice":"Max HP","floor":38.0,"gold_loss":0.0,"damage_taken":0.0},{"damage_healed":0.0,"max_hp_gain":0.0,"max_hp_loss":0.0,"gold_gain":0.0,"event_name":"Accursed Blacksmith","player_choice":"Forge","floor":39.0,"gold_loss":0.0,"damage_taken":0.0,"cards_upgraded":["Battle Trance"]},{"cards_removed":["Parasite"],"damage_healed":0,"gold_gain":0,"player_choice":"Removed Curses","damage_taken":0,"max_hp_gain":0,"max_hp_loss":0,"event_name":"Fountain of Cleansing","floor":48,"gold_loss":0}],"is_beta":true,"boss_relics":[{"not_picked":["Black Star","Tiny House"],"picked":"Cursed Key"},{"not_picked":["Black Blood","SacredBark"],"picked":"Velvet Choker"}],"items_purged_floors":[13,19,37],"is_endless":false,"potions_floor_spawned":[3,4,7,8,14,16,25,29,31,33,35,44,45,46],"killed_by":"The Heart","ascension_level":20}}