{"host":"lpze9ywvzk5bsxql","time":1608713928,"event":{"mods":["2.2 Compatiblity","BaseMod","Bestiary","Better Third Choice","Colored Map","Downfall","Hermit","Ironclad Rager","Minty Spire (QoL Compilation)","Replay The Spire","StSLib"],"gold_per_floor":[118,130,143,160,174,174,208,208,208,236,236,161,176,32,132,235,235,247,259,358,358,372,401,256,256,256,256,281,299,309,339,339,436,436,454,454,509,522,537,568,146,146,146,196,231,231,270,290,290,290,290,290,27,59,59],"floor_reached":56,"playtime":6425,"items_purged":["Regret","ReplayTheSpireMod:Doomed","Clumsy"],"score":1559,"play_id":"e7c4020e-7279-4a87-a62a-dc39b7b2fd8e","local_time":"20201223095848","is_ascension_mode":true,"campfire_choices":[{"data":"Infernal Blade","floor":6,"key":"SMITH"},{"floor":8,"key":"RECALL"},{"floor":25,"key":"REST"},{"floor":32,"key":"REST"},{"floor":42,"key":"REST"},{"floor":49,"key":"REST"},{"data":"Barricade","floor":52,"key":"SMITH"}],"circlet_count":0,"master_deck":["Strike_R","Strike_R","Strike_R","Strike_R","Strike_R","Defend_R","Defend_R","Defend_R","Defend_R","Bash","ReplayTheSpireMod:Muscle Training","Twin Strike","Metallicize","Rage","Infernal Blade+1","Run Through","Flex","Armaments","Metallicize","Bloodletting","Impervious","Cleave","Thunderclap+1","Iron Wave+1","ReplayTheSpireMod:Muscle Training+1","Corruption","Warcry","Barricade+1","Ghostly Armor+1","Battle Trance","ReplayTheSpireMod:Limb From Limb+1","ReplayTheSpireMod:Strike From Hell","Anger","Shrug It Off","Juggernaut","Body Slam","Bloodletting","Impervious","Cleave+1","Madness","Madness","Twin Strike+1","Rupture+1","ReplayReversal","Combust+1","Panache","Burning Pact+1","Feel No Pain","Offering","Shrug It Off+1","Iron Wave+1","Heavy Blade+1","Feel No Pain","Flex","Armaments","Infernal Blade+1"],"relics":["Burning Blood","Prayer Wheel","Anchor","Snack Pack","Charon\u0027s Ashes","Question Card","Tiny Chest","Replay:Ancient Bell","Replay:Rubber Ducky","Replay:Ringing Soul","Counterbalance","MutagenicStrength","ReplayTheSpireMod:Lightbulb","Orrery","Boot","Replay:WaspNest","Sozu","FossilizedHelix","Toy Ornithopter","PreservedInsect","Bottled Tornado","Torii","Bag of Marbles","Meat on the Bone","Garlic","King of Hearts"],"acts_visited":["Exordium","TheCity","TheBeyond","TheEnding"],"potions_floor_usage":[7,7,10,16,16,22,23,23,37,45],"damage_taken":[{"damage":1,"enemies":"Jaw Worm","floor":1,"turns":3},{"damage":1,"enemies":"Small Slimes","floor":2,"turns":3},{"damage":7,"enemies":"Cultist","floor":3,"turns":4},{"damage":4,"enemies":"3 Louse","floor":4,"turns":3},{"damage":4,"enemies":"Looter","floor":5,"turns":3},{"damage":14,"enemies":"Lagavulin","floor":7,"turns":6},{"damage":16,"enemies":"Replay:BlueRogue","floor":10,"turns":5},{"damage":0,"enemies":"2 Fungi Beasts","floor":13,"turns":2},{"damage":38,"enemies":"The Guardian","floor":16,"turns":12},{"damage":10,"enemies":"Chosen","floor":18,"turns":6},{"damage":14,"enemies":"Spheric Guardian","floor":19,"turns":6},{"damage":0,"enemies":"3 Cultists","floor":22,"turns":2},{"damage":64,"enemies":"Gremlin Leader","floor":23,"turns":11},{"damage":8,"enemies":"Chosen and Byrds","floor":29,"turns":7},{"damage":15,"enemies":"Shelled Parasite and Fungi","floor":30,"turns":6},{"damage":37,"enemies":"Slavers","floor":31,"turns":7},{"damage":8,"enemies":"Champ","floor":33,"turns":12},{"damage":0,"enemies":"Orb Walker","floor":35,"turns":3},{"damage":27,"enemies":"2 Orb Walkers","floor":37,"turns":5},{"damage":0,"enemies":"3 Darklings","floor":38,"turns":5},{"damage":20,"enemies":"Jaw Worm Horde","floor":39,"turns":6},{"damage":45,"enemies":"Reptomancer","floor":40,"turns":8},{"damage":8,"enemies":"Mind Bloom Boss Battle","floor":44,"turns":6},{"damage":40,"enemies":"Nemesis","floor":45,"turns":5},{"damage":16,"enemies":"Writhing Mass","floor":48,"turns":6},{"damage":8,"enemies":"Donu and Deca","floor":50,"turns":9},{"damage":0,"enemies":"Shield and Spear","floor":54,"turns":4},{"damage":25,"enemies":"The Heart","floor":55,"turns":12}],"seed_played":"3698603055737949242","potions_obtained":[{"floor":1,"key":"Swift Potion"},{"floor":2,"key":"Ancient Potion"},{"floor":5,"key":"Block Potion"},{"floor":7,"key":"SteroidPotion"},{"floor":10,"key":"Explosive Potion"},{"floor":18,"key":"Adrenaline Potion"},{"floor":19,"key":"ColorlessPotion"},{"floor":22,"key":"GamblersBrew"},{"floor":31,"key":"SpeedPotion"},{"floor":33,"key":"Toxic Potion"}],"is_trial":false,"path_per_floor":["M","M","M","M","M","R","E","R","T","E","?","$","M","$","R_BF","B",null,"M","M","?","?","M","E","$","R","T","?","T","M","M","E","R","B",null,"M","?","?","M","M","E","$","R","T","?","E","T","?","M","R","B",null,"R","$","E","B",null],"character_chosen":"IRONCLAD","items_purchased":["Tiny Chest","Orrery","PreservedInsect","Panache","Feel No Pain","Flex","Armaments"],"campfire_rested":4,"item_purchase_floors":[14,24,41,41,53,53,53],"current_hp_per_floor":[72,72,71,72,72,72,64,64,64,56,56,56,64,64,64,38,75,74,69,69,69,80,29,32,59,59,59,59,62,60,34,63,72,102,105,95,79,90,81,50,53,89,89,96,70,70,23,30,69,83,132,132,135,138,124],"gold":59,"neow_bonus":"ONE_RARE_RELIC","is_daily":false,"chose_seed":false,"campfire_upgraded":2,"win_rate":0.0,"timestamp":1608713928,"path_taken":["M","M","M","M","M","R","E","R","T","E","?","$","M","$","R_BF","BOSS","M","M","?","?","M","E","$","R","T","?","?","M","M","E","R","BOSS","M","?","?","M","M","E","$","R","T","?","E","?","?","M","R","BOSS","R","$","E","BOSS"],"items_purchased_type":["Relic","Relic","Relic","Card","Card","Card","Card"],"build_version":"2020-12-22","purchased_purges":3,"victory":true,"max_hp_per_floor":[72,72,72,72,72,72,72,72,72,72,72,72,72,72,72,72,75,78,81,81,81,84,87,90,90,90,90,90,93,96,99,99,102,102,105,108,111,114,117,117,120,120,120,123,126,126,129,132,132,132,132,132,135,138,138],"card_choices":[{"not_picked":["Massacre","Pummel"],"picked":"ReplayTheSpireMod:Muscle Training","floor":1},{"not_picked":["Second Wind","Burning Pact"],"picked":"Twin Strike","floor":1},{"not_picked":["ReplayReversal","Pummel"],"picked":"Metallicize","floor":2},{"not_picked":["Sword Boomerang","Replay:Undeath\u0027s Touch","True Grit"],"picked":"SKIP","floor":2},{"not_picked":["Headbutt","Sword Boomerang"],"picked":"Rage","floor":3},{"not_picked":["Wild Strike","Entrench","Uppercut"],"picked":"SKIP","floor":3},{"not_picked":["Clash","Thunderclap"],"picked":"Infernal Blade","floor":4},{"not_picked":["Carnage","Perfected Strike","Reckless Charge"],"picked":"SKIP","floor":4},{"not_picked":["Bludgeon","Reckless Charge"],"picked":"Run Through","floor":5},{"not_picked":["Replay:Undeath\u0027s Touch","Defy Death","Anger"],"picked":"SKIP","floor":5},{"not_picked":["Infernal Blade","Run Through"],"picked":"Flex","floor":7},{"not_picked":["Twin Strike","Eclipse"],"picked":"Armaments","floor":10},{"not_picked":["Armaments","Havoc","Abandon"],"picked":"Metallicize","floor":13},{"not_picked":["Headbutt","Massacre","Pummel"],"picked":"Bloodletting","floor":13},{"not_picked":["Brutality","Berserk","Bludgeon"],"picked":"Impervious","floor":16},{"not_picked":["Injury","sneckomod:Bewildered","Regret"],"picked":"Clumsy","floor":17},{"not_picked":["Pain","AbeCurse","Overencumbered"],"picked":"Amnesia","floor":17},{"not_picked":["Languid","hexamod:Haunted","Parasite"],"picked":"ReplayTheSpireMod:Doomed","floor":17},{"not_picked":["Shrug It Off+1","Heavy Blade","Wild Strike"],"picked":"Cleave","floor":18},{"not_picked":["Headbutt+1","Havoc","Power Through"],"picked":"Thunderclap+1","floor":18},{"not_picked":["Anger","Warcry","ReplayTheSpireMod:Strike From Hell+1"],"picked":"Iron Wave+1","floor":19},{"not_picked":["Searing Blow+1","Clash","Bloodletting+1"],"picked":"ReplayTheSpireMod:Muscle Training+1","floor":19},{"not_picked":["ReplayTheSpireMod:Limb From Limb","Havoc","Dark Embrace"],"picked":"Corruption","floor":22},{"not_picked":["Fire Breathing+1","Pommel Strike+1","Infernal Blade","Thunderclap"],"picked":"SKIP","floor":22},{"not_picked":["True Grit","Defy Death","Sword Boomerang"],"picked":"Warcry","floor":23},{"not_picked":["Immolate","Clothesline","Anger"],"picked":"Barricade","floor":24},{"not_picked":["Searing Blow","Combust","ReplayTheSpireMod:Corrosion Curse"],"picked":"Ghostly Armor+1","floor":24},{"not_picked":["Wild Strike","Thunderclap+1","ReplayTheSpireMod:Muscle Training"],"picked":"Battle Trance","floor":24},{"not_picked":["Massacre","Demonic Infusion","ReplayTheSpireMod:Muscle Training"],"picked":"ReplayTheSpireMod:Limb From Limb+1","floor":24},{"not_picked":["Run Through","Headbutt","Sword Boomerang"],"picked":"ReplayTheSpireMod:Strike From Hell","floor":24},{"not_picked":["Defy Death","Thunderclap","True Grit+1"],"picked":"Anger","floor":29},{"not_picked":["ReplayTheSpireMod:Strike From Hell","Heavy Blade","Defy Death"],"picked":"Shrug It Off","floor":29},{"not_picked":["Twin Strike+1","Dual Wield","Armaments"],"picked":"Juggernaut","floor":30},{"not_picked":["Clash","Carnage","Uppercut"],"picked":"Body Slam","floor":30},{"not_picked":["Replay:Undeath\u0027s Touch","Clash","Dual Wield"],"picked":"Bloodletting","floor":31},{"not_picked":["Corruption","Eclipse","Brutality"],"picked":"Impervious","floor":33},{"not_picked":["Abandon+1","Intimidate+1","Heavy Blade"],"picked":"Cleave+1","floor":35},{"not_picked":["Pommel Strike","Heavy Blade+1","Thunderclap","Burning Pact"],"picked":"SKIP","floor":35},{"not_picked":["Power Through","Cleave","Clothesline"],"picked":"Twin Strike+1","floor":37},{"not_picked":["Headbutt+1","Defy Death+1","Sword Boomerang+1"],"picked":"Rupture+1","floor":38},{"not_picked":["Entrench","Uppercut","Clash+1"],"picked":"ReplayReversal","floor":38},{"not_picked":["ReplayTheSpireMod:Muscle Training+1","Body Slam","Thunderclap"],"picked":"Combust+1","floor":39},{"not_picked":["Sword Boomerang","Double Tap","Clothesline","Clash"],"picked":"SKIP","floor":39},{"not_picked":["Infernal Blade+1","Clothesline","Wild Strike+1","Perfected Strike"],"picked":"SKIP","floor":40},{"not_picked":["Pummel","Infernal Blade+1","Sever Soul"],"picked":"Burning Pact+1","floor":44},{"not_picked":["Pummel","Bloodletting+1","Havoc"],"picked":"Feel No Pain","floor":45},{"not_picked":["Iron Wave","Heavy Blade","Armaments"],"picked":"Offering","floor":47},{"not_picked":["Bloodletting","Sword Boomerang+1","Intimidate"],"picked":"Shrug It Off+1","floor":47},{"not_picked":["Burning Pact+1","Pommel Strike+1","Flex"],"picked":"Iron Wave+1","floor":48},{"not_picked":["Clothesline+1","Thunderclap+1","Bloodletting+1"],"picked":"Heavy Blade+1","floor":48},{"not_picked":["Seeing Red+1","Iron Wave","Clothesline"],"picked":"Infernal Blade+1","floor":54}],"player_experience":277290,"relics_obtained":[{"floor":7,"key":"Anchor"},{"floor":9,"key":"Snack Pack"},{"floor":10,"key":"Charon\u0027s Ashes"},{"floor":23,"key":"ReplayTheSpireMod:Lightbulb"},{"floor":28,"key":"Boot"},{"floor":31,"key":"Replay:WaspNest"},{"floor":37,"key":"FossilizedHelix"},{"floor":40,"key":"Toy Ornithopter"},{"floor":43,"key":"Bottled Tornado"},{"floor":44,"key":"Torii"},{"floor":45,"key":"Bag of Marbles"},{"floor":46,"key":"Meat on the Bone"},{"floor":47,"key":"Garlic"},{"floor":54,"key":"King of Hearts"}],"event_choices":[{"damage_healed":0,"gold_gain":0,"player_choice":"Box","damage_taken":0,"relics_obtained":["Question Card"],"max_hp_gain":0,"max_hp_loss":0,"event_name":"Big Fish","floor":11,"gold_loss":0,"cards_obtained":["Regret"]},{"damage_healed":0,"gold_gain":99,"player_choice":"Steal","damage_taken":0,"max_hp_gain":0,"max_hp_loss":0,"event_name":"betterThird:BetterNest","floor":20,"gold_loss":0},{"damage_healed":0,"gold_gain":0,"player_choice":"Inject Mutagens","damage_taken":0,"relics_obtained":["MutagenicStrength"],"max_hp_gain":0,"max_hp_loss":0,"event_name":"Drug Dealer","floor":21,"gold_loss":0},{"cards_removed":["Amnesia"],"damage_healed":0,"gold_gain":0,"player_choice":"Purged","damage_taken":0,"max_hp_gain":0,"max_hp_loss":0,"event_name":"Purifier","floor":27,"gold_loss":0},{"damage_healed":0,"gold_gain":0,"player_choice":"Embrace Madness","damage_taken":13,"max_hp_gain":0,"max_hp_loss":0,"event_name":"Winding Halls","floor":36,"gold_loss":0,"cards_obtained":["Madness","Madness"]},{"damage_healed":0,"gold_gain":0,"player_choice":"Fight","damage_taken":0,"max_hp_gain":0,"max_hp_loss":0,"event_name":"Mysterious Sphere","floor":37,"gold_loss":0},{"damage_healed":0,"gold_gain":0,"player_choice":"Fight","damage_taken":0,"max_hp_gain":0,"max_hp_loss":0,"event_name":"MindBloom","floor":44,"gold_loss":0}],"is_beta":false,"boss_relics":[{"not_picked":["Pandora\u0027s Box","Empty Cage"],"picked":"Replay:Ancient Bell"},{"not_picked":["Art of War","Regal Pillow"],"picked":"Replay:Rubber Ducky"},{"not_picked":["Replay:Bottled Flurry","Kunai"],"picked":"Replay:Ringing Soul"},{"not_picked":["Ginger","Shovel"],"picked":"Counterbalance"},{"not_picked":["Tiny House","SlaversCollar"],"picked":"Sozu"}],"items_purged_floors":[12,41,53],"is_endless":false,"potions_floor_spawned":[1,2,5,7,10,18,19,22,31,33,35,40,44],"ascension_level":1}}