{"host":"0cnf9zf1gia27zti","time":1608687410,"event":{"mods":["BaseMod","BetterRewards","Card Forge","Colored Map","Colored Powertips","Conspire","Downfall","Minty Spire (QoL Compilation)","Practice Mode","Quick Restart","Replay The Spire","Robot Space Explorer","Shade Mod","Spicy Shops","StSLib"],"gold_per_floor":[112,112,130,145,145,145,45,58,58,58,89,89,100,34,34,106,106,117,117,134,59,59,59,94,94,94,113,113,142,154,165,165,240,240,254,73,73,73,73],"floor_reached":38,"playtime":2355,"items_purged":["Clumsy","Slimebound:Icky","Strike_B"],"score":809,"play_id":"5a1691d7-98fd-4b75-8f31-124c9a7a6348","local_time":"20201223013650","is_ascension_mode":true,"campfire_choices":[{"floor":6,"key":"REST"},{"floor":10,"key":"REST"},{"data":"Zap","floor":12,"key":"SMITH"},{"data":"Tempest","floor":15,"key":"SMITH"},{"data":"Defragment","floor":23,"key":"SMITH"},{"floor":28,"key":"REST"},{"floor":32,"key":"REST"}],"circlet_count":0,"master_deck":["AscendersBane","Defend_B","Defend_B","Defend_B","Zap+1","Dualcast","Ball Lightning","Crystallizer","Tempest+1","Multi-Cast+1","Melter+1","Barrage","Lockon+1","BasicCrystalCard","Redo+1","Zap+1","Storm+1","BootSequence","Conserve Battery","Ball Lightning","Electrodynamics","Genetic Algorithm+1","Reinforced Body+1","Go for the Eyes+1","Panic Button","Machine Learning","Defragment+1","ReplayTheSpireMod:Calculation Training+1","ReplayTheSpireMod:Dual Polarity+1","Creative AI","Sweeping Beam","BasicCrystalCard+1"],"relics":["Cracked Core","Hammer of Thor","Seething Fire","Anvil of the Gods","Blue Doll","Toy Ornithopter","ReplayTheSpireMod:CursedCoin","Anchor","Akabeko","HornCleat","Astrolabe","MutagenicStrength","Gremlin Food","Gambling Chip","Emotion Chip","Replay:Bottled Steam","SlaversCollar","Chemical X"],"acts_visited":["Exordium","TheCity","TheBeyond"],"potions_floor_usage":[11,24],"damage_taken":[{"damage":2,"enemies":"Jaw Worm","floor":1,"turns":2},{"damage":0,"enemies":"conspire:RoseBush","floor":3,"turns":2},{"damage":0,"enemies":"Cultist","floor":4,"turns":2},{"damage":9,"enemies":"2 Fungi Beasts","floor":8,"turns":3},{"damage":0,"enemies":"Gremlin Nob","floor":11,"turns":2},{"damage":0,"enemies":"Exordium Wildlife","floor":13,"turns":3},{"damage":37,"enemies":"Hexaghost","floor":16,"turns":7},{"damage":0,"enemies":"Spheric Guardian","floor":18,"turns":3},{"damage":0,"enemies":"Chosen","floor":20,"turns":3},{"damage":14,"enemies":"Gremlin Leader","floor":24,"turns":6},{"damage":0,"enemies":"Shelled Parasite and Fungi","floor":27,"turns":2},{"damage":0,"enemies":"conspire:Head Lice","floor":29,"turns":5},{"damage":0,"enemies":"3 Cultists","floor":30,"turns":4},{"damage":9,"enemies":"conspire:HollyBat","floor":31,"turns":7},{"damage":37,"enemies":"Collector","floor":33,"turns":7},{"damage":14,"enemies":"3 Shapes","floor":35,"turns":4},{"damage":67,"enemies":"Awakened One","floor":38,"turns":4}],"seed_played":"6762521546819285909","potions_obtained":[{"floor":1,"key":"PowerPotion"},{"floor":3,"key":"SpeedPotion"},{"floor":11,"key":"GamblersBrew"},{"floor":30,"key":"Strength Potion"},{"floor":31,"key":"Elixir"}],"is_trial":false,"path_per_floor":["M","?","M","M","?","R","$","M","T","R","E","R","M","$","R","B",null,"M","?","M","$","?","R","E","?","T","M","R","E","M","M","R","B",null,"M","$","?","B"],"character_chosen":"DEFECT","items_purchased":["Blue Doll","Ball Lightning","Crystallizer","Toy Ornithopter","ReplayTheSpireMod:CursedCoin","Tempest","Multi-Cast+1","Anchor","Melter","Storm","Ball Lightning","Elixir","Gremlin Food","Chemical X","BasicCrystalCard+1"],"campfire_rested":4,"item_purchase_floors":[0,0,0,0,0,0,0,0,0,7,14,14,21,36,36],"current_hp_per_floor":[30,30,30,30,30,51,51,42,42,63,68,68,68,68,68,31,61,61,61,61,61,61,61,52,32,32,32,54,54,54,45,67,30,65,51,51,51,0,0],"gold":73,"neow_bonus":"","is_daily":false,"chose_seed":false,"campfire_upgraded":3,"win_rate":0.0,"timestamp":1608687410,"path_taken":["M","?","M","M","?","R","$","?","T","R","E","R","M","$","R","BOSS","M","?","M","$","?","R","E","?","T","M","R","E","M","M","R","BOSS","M","$","?","BOSS"],"items_purchased_type":["Relic","Card","Card","Relic","Relic","Card","Card","Relic","Card","Card","Card","Potion","Relic","Relic","Card"],"build_version":"2020-12-13","purchased_purges":3,"victory":false,"max_hp_per_floor":[71,71,71,71,71,71,71,71,71,71,71,71,71,71,71,71,71,71,71,71,71,71,71,71,76,76,76,76,76,76,76,76,76,76,76,76,76,76,76],"card_choices":[{"not_picked":["Rebound","Leap"],"picked":"Barrage","floor":1},{"not_picked":["Sunder","Streamline"],"picked":"BasicCrystalCard","floor":3},{"not_picked":["Steam","Force Field"],"picked":"Redo","floor":4},{"not_picked":["Hologram","Steam"],"picked":"BootSequence","floor":8},{"not_picked":["Genetic Algorithm","Turbo","conspire:SharedLibrary"],"picked":"SKIP","floor":11},{"not_picked":["Streamline","Turbo"],"picked":"Conserve Battery","floor":13},{"not_picked":["Reboot","ReplayRNGCard"],"picked":"Electrodynamics","floor":16},{"not_picked":["Go for the Eyes+1","FTL"],"picked":"Panic Button","floor":18},{"not_picked":["Hologram","Fusion"],"picked":"Machine Learning","floor":20},{"not_picked":["Stack","Streamline"],"picked":"ReplayTheSpireMod:Calculation Training","floor":24},{"not_picked":["Streamline","Panic Button","Storm"],"picked":"SKIP","floor":27},{"not_picked":["Conserve Battery","ReplaySort","Redo"],"picked":"SKIP","floor":29},{"not_picked":["Hello World","Turbo+1"],"picked":"ReplayTheSpireMod:Dual Polarity+1","floor":30},{"not_picked":["BasicCrystalCard","Coolheaded","Turbo"],"picked":"SKIP","floor":31},{"not_picked":["Reboot","All For One"],"picked":"Creative AI","floor":33},{"not_picked":["ReplayTheSpireMod:System Scan","Doom and Gloom"],"picked":"Sweeping Beam","floor":35}],"player_experience":2370323,"relics_obtained":[{"floor":9,"key":"Akabeko"},{"floor":11,"key":"HornCleat"},{"floor":24,"key":"Gambling Chip"},{"floor":26,"key":"Emotion Chip"},{"floor":29,"key":"Replay:Bottled Steam"}],"event_choices":[{"damage_healed":0,"gold_gain":0,"player_choice":"1 cards matched","damage_taken":0,"max_hp_gain":0,"max_hp_loss":0,"event_name":"Match and Keep!","floor":5,"gold_loss":0,"cards_obtained":["Zap"]},{"damage_healed":0,"gold_gain":0,"player_choice":"Inject Mutagens","damage_taken":0,"relics_obtained":["MutagenicStrength"],"max_hp_gain":0,"max_hp_loss":0,"event_name":"Drug Dealer","floor":19,"gold_loss":0},{"damage_healed":0,"gold_gain":0,"player_choice":"Read","damage_taken":0,"max_hp_gain":0,"max_hp_loss":0,"event_name":"The Library","floor":22,"gold_loss":0,"cards_obtained":["Defragment"]},{"damage_healed":0,"gold_gain":0,"player_choice":"Shed Blood","damage_taken":25,"max_hp_gain":5,"max_hp_loss":0,"event_name":"Forgotten Altar","floor":25,"gold_loss":0},{"damage_healed":0,"gold_gain":0,"player_choice":"Took Portal","damage_taken":0,"max_hp_gain":0,"max_hp_loss":0,"event_name":"SecretPortal","floor":37,"gold_loss":0}],"is_beta":false,"boss_relics":[{"not_picked":["Kintsugi","Velvet Choker"],"picked":"Astrolabe"},{"not_picked":["FrozenCore","Pandora\u0027s Box"],"picked":"SlaversCollar"}],"items_purged_floors":[0,0,0],"is_endless":false,"potions_floor_spawned":[1,3,11,20,30,31,35],"killed_by":"Awakened One","ascension_level":15}}