{"host":"egwexuw5uvnxf11j","time":1608692018,"event":{"mods":["2.2 Compatiblity","Aspiration","BaseMod","Better Altar","Better Note","Better Sensory Stone","Better Third Choice","Displayed Cursed Tome","Downfall","Hermit","Key Reminder","Koishi","Marisa????????","Minty Spire (QoL Compilation)","Quick Restart","Shade Mod","Spicy Shops","StSLib","The Construct","The Cursed","The Hierophant","The Runesmith","The Senshi","The Servant 0.9.4","Transform Curses"],"gold_per_floor":[113,113,127,20,30,64,79,110,133,165,165,184,184,194,194,299,299,315,333,333,333],"floor_reached":20,"playtime":1369,"items_purged":[],"score":216,"play_id":"98364263-e8c3-4f32-9f69-af17ab70ef0b","local_time":"20201222215338","is_ascension_mode":true,"campfire_choices":[{"floor":13,"key":"REST"},{"floor":15,"key":"REST"}],"circlet_count":0,"master_deck":["Runesmith:Strike_RS","Runesmith:Strike_RS","Runesmith:Strike_RS","Runesmith:Strike_RS","Runesmith:Defend_RS","Runesmith:Defend_RS+1","Runesmith:Defend_RS+1","Runesmith:Defend_RS","Runesmith:CraftFirestone+1","Runesmith:Fortify","Runesmith:UnstableHammer","Runesmith:PoweredAnvil","Runesmith:EarthShield","Runesmith:CraftMagma","Runesmith:Supernova","Runesmith:ShiftingStrike","Runesmith:Grindstone+1","Runesmith:HeatedChisel","Runesmith:Refine","Runesmith:DuctTape","Runesmith:Reinforce+1","Runesmith:EnergizedChisel"],"relics":["Runesmith:BrokenRuby","Pantograph","Letter Opener","Tiny Chest","War Paint","Happy Flower","keyreminder:keyreminder","aspiration:SecretTechniqueScroll"],"acts_visited":["Exordium","TheCity"],"potions_floor_usage":[10,12,18,20],"damage_taken":[{"damage":2.0,"enemies":"2 Louse","floor":1.0,"turns":3.0},{"damage":0,"enemies":"Cultist","floor":3,"turns":3},{"damage":0,"enemies":"Small Slimes","floor":5,"turns":3},{"damage":6,"enemies":"3 Sentries","floor":6,"turns":8},{"damage":16,"enemies":"Blue Slaver","floor":7,"turns":4},{"damage":20,"enemies":"Gremlin Nob","floor":8,"turns":5},{"damage":12,"enemies":"3 Sentries","floor":10,"turns":8},{"damage":1,"enemies":"Gremlin Gang","floor":12,"turns":5},{"damage":2,"enemies":"2 Fungi Beasts","floor":14,"turns":4},{"damage":8,"enemies":"The Guardian","floor":16,"turns":10},{"damage":28,"enemies":"Shell Parasite","floor":18,"turns":6},{"damage":24,"enemies":"3 Byrds","floor":19,"turns":5},{"damage":24,"enemies":"3 Cultists","floor":20,"turns":3}],"seed_played":"-6721919641533914551","potions_obtained":[{"floor":6,"key":"Block Potion"},{"floor":8,"key":"PowerPotion"},{"floor":10,"key":"DuplicationPotion"},{"floor":14,"key":"EntropicBrew"},{"floor":16,"key":"PowerPotion"},{"floor":19,"key":"SkillPotion"}],"is_trial":false,"path_per_floor":["M","?","M","?","M","E","M","E","T","E","?","M","R","M","R","B",null,"M","M","M"],"character_chosen":"RUNESMITH_CLASS","items_purchased":[],"campfire_rested":2,"item_purchase_floors":[],"current_hp_per_floor":[68,68,68,68,68,62,46,26,26,14,14,13,34,32,53,62,70,42,18,0,0],"gold":333,"neow_bonus":"UPGRADE_CARD","is_daily":false,"chose_seed":false,"campfire_upgraded":0,"win_rate":0.0,"timestamp":1608692018,"path_taken":["M","?","M","?","?","E","M","E","T","E","?","M","R","M","R","BOSS","M","?","M"],"items_purchased_type":[],"build_version":"2020-12-13","purchased_purges":0,"victory":false,"max_hp_per_floor":[70,70,70,70,70,70,70,70,70,70,70,70,70,70,70,70,70,70,70,70,70],"card_choices":[{"not_picked":["Runesmith:StaticCage","Runesmith:ChaoticBlast"],"picked":"Runesmith:UnstableHammer","floor":1.0},{"not_picked":["Runesmith:EnergizedChisel","Runesmith:CraftIncendium"],"picked":"Runesmith:PoweredAnvil","floor":3},{"not_picked":["Runesmith:Retool","Runesmith:RunicBlueprint"],"picked":"Runesmith:EarthShield","floor":5},{"not_picked":["Runesmith:MakeshiftArmor","Runesmith:CraftProtectio"],"picked":"Runesmith:CraftMagma","floor":6},{"not_picked":["Runesmith:Prism","Runesmith:Repurpose"],"picked":"Runesmith:Supernova","floor":7},{"not_picked":["Runesmith:PoweredAnvil","Runesmith:UnstableHammer"],"picked":"Runesmith:ShiftingStrike","floor":8},{"not_picked":["Runesmith:BackupBattery","Runesmith:HeatExchange"],"picked":"Runesmith:Grindstone","floor":10},{"not_picked":["Runesmith:ElementalConversion","Runesmith:Repurpose"],"picked":"Runesmith:HeatedChisel","floor":12},{"not_picked":["Runesmith:HeatExchange","Runesmith:Grindstone"],"picked":"Runesmith:Refine","floor":14},{"not_picked":["Runesmith:CraftMedicinae","Runesmith:FissionHammer"],"picked":"Runesmith:DuctTape","floor":16},{"not_picked":["Runesmith:Overpower","Runesmith:Refine"],"picked":"Runesmith:Reinforce+1","floor":18},{"not_picked":["Runesmith:ChiselStab","Runesmith:CraftReservo+1"],"picked":"Runesmith:EnergizedChisel","floor":19}],"player_experience":2096187,"relics_obtained":[{"floor":6,"key":"Letter Opener"},{"floor":8,"key":"Tiny Chest"},{"floor":9,"key":"War Paint"},{"floor":10,"key":"Happy Flower"}],"event_choices":[{"damage_healed":0,"gold_gain":0,"player_choice":"Ignored","damage_taken":0,"max_hp_gain":0,"max_hp_loss":0,"event_name":"Golden Wing","floor":2,"gold_loss":0},{"damage_healed":0,"gold_gain":0,"player_choice":"Paid Gold","damage_taken":0,"relics_obtained":["Pantograph"],"max_hp_gain":0,"max_hp_loss":0,"event_name":"WeMeetAgain","floor":4,"gold_loss":107},{"damage_healed":0,"gold_gain":0,"player_choice":"Forge","damage_taken":0,"max_hp_gain":0,"max_hp_loss":0,"event_name":"Accursed Blacksmith","floor":11,"gold_loss":0,"cards_upgraded":["Runesmith:Grindstone"]}],"is_beta":false,"boss_relics":[{"not_picked":["aspiration:MarisaSkillbook","Runic Pyramid"],"picked":"aspiration:SecretTechniqueScroll"}],"items_purged_floors":[],"is_endless":false,"potions_floor_spawned":[6,8,10,14,16,19],"killed_by":"3 Cultists","ascension_level":2}}