{"host":"dcj2yvrgcvh5dl2s","time":1608701095,"event":{"mods":["BaseMod","Better Note","Block Reminder","Colored Powertips","DeckTracker","Minty Spire (QoL Compilation)","Quick Restart","Rare Cards Sparkle","Relic Stats","StSLib"],"gold_per_floor":[112,37,55,55,69,69,100,100,100,133,146,178,195,195,195,290,290,303,218,48,66,20,20,54,54,54,71,71,71,71,110,110,217,217,240,261,261,288,307,342,15,44,44,73,116,142,162,196,196,196],"floor_reached":51,"playtime":2177,"items_purged":["Pain"],"score":1030,"play_id":"c778939a-9952-4862-b0bd-339f17ec2f40","local_time":"20201223152455","is_ascension_mode":true,"campfire_choices":[{"data":"Blade Dance","floor":6,"key":"SMITH"},{"data":"Terror","floor":8,"key":"SMITH"},{"floor":15,"key":"REST"},{"data":"Adrenaline","floor":23,"key":"SMITH"},{"floor":28,"key":"REST"},{"floor":30,"key":"REST"},{"data":"After Image","floor":32,"key":"SMITH"},{"data":"Madness","floor":49,"key":"SMITH"}],"circlet_count":0,"master_deck":["Strike_G","Strike_G","Strike_G","Defend_G","Defend_G","Defend_G","Defend_G","Defend_G","Survivor","Neutralize","Blade Dance+1","Dagger Spray","Skewer","Slice","Terror+1","Noxious Fumes","Infinite Blades","Adrenaline+1","Distraction","Grand Finale","Deflect","Prepared","Sucker Punch","Deflect","Riddle With Holes+1","Leg Sweep","PiercingWail+1","Cloak And Dagger","Madness+1","Acrobatics+1","After Image+1","Malaise","Noxious Fumes+1","Slice+1","Escape Plan+1","Adrenaline","Backflip","Slice+1","Backstab","Accuracy","Heel Hook+1","Backflip","Escape Plan+1"],"relics":["Ring of the Snake","Paper Crane","Nunchaku","CaptainsWheel","Tiny Chest","Black Star","MealTicket","ClockworkSouvenir","Dream Catcher","Omamori","Shuriken","Incense Burner","CeramicFish","FossilizedHelix","WristBlade","Blood Vial","Strawberry","Ice Cream","Thread and Needle","Bottled Lightning","HornCleat","Turnip","Art of War","StrikeDummy"],"acts_visited":["Exordium","TheCity","TheBeyond"],"potions_floor_usage":[10,16,24,24,46,50,50],"damage_taken":[{"damage":11,"enemies":"2 Louse","floor":1,"turns":3},{"damage":0,"enemies":"Cultist","floor":3,"turns":3},{"damage":0,"enemies":"Small Slimes","floor":5,"turns":3},{"damage":16,"enemies":"Gremlin Nob","floor":7,"turns":4},{"damage":9,"enemies":"3 Sentries","floor":10,"turns":8},{"damage":0,"enemies":"Blue Slaver","floor":11,"turns":2},{"damage":14,"enemies":"Gremlin Nob","floor":12,"turns":3},{"damage":5,"enemies":"2 Fungi Beasts","floor":13,"turns":2},{"damage":0,"enemies":"Slime Boss","floor":16,"turns":7},{"damage":39,"enemies":"2 Thieves","floor":18,"turns":4},{"damage":19,"enemies":"Shell Parasite","floor":21,"turns":5},{"damage":16,"enemies":"Gremlin Leader","floor":24,"turns":5},{"damage":40,"enemies":"Cultist and Chosen","floor":27,"turns":6},{"damage":7,"enemies":"Book of Stabbing","floor":31,"turns":7},{"damage":24,"enemies":"Automaton","floor":33,"turns":11},{"damage":0,"enemies":"3 Shapes","floor":35,"turns":4},{"damage":1,"enemies":"3 Darklings","floor":36,"turns":5},{"damage":17,"enemies":"Jaw Worm Horde","floor":39,"turns":6},{"damage":2,"enemies":"Reptomancer","floor":40,"turns":8},{"damage":0,"enemies":"Writhing Mass","floor":42,"turns":7},{"damage":0,"enemies":"Spire Growth","floor":44,"turns":3},{"damage":0,"enemies":"Nemesis","floor":45,"turns":5},{"damage":0,"enemies":"3 Darklings","floor":46,"turns":5},{"damage":0,"enemies":"Writhing Mass","floor":47,"turns":4},{"damage":0,"enemies":"Giant Head","floor":48,"turns":7},{"damage":16,"enemies":"Time Eater","floor":50,"turns":11}],"seed_played":"-8495732966671813553","potions_obtained":[{"floor":5,"key":"GhostInAJar"},{"floor":7,"key":"Poison Potion"},{"floor":12,"key":"Ancient Potion"},{"floor":13,"key":"FearPotion"},{"floor":18,"key":"Regen Potion"},{"floor":21,"key":"Energy Potion"},{"floor":33,"key":"SpeedPotion"},{"floor":36,"key":"Regen Potion"},{"floor":42,"key":"SkillPotion"},{"floor":45,"key":"PowerPotion"}],"is_trial":false,"path_per_floor":["M","$","M","?","M","R","E","R","T","E","M","E","M","?","R","B",null,"M","?","$","M","$","R","E","T","T","M","R","?","R","E","R","B",null,"M","M","?","T","M","E","$","M","T","M","E","M","M","E","R","B",null],"character_chosen":"THE_SILENT","items_purchased":["ClockworkSouvenir","Prepared","Deflect","Thread and Needle","Backflip"],"campfire_rested":3,"item_purchase_floors":[20,20,22,41,41],"current_hp_per_floor":[73,73,73,73,73,73,57,57,57,48,48,34,29,57,82,82,84,45,45,60,41,56,56,54,54,54,14,39,39,64,57,57,33,84,84,83,83,83,67,74,89,91,91,91,91,91,91,91,91,75],"gold":196,"neow_bonus":"TWENTY_PERCENT_HP_BONUS","is_daily":false,"chose_seed":false,"campfire_upgraded":5,"win_rate":0.0,"timestamp":1608701095,"path_taken":["M","$","M","?","M","R","E","R","T","E","M","E","?","?","R","BOSS","M","?","$","M","$","R","E","?","T","M","R","?","R","E","R","BOSS","M","?","?","?","M","E","$","M","T","?","E","M","M","E","R","BOSS"],"items_purchased_type":["Relic","Card","Card","Relic","Card"],"build_version":"2020-12-13","purchased_purges":1,"victory":true,"max_hp_per_floor":[84,84,84,84,84,84,84,84,84,84,84,84,84,84,84,84,84,84,84,84,84,84,84,84,84,84,84,84,84,84,84,84,84,84,84,84,84,84,84,91,91,91,91,91,91,91,91,91,91,91],"relic_stats":{"counters":[26,138],"CeramicFish":117,"Blood Vial":5,"Nunchaku":[35],"Dream Catcher":2,"Shuriken":[55],"Tiny Chest":2,"MealTicket":45,"Turnip":[0],"Black Star":5,"Art of War":[2],"obtain_stats":[{"Ice Cream":40,"CeramicFish":31,"Thread and Needle":41,"Omamori":24,"Incense Burner":26,"Paper Crane":7,"ClockworkSouvenir":20,"Blood Vial":38,"Nunchaku":9,"CaptainsWheel":10,"Dream Catcher":24,"HornCleat":45,"WristBlade":34,"Shuriken":25,"Strawberry":40,"Tiny Chest":12,"MealTicket":19,"Turnip":45,"Black Star":17,"Art of War":48,"Bottled Lightning":43,"StrikeDummy":48,"FossilizedHelix":31,"Ring of the Snake":0},{"Ice Cream":19,"CeramicFish":14,"Thread and Needle":19,"Omamori":12,"Incense Burner":12,"Paper Crane":4,"ClockworkSouvenir":10,"Blood Vial":17,"Nunchaku":4,"CaptainsWheel":5,"Dream Catcher":12,"HornCleat":22,"WristBlade":15,"Shuriken":12,"Strawberry":19,"Tiny Chest":7,"MealTicket":10,"Turnip":22,"Black Star":9,"Art of War":25,"Bottled Lightning":20,"StrikeDummy":25,"FossilizedHelix":14,"Ring of the Snake":0},{"Ice Cream":96,"CeramicFish":62,"Thread and Needle":96,"Omamori":49,"Incense Burner":49,"Paper Crane":13,"ClockworkSouvenir":39,"Blood Vial":82,"Nunchaku":13,"CaptainsWheel":21,"Dream Catcher":49,"HornCleat":111,"WristBlade":73,"Shuriken":49,"Strawberry":96,"Tiny Chest":26,"MealTicket":39,"Turnip":111,"Black Star":35,"Art of War":127,"Bottled Lightning":103,"StrikeDummy":127,"FossilizedHelix":62,"Ring of the Snake":0}],"Ring of the Snake":[52]},"card_choices":[{"not_picked":["PiercingWail","Dodge and Roll"],"picked":"Blade Dance","floor":1},{"not_picked":["Eviscerate","Flying Knee"],"picked":"Dagger Spray","floor":3},{"not_picked":["Flying Knee","Eviscerate"],"picked":"Slice","floor":5},{"not_picked":["Deadly Poison","All Out Attack"],"picked":"Terror","floor":7},{"not_picked":["Riddle With Holes","PiercingWail"],"picked":"Noxious Fumes","floor":10},{"not_picked":["Poisoned Stab","Eviscerate"],"picked":"Infinite Blades","floor":11},{"not_picked":["Tactician","Bouncing Flask"],"picked":"Adrenaline","floor":12},{"not_picked":["Bane","Sucker Punch"],"picked":"Distraction","floor":13},{"not_picked":["Tools of the Trade","Bullet Time"],"picked":"Grand Finale","floor":16},{"not_picked":["Heel Hook+1","Quick Slash"],"picked":"Deflect","floor":18},{"not_picked":["Masterful Stab","Underhanded Strike"],"picked":"Sucker Punch","floor":21},{"not_picked":["Sucker Punch","Dagger Spray+1"],"picked":"Riddle With Holes+1","floor":24},{"not_picked":["Setup","Dagger Spray"],"picked":"Leg Sweep","floor":27},{"not_picked":["Poisoned Stab","Deadly Poison"],"picked":"PiercingWail+1","floor":28},{"not_picked":["Prepared","Finisher"],"picked":"Acrobatics+1","floor":30},{"not_picked":["Choke","Deflect"],"picked":"After Image","floor":31},{"not_picked":["Wraith Form v2","Venomology"],"picked":"Malaise","floor":33},{"not_picked":["Blade Dance+1","Bouncing Flask"],"picked":"Noxious Fumes+1","floor":35},{"not_picked":["Deadly Poison","Dash+1"],"picked":"Slice+1","floor":36},{"not_picked":["Masterful Stab+1","Sucker Punch+1"],"picked":"Escape Plan+1","floor":39},{"not_picked":["Flying Knee+1","Outmaneuver+1"],"picked":"Adrenaline","floor":40},{"not_picked":["Quick Slash+1","Dagger Throw"],"picked":"Slice+1","floor":42},{"not_picked":["Quick Slash","Heel Hook"],"picked":"Backstab","floor":44},{"not_picked":["Blur+1","Poisoned Stab"],"picked":"Accuracy","floor":45},{"not_picked":["Sucker Punch","Expertise"],"picked":"Heel Hook+1","floor":46},{"not_picked":["Leg Sweep","Cloak And Dagger+1"],"picked":"Backflip","floor":47},{"not_picked":["Quick Slash","Glass Knife"],"picked":"Escape Plan+1","floor":48}],"player_experience":2015045,"relics_obtained":[{"floor":7,"key":"Paper Crane"},{"floor":9,"key":"Nunchaku"},{"floor":10,"key":"CaptainsWheel"},{"floor":12,"key":"Tiny Chest"},{"floor":24,"key":"Dream Catcher"},{"floor":24,"key":"Omamori"},{"floor":25,"key":"Shuriken"},{"floor":26,"key":"Incense Burner"},{"floor":31,"key":"CeramicFish"},{"floor":31,"key":"FossilizedHelix"},{"floor":38,"key":"Blood Vial"},{"floor":40,"key":"Strawberry"},{"floor":40,"key":"Ice Cream"},{"floor":43,"key":"Bottled Lightning"},{"floor":45,"key":"HornCleat"},{"floor":45,"key":"Turnip"},{"floor":48,"key":"Art of War"},{"floor":48,"key":"StrikeDummy"}],"event_choices":[{"damage_healed":0,"gold_gain":0,"cards_transformed":["Strike_G"],"player_choice":"Transformed","damage_taken":0,"max_hp_gain":0,"max_hp_loss":0,"event_name":"Transmorgrifier","floor":4,"gold_loss":0,"cards_obtained":["Skewer"]},{"damage_healed":28,"gold_gain":0,"player_choice":"Banana","damage_taken":0,"max_hp_gain":0,"max_hp_loss":0,"event_name":"Big Fish","floor":14,"gold_loss":0},{"damage_healed":0,"gold_gain":0,"player_choice":"Obtained Relic","damage_taken":0,"relics_obtained":["MealTicket"],"max_hp_gain":0,"max_hp_loss":0,"event_name":"Addict","floor":19,"gold_loss":85},{"damage_healed":0,"gold_gain":0,"player_choice":"2 cards matched","damage_taken":0,"max_hp_gain":0,"max_hp_loss":0,"event_name":"Match and Keep!","floor":29,"gold_loss":0,"cards_obtained":["Cloak And Dagger","Madness"]},{"cards_removed":["Strike_G"],"damage_healed":0,"gold_gain":0,"player_choice":"Offered Basic","damage_taken":0,"max_hp_gain":0,"max_hp_loss":0,"event_name":"Bonfire Elementals","floor":37,"gold_loss":0}],"is_beta":false,"boss_relics":[{"not_picked":["SlaversCollar","Empty Cage"],"picked":"Black Star"},{"not_picked":["Fusion Hammer","Coffee Dripper"],"picked":"WristBlade"}],"items_purged_floors":[2],"is_endless":false,"potions_floor_spawned":[5,7,12,13,18,21,33,36,42,44,45],"ascension_level":2}}