{"host":"3jpwrwmmgyabjceh","time":1608726296,"event":{"mods":["AchievementEnabler","BaseMod","Colored Map","Colored Powertips","Highlight Path","Minty Spire (QoL Compilation)","Quick Restart","StSLib"],"gold_per_floor":[215,390,410,19,34,65,65,98,121,121,121,139,139,154,154,252,252,264,264,275,67,84,84,96,109,109,109,109],"floor_reached":27,"playtime":763,"items_purged":["Doubt"],"score":281,"play_id":"abbcf6c0-a72f-42d8-9198-caf7e4ac063c","local_time":"20201223152456","is_ascension_mode":true,"campfire_choices":[{"data":"Searing Blow","floor":7,"key":"SMITH"},{"data":"Searing Blow+1","floor":10,"key":"SMITH"},{"data":"Searing Blow+2","floor":13,"key":"SMITH"},{"data":"Searing Blow+3","floor":15,"key":"SMITH"},{"floor":23,"key":"REST"}],"circlet_count":0,"master_deck":["Strike_R","Strike_R","Strike_R","Strike_R","Defend_R","Defend_R","Defend_R","Defend_R","Bash","Searing Blow+4","Rampage","Cleave","Inflame","Shrug It Off","Demon Form","Apotheosis","Armaments","Armaments"],"relics":["Burning Blood","TheAbacus","Orichalcum","Happy Flower","Red Skull","Sozu","Enchiridion","Eternal Feather"],"acts_visited":["Exordium","TheCity"],"potions_floor_usage":[3,6,12,16],"damage_taken":[{"damage":0,"enemies":"2 Louse","floor":1,"turns":3},{"damage":2,"enemies":"Small Slimes","floor":3,"turns":3},{"damage":2,"enemies":"Jaw Worm","floor":5,"turns":3},{"damage":19,"enemies":"Lagavulin","floor":6,"turns":5},{"damage":12,"enemies":"Gremlin Nob","floor":8,"turns":4},{"damage":12,"enemies":"Gremlin Gang","floor":12,"turns":3},{"damage":8,"enemies":"Exordium Thugs","floor":14,"turns":3},{"damage":14,"enemies":"Hexaghost","floor":16,"turns":9},{"damage":18,"enemies":"3 Byrds","floor":18,"turns":5},{"damage":8,"enemies":"Spheric Guardian","floor":20,"turns":4},{"damage":29,"enemies":"Snake Plant","floor":22,"turns":4},{"damage":21,"enemies":"Shelled Parasite and Fungi","floor":24,"turns":6},{"damage":15,"enemies":"Cultist and Chosen","floor":25,"turns":6},{"damage":25,"enemies":"Gremlin Leader","floor":27,"turns":4}],"seed_played":"-2210926822644339341","potions_obtained":[{"floor":1,"key":"DistilledChaos"},{"floor":3,"key":"PowerPotion"},{"floor":8,"key":"SteroidPotion"},{"floor":12,"key":"HeartOfIron"}],"is_trial":false,"path_per_floor":["M","?","M","$","M","E","R","E","T","R","?","M","R","M","R","B",null,"M","?","M","$","M","R","M","M","T","E"],"character_chosen":"IRONCLAD","items_purchased":["Rampage","Cleave","Inflame","TheAbacus","Apotheosis","Armaments"],"campfire_rested":1,"item_purchase_floors":[4,4,4,4,21,21],"current_hp_per_floor":[80,80,80,80,80,67,67,61,61,61,54,48,48,46,46,38,70,58,42,40,40,17,41,26,17,17,0,0],"gold":109,"neow_bonus":"HUNDRED_GOLD","is_daily":false,"chose_seed":false,"campfire_upgraded":4,"win_rate":0.0,"timestamp":1608726296,"path_taken":["M","?","M","$","M","E","R","E","T","R","?","M","R","M","R","BOSS","M","?","M","$","M","R","M","M","T","E"],"items_purchased_type":["Card","Card","Card","Relic","Card","Card"],"build_version":"2020-12-22","purchased_purges":1,"victory":false,"max_hp_per_floor":[80,80,80,80,80,80,80,80,80,80,80,80,80,80,80,80,80,80,80,80,80,80,80,80,80,80,80,80],"card_choices":[{"not_picked":["Bloodletting","Havoc","Shrug It Off"],"picked":"SKIP","floor":1},{"not_picked":["True Grit","Havoc"],"picked":"Searing Blow","floor":3},{"not_picked":["Burning Pact","Havoc","Hemokinesis"],"picked":"SKIP","floor":5},{"not_picked":["Burning Pact","Havoc","Hemokinesis"],"picked":"SKIP","floor":5},{"not_picked":["Intimidate","Combust","Twin Strike"],"picked":"SKIP","floor":6},{"not_picked":["Clash","Carnage"],"picked":"Shrug It Off","floor":8},{"not_picked":["Twin Strike","Clothesline","Feel No Pain"],"picked":"SKIP","floor":12},{"not_picked":["Warcry","Flex","Pommel Strike"],"picked":"SKIP","floor":14},{"not_picked":["Fiend Fire","Impervious"],"picked":"Demon Form","floor":16},{"not_picked":["Wild Strike","Headbutt","Pommel Strike+1"],"picked":"SKIP","floor":18},{"not_picked":["Anger","Twin Strike","Heavy Blade"],"picked":"SKIP","floor":20},{"not_picked":["Body Slam","Intimidate","Thunderclap+1"],"picked":"SKIP","floor":22},{"not_picked":["Body Slam","Sentinel"],"picked":"Armaments","floor":24},{"not_picked":["Carnage","Body Slam+1","Entrench+1"],"picked":"SKIP","floor":25}],"player_experience":253837,"relics_obtained":[{"floor":6,"key":"Orichalcum"},{"floor":8,"key":"Happy Flower"},{"floor":9,"key":"Red Skull"},{"floor":19,"key":"Enchiridion"},{"floor":26,"key":"Eternal Feather"}],"event_choices":[{"damage_healed":0,"gold_gain":175,"player_choice":"AGREE","damage_taken":0,"max_hp_gain":0,"max_hp_loss":0,"event_name":"Liars Game","floor":2,"gold_loss":0,"cards_obtained":["Doubt"]},{"cards_removed":["Strike_R"],"damage_healed":0,"gold_gain":0,"player_choice":"Card Removal","damage_taken":7,"max_hp_gain":0,"max_hp_loss":0,"event_name":"Golden Wing","floor":11,"gold_loss":0},{"damage_healed":0,"gold_gain":0,"player_choice":"Obtained Book","damage_taken":16,"max_hp_gain":0,"max_hp_loss":0,"event_name":"Cursed Tome","floor":19,"gold_loss":0}],"is_beta":false,"boss_relics":[{"not_picked":["Mark of Pain","Astrolabe"],"picked":"Sozu"}],"items_purged_floors":[4],"is_endless":false,"potions_floor_spawned":[1,3,8,12,20,24,25],"killed_by":"Gremlin Leader","ascension_level":5}}