{"host":"81h68oe4mr04pk3r","time":1608712942,"event":{"mods":["Act Like it!","Aspiration","BaseMod","BetterRewards","Colored Map","Colored Powertips","Conspire","Downfall","Hermit","Hubris","Infinite Spire","Jorbs\u0027s Wanderer Trilogy","Koishi","Lobotomy","LobotomyExtend","Marisa????????","Minty Spire (QoL Compilation)","Quick Restart","Reimu??????","Remilia??????","Replay The Spire","StSLib","The Bug Knight","The Construct","The Cursed","The Disciple","The Servant 0.9.4"],"gold_per_floor":[111,42,57,7,7,7,7,7,42,58,82,82,95,170,170,170,170,272,272,289,299,299,317,66,66,66,97,97,97,97,97,97,97,97,116,116,214,214,224,224,236,236,236],"floor_reached":42,"playtime":1457,"items_purged":[],"score":460,"play_id":"4a68d179-21be-4d2c-a393-657920b71ce3","local_time":"20201223004222","is_ascension_mode":false,"campfire_choices":[{"data":"ShatteredReality","floor":8,"key":"SMITH"},{"floor":12,"key":"REST"},{"floor":15,"key":"REST"},{"floor":17,"key":"REST"},{"floor":25,"key":"REST"},{"floor":29,"key":"REST"},{"floor":31,"key":"REST"},{"data":"MurderousAura","floor":34,"key":"SMITH"},{"data":"BestPractice","floor":36,"key":"SMITH"}],"circlet_count":0,"master_deck":["Strike_S","Strike_S","Strike_S","Strike_S","Defend_S","Defend_S","Defend_S","Defend_S","KidneyShot","Exchange","ShatteredReality+1","TimeWarp","Revamp+1","TimeWarp","Pot Of Greed+1","Pot Of Greed+1","ReturningBlade","MurderousAura+1","TimeWarp","BottledTime+1","Shuttle+1","ShatteredReality+1","Luminosity","TimeWarp","Pot Of Greed+1","ShiftingGears+1","BottledTime+1","Wrath_TH","EndlessPower","BestPractice+1","Dilation+1","Collapse+1","hubris:InfiniteBlow+12"],"relics":["Uniform","aspiration:Lifesprig","Toxic Egg 2","LetterFromLob","RedMistMask","Grinning Jar","SacredBark","Tiny Chest","HollowMod:PaleOreRelic","SlaversCollar","hubris:HollowSoul","construct:BoolHorns"],"acts_visited":["Exordium","TheCity","TheBeyond"],"potions_floor_usage":[9,18,35,42,42],"damage_taken":[{"damage":0,"enemies":"Cultist","floor":1,"turns":4},{"damage":0,"enemies":"Small Slimes","floor":3,"turns":4},{"damage":16,"enemies":"Lagavulin","floor":9,"turns":5},{"damage":1,"enemies":"2 Louse","floor":10,"turns":2},{"damage":27,"enemies":"Exordium Thugs","floor":13,"turns":3},{"damage":32,"enemies":"Hexaghost","floor":18,"turns":7},{"damage":5,"enemies":"Spheric Guardian","floor":20,"turns":3},{"damage":5,"enemies":"3 Byrds","floor":21,"turns":3},{"damage":22,"enemies":"3 Cultists","floor":23,"turns":4},{"damage":28,"enemies":"Gremlin Leader","floor":27,"turns":6},{"damage":7,"enemies":"Snake Plant","floor":35,"turns":2},{"damage":52,"enemies":"conspire:MysteriousRune","floor":37,"turns":7},{"damage":48,"enemies":"3 Darklings","floor":39,"turns":4},{"damage":13,"enemies":"3 Shapes","floor":41,"turns":3},{"damage":6,"enemies":"Transient","floor":42,"turns":1}],"seed_played":"5042779061194427753","potions_obtained":[{"floor":3,"key":"Fruit Juice"},{"floor":10,"key":"Energy Potion"},{"floor":20,"key":"Ancient Potion"},{"floor":21,"key":"Guardian:BlockOnCardUsePotion"},{"floor":39,"key":"Energy Potion"}],"is_trial":false,"path_per_floor":["M","$","M","$","PTL","PTL","$","R","E","M","T","R","M","?","R","?","R","B",null,"M","M","?","M","$","R","$","E","T","R","?","R","PTL","PTL","R","M","R","B",null,"M","AVR","M","M"],"character_chosen":"THE_SERVANT","items_purchased":["Desolation","DoubleEdge","Luminosity","champ:CounterPotion","TimeWarp","ShiftingGears+1"],"campfire_rested":6,"item_purchase_floors":[2,4,24,24,24,24],"current_hp_per_floor":[65,65,65,65,65,65,65,65,54,53,53,70,43,32,53,58,70,38,70,65,60,60,38,38,59,59,31,31,52,52,70,70,70,70,63,63,11,70,22,22,9,8,8],"gold":236,"neow_bonus":"RANDOM_COMMON_RELIC","is_daily":false,"chose_seed":false,"campfire_upgraded":3,"win_rate":0.0,"timestamp":1608712942,"path_taken":["M","$","M","$","PTL","PTL","?","R","E","?","T","R","M","?","R","?","R","BOSS","M","M","?","M","$","R","?","E","T","R","?","R","PTL","PTL","R","M","R","BOSS","M","AVR","M","M"],"items_purchased_type":["Card","Card","Card","Potion","Card","Card"],"build_version":"2020-12-22","purchased_purges":0,"victory":false,"max_hp_per_floor":[65,65,65,65,65,65,65,65,70,70,70,70,70,70,70,70,70,70,70,70,70,70,70,70,70,70,70,70,70,70,70,70,70,70,70,70,70,70,70,70,70,14,14],"card_choices":[{"not_picked":["Collapse","BottledTime"],"picked":"ShatteredReality","floor":1},{"not_picked":["BottledTime","Defy"],"picked":"TimeWarp","floor":3},{"not_picked":["Unruled","Alleviate+1"],"picked":"Revamp+1","floor":9},{"not_picked":["Rearm+1","Spin"],"picked":"TimeWarp","floor":10},{"not_picked":["Revamp+1","StarChef"],"picked":"ReturningBlade","floor":13},{"not_picked":["LightFlow","Initiator"],"picked":"MurderousAura","floor":18},{"not_picked":["Misdirection+1","Unruled"],"picked":"TimeWarp","floor":20},{"not_picked":["Unruled","Alleviate+1"],"picked":"BottledTime+1","floor":21},{"not_picked":["Unruled","Reset+1"],"picked":"ShatteredReality+1","floor":23},{"not_picked":["SurpressingFire","Rearm+1"],"picked":"BottledTime+1","floor":27},{"not_picked":["MurderousAura","Barrier+1"],"picked":"BestPractice","floor":35},{"not_picked":["KillingDoll","FloweringNight"],"picked":"Dilation+1","floor":37},{"not_picked":["Replace+1","Alleviate+1"],"picked":"Collapse+1","floor":39},{"not_picked":["BestPractice","Gouge+1","Rewind+1"],"picked":"SKIP","floor":41}],"player_experience":166454,"relics_obtained":[{"floor":9,"key":"Toxic Egg 2"},{"floor":9,"key":"LetterFromLob"},{"floor":10,"key":"RedMistMask"},{"floor":11,"key":"Grinning Jar"},{"floor":27,"key":"Tiny Chest"},{"floor":28,"key":"HollowMod:PaleOreRelic"}],"event_choices":[{"damage_healed":0,"gold_gain":75,"player_choice":"Gather Gold","damage_taken":11,"max_hp_gain":0,"max_hp_loss":0,"event_name":"World of Goop","floor":14,"gold_loss":0},{"cards_removed":["DoubleEdge"],"damage_healed":5,"gold_gain":0,"player_choice":"Offered Common","damage_taken":0,"max_hp_gain":0,"max_hp_loss":0,"event_name":"Bonfire Elementals","floor":16,"gold_loss":0},{"cards_removed":["DoubleEdge"],"damage_healed":5,"gold_gain":0,"player_choice":"Offered Special","damage_taken":0,"max_hp_gain":0,"max_hp_loss":0,"event_name":"Bonfire Elementals","floor":16,"gold_loss":0},{"damage_healed":0,"gold_gain":0,"cards_transformed":["Desolation"],"player_choice":"Transformed","damage_taken":0,"max_hp_gain":0,"max_hp_loss":0,"event_name":"Transmorgrifier","floor":22,"gold_loss":0,"cards_obtained":["Shuttle"]}],"is_beta":false,"boss_relics":[{"not_picked":["Kintsugi","Velvet Choker"],"picked":"SacredBark"},{"not_picked":["Painkiller Herb","Astrolabe"],"picked":"SlaversCollar"}],"items_purged_floors":[],"is_endless":false,"potions_floor_spawned":[3,10,13,20,21,27,39],"killed_by":"Transient","ascension_level":0}}