{"host":"rpu0b34yn88n8zeb","time":1608766974,"event":{"mods":["BaseMod","CapriCore","Colored Powertips","Defuse TimeMaze Blight","Koishi","KomeijiMod","Marisa£¨ìFÓê¡¡Ä§ÀíÉ³£©","Minty Spire (QoL Compilation)","Quick Restart","Reimu£¨²©ÀöÁéÃÎ£©","Shop Mod","Spicy Shops","StSLib","The Immortal","The Servant 0.9.4","Youmu£¨»êÆÇÑýÃÎ£©","¡¾¶«·½¶þ´Î´´×÷¡¿°ËÔÆ×Ïmod"],"gold_per_floor":[139,139,99,117,117,145,145,179,179,179,179,208,246,246,246,392,392,408,456,516,516,516,576,589,589,589,608,641,656,61,61,61,191,191,207,207,79,97,97,109,137,180,271,37,53,53,97,28,28,28,28,28,5,49,49],"floor_reached":56,"playtime":2261,"items_purged":["Defend_purpleEX","Defend_purpleEX"],"score":1488,"play_id":"60d4809e-045a-48c7-93e2-62d4ebb57664","local_time":"20201223164254","is_ascension_mode":true,"campfire_choices":[{"data":"Observe_purple_2","floor":7.0,"key":"SMITH"},{"floor":11.0,"key":"REST"},{"floor":15.0,"key":"REST"},{"data":"DimensionStaggered_purple","floor":25.0,"key":"SMITH"},{"data":"Dramatic Entrance","floor":32.0,"key":"SMITH"},{"data":"Monsters_DoubleDeathButterfly_purple","floor":40.0,"key":"SMITH"},{"floor":49.0,"key":"RECALL"},{"data":"ExistenceContinue_purple","floor":52.0,"key":"SMITH"}],"circlet_count":0,"master_deck":["AT_purpleEX","AT_purpleEX","Defend_purpleEX","Observe_purple_1","Observe_purple_2+1","Charmbait_purple+1","OmniscientAndOmnipotent_Monster_purple","MNeedle_purple","Mirror_Drifter_purple+1","Monsters_DoubleDeathButterfly_purple+1","Mirror_FormAndEmptin_purple","Fancifulhole_purple","Line_surface_state_purple","StateErode_purple","DimensionStaggered_purple+1","DimensionStaggered_purple+1","Worldmountain_purple","Dramatic Entrance+1","Boundary_LifeAndDeath_purple","StateDuplicate_purple+1","Erosivefilter_purple+1","Boundary_of_Extermination_purpleEX+1","DimensionStaggered_purple","ExistenceContinue_purple+1","OmniscientAndOmnipotent_Monster_purple+1","CommonSense_AntiCommonSense_purple","ExistenceContinue_purple","RuptureOfTimeAndSpace_purple+1"],"relics":["Boundary_crack","Memoryfragments_purpleEX","PaintedHorse:ReiMu","ThirstyCross","CaptainsWheel","Pocketwatch","Shuriken","Mastiff:ReiMu","Golden Idol","Busted Crown","Red Mask","MutagenicStrength","Toy Ornithopter","Gremlin Horn","Anchor","ThegodofHakurei_purpleEX","Astrolabe","Bottled Lightning","MawBank","Akabeko","NitorisBag","Lantern","Meat on the Bone","InkBottle"],"acts_visited":["Exordium","TheCity","TheBeyond","TheEnding"],"potions_floor_usage":[55,55,55],"damage_taken":[{"damage":7.0,"enemies":"Jaw Worm","floor":1.0,"turns":5.0},{"damage":0.0,"enemies":"Small Slimes","floor":4.0,"turns":2.0},{"damage":32.0,"enemies":"Gremlin Nob","floor":6.0,"turns":3.0},{"damage":21.0,"enemies":"3 Sentries","floor":8.0,"turns":5.0},{"damage":16.0,"enemies":"Lagavulin","floor":12.0,"turns":4.0},{"damage":0.0,"enemies":"2 Louse","floor":13.0,"turns":2.0},{"damage":2.0,"enemies":"Slime Boss","floor":16.0,"turns":6.0},{"damage":0.0,"enemies":"Shell Parasite","floor":18.0,"turns":1.0},{"damage":0.0,"enemies":"Spheric Guardian","floor":19.0,"turns":3.0},{"damage":9.0,"enemies":"Masked Bandits","floor":20.0,"turns":3.0},{"damage":20.0,"enemies":"Slavers","floor":23.0,"turns":2.0},{"damage":0.0,"enemies":"Snake Plant","floor":24.0,"turns":2.0},{"damage":0.0,"enemies":"Shelled Parasite and Fungi","floor":27.0,"turns":2.0},{"damage":4.0,"enemies":"Gremlin Leader","floor":28.0,"turns":4.0},{"damage":0.0,"enemies":"Sentry and Sphere","floor":29.0,"turns":1.0},{"damage":0.0,"enemies":"Champ","floor":33.0,"turns":5.0},{"damage":0.0,"enemies":"3 Darklings","floor":35.0,"turns":2.0},{"damage":0.0,"enemies":"Orb Walker","floor":38.0,"turns":1.0},{"damage":0.0,"enemies":"Jaw Worm Horde","floor":41.0,"turns":1.0},{"damage":0.0,"enemies":"Reptomancer","floor":42.0,"turns":3.0},{"damage":0.0,"enemies":"4 Shapes","floor":45.0,"turns":1.0},{"damage":0.0,"enemies":"Giant Head","floor":47.0,"turns":4.0},{"damage":19.0,"enemies":"Donu and Deca","floor":50.0,"turns":5.0},{"damage":0.0,"enemies":"Shield and Spear","floor":54.0,"turns":4.0},{"damage":59,"enemies":"The Heart","floor":55,"turns":6}],"seed_played":"-8814095335366598889","potions_obtained":[{"floor":6.0,"key":"SteroidPotion"},{"floor":8.0,"key":"FearPotion"},{"floor":16.0,"key":"BlessingOfTheForge"},{"floor":18.0,"key":"GamblersBrew"},{"floor":19.0,"key":"BlessingOfTheForge"},{"floor":24.0,"key":"EssenceOfSteel"},{"floor":38.0,"key":"Fire Potion"}],"is_trial":false,"path_per_floor":["M","?","?","M","?","E","R","E","T","?","R","E","M","?","R","B",null,"M","M","?","?","?","E","M","R","T","M","E","M","$","?","R","B",null,"M","?","$","M","?","R","M","E","T","$","M","T","E","$","R","B",null,"R","$","E","B",null],"character_chosen":"Youkari","items_purchased":["ThegodofHakurei_purpleEX","Dramatic Entrance","Bottled Lightning","NitorisBag","CommonSense_AntiCommonSense_purple","ExistenceContinue_purple"],"campfire_rested":2,"item_purchase_floors":[30,30,37,44,48,53],"current_hp_per_floor":[73,73,73,74,74,42,42,24,24,24,47,34,36,36,57,56,71,71,71,65,65,65,45,48,48,48,49,46,46,46,46,46,51,71,71,71,71,71,71,71,71,71,71,71,71,71,71,71,71,62,71,71,71,71,44],"gold":49,"neow_bonus":"TEN_PERCENT_HP_BONUS","is_daily":false,"chose_seed":false,"campfire_upgraded":5,"win_rate":0.0,"timestamp":1608766974,"path_taken":["M","?","?","M","?","E","R","E","T","?","R","E","?","?","R","BOSS","M","M","?","?","?","E","M","R","T","M","E","M","$","?","R","BOSS","M","?","?","?","?","R","M","E","T","$","?","?","E","?","R","BOSS","R","$","E","BOSS"],"items_purchased_type":["Relic","Card","Relic","Relic","Card","Card"],"build_version":"2020-12-22","purchased_purges":2,"victory":true,"max_hp_per_floor":[77,77,77,77,77,77,77,77,77,77,77,77,77,71,71,71,71,71,71,71,71,71,71,71,71,71,71,71,71,71,71,71,71,71,71,71,71,71,71,71,71,71,71,71,71,71,71,71,71,71,71,71,71,71,71],"card_choices":[{"not_picked":["ExternalForce_HighSpeedFlying_purple","StretchesForeverDream_purple"],"picked":"Charmbait_purple","floor":1.0},{"not_picked":["Boundary_DynamicStaticEquilibrium_purple","Realm_recovery_purpleEX"],"picked":"OmniscientAndOmnipotent_Monster_purple","floor":4.0},{"not_picked":["EighthInstrument_OneDividesIntoTwo_purple","Boundary_of_Extermination_purpleEX"],"picked":"MNeedle_purple","floor":6.0},{"not_picked":["Know_ledgeAbilityRealm_purple","SharpContractionReality_purple"],"picked":"Mirror_Drifter_purple","floor":8.0},{"not_picked":["Boundary_of_Extermination_purpleEX","DimensionStaggered_purple"],"picked":"Monsters_DoubleDeathButterfly_purple","floor":12.0},{"not_picked":["RuptureOfTimeAndSpace_purple","StateDuplicate_purple"],"picked":"Mirror_FormAndEmptin_purple","floor":13.0},{"not_picked":["WasteWire_Metro_purple","MagicEyes_LaplaceDemon_purple"],"picked":"Fancifulhole_purple","floor":16.0},{"not_picked":[],"picked":"Line_surface_state_purple","floor":18.0},{"not_picked":[],"picked":"StateErode_purple","floor":19.0},{"not_picked":["Bait_Toxicbait_purple"],"picked":"SKIP","floor":23.0},{"not_picked":[],"picked":"DimensionStaggered_purple","floor":24.0},{"not_picked":[],"picked":"DimensionStaggered_purple+1","floor":27.0},{"not_picked":["Mirror_FormAndEmptin_purple"],"picked":"SKIP","floor":28.0},{"not_picked":[],"picked":"Worldmountain_purple","floor":29.0},{"not_picked":[],"picked":"Boundary_LifeAndDeath_purple","floor":33.0},{"not_picked":["Realm_recovery_purpleEX"],"picked":"SKIP","floor":35.0},{"not_picked":[],"picked":"Line_surface_state_purple+1","floor":38.0},{"not_picked":["DimensionStaggered_purple"],"picked":"SKIP","floor":41.0},{"not_picked":[],"picked":"DimensionStaggered_purple","floor":41.0},{"not_picked":["Monsters_DoubleDeathButterfly_purple"],"picked":"SKIP","floor":42.0},{"not_picked":[],"picked":"ExistenceContinue_purple","floor":45.0},{"not_picked":[],"picked":"OmniscientAndOmnipotent_Monster_purple+1","floor":47.0},{"not_picked":[],"picked":"RuptureOfTimeAndSpace_purple+1","floor":54.0}],"player_experience":694864,"relics_obtained":[{"floor":6.0,"key":"CaptainsWheel"},{"floor":8.0,"key":"Pocketwatch"},{"floor":9.0,"key":"Shuriken"},{"floor":12.0,"key":"Mastiff:ReiMu"},{"floor":20.0,"key":"Red Mask"},{"floor":23.0,"key":"Toy Ornithopter"},{"floor":26.0,"key":"Gremlin Horn"},{"floor":28.0,"key":"Anchor"},{"floor":39.0,"key":"MawBank"},{"floor":42.0,"key":"Akabeko"},{"floor":46.0,"key":"Lantern"},{"floor":47.0,"key":"Meat on the Bone"},{"floor":54.0,"key":"InkBottle"}],"event_choices":[{"damage_healed":0.0,"max_hp_gain":0.0,"max_hp_loss":0.0,"gold_gain":0.0,"event_name":"Living Wall","player_choice":"Grow","floor":2.0,"gold_loss":0.0,"damage_taken":0.0,"cards_upgraded":["Charmbait_purple"]},{"damage_healed":0.0,"max_hp_gain":0.0,"max_hp_loss":0.0,"gold_gain":0.0,"event_name":"yidonshenshe","player_choice":"ÈûÇ®","floor":3.0,"gold_loss":40.0,"damage_taken":0.0,"relics_obtained":["PaintedHorse:ReiMu"]},{"damage_healed":0.0,"max_hp_gain":0.0,"max_hp_loss":0.0,"gold_gain":0.0,"event_name":"Accursed Blacksmith","player_choice":"Forge","floor":10.0,"gold_loss":0.0,"damage_taken":0.0,"cards_upgraded":["Mirror_Drifter_purple"]},{"damage_healed":0.0,"max_hp_gain":0.0,"max_hp_loss":6.0,"gold_gain":0.0,"event_name":"Golden Idol","player_choice":"Lose Max HP","floor":14.0,"gold_loss":0.0,"damage_taken":0.0,"relics_obtained":["Golden Idol"]},{"damage_healed":0.0,"max_hp_gain":0.0,"max_hp_loss":0.0,"gold_gain":0.0,"event_name":"Masked Bandits","player_choice":"Fought Bandits","floor":20.0,"gold_loss":0.0,"damage_taken":0.0},{"damage_healed":0.0,"max_hp_gain":0.0,"max_hp_loss":0.0,"gold_gain":0.0,"event_name":"Drug Dealer","player_choice":"Inject Mutagens","floor":21.0,"gold_loss":0.0,"damage_taken":0.0,"relics_obtained":["MutagenicStrength"]},{"damage_healed":0.0,"max_hp_gain":0.0,"max_hp_loss":0.0,"gold_gain":0.0,"event_name":"Beggar","player_choice":"Ignored","floor":22.0,"gold_loss":0.0,"damage_taken":0.0},{"damage_healed":0.0,"max_hp_gain":0.0,"max_hp_loss":0.0,"gold_gain":0.0,"event_name":"Transmorgrifier","player_choice":"Ignored","floor":36.0,"gold_loss":0.0,"damage_taken":0.0}],"is_beta":false,"boss_relics":[{"not_picked":["SacredBark","RedLine:ReiMu"],"picked":"Busted Crown"},{"not_picked":["Snecko Eye","Velvet Choker"],"picked":"Astrolabe"}],"items_purged_floors":[30,44],"is_endless":false,"potions_floor_spawned":[6,8,16,18,19,24,38,42],"ascension_level":1}}