{"host":"8xt6qtpg1rkermdd","time":1608697557,"event":{"mods":["AchievementEnabler","Astrologer","Bard","BaseMod","Downfall","Hermit","Hubris","Jorbs\u0027s Wanderer Trilogy","Marisa????????","Minty Spire (QoL Compilation)","Replay The Spire","Shade Mod","StSLib","The Blackbeard","The Bladedancer","The Bug Knight","The Construct","The Cursed","The Disciple","The Dragon Tamer","The Gatherer","The Hayseed","The Marked","The Necromancer","The Runesmith","The Servant 0.9.4","TheArtist"],"gold_per_floor":[99,115,127,184,18,32,32,32,32,59,71,83,101,201,220,324,324,174,186,186,16,28,47,100,114,214,229,13,26,37,18,29,126,126,126,140,1,12,59,1058,1058,1058,1058,1072,1072,1072,1086,1101,1113,1113],"floor_reached":51,"playtime":2729,"items_purged":[],"score":797,"play_id":"cc877ef2-d592-4096-a515-50f23dc2fc65","local_time":"20201222222557","is_ascension_mode":false,"campfire_choices":[{"floor":1,"key":"RECALL"},{"data":"Slimebound:GoopSpray","floor":8,"key":"SMITH"},{"data":"Slimebound:Split","floor":18,"key":"SMITH"},{"data":"Slimebound:Split","floor":35,"key":"SMITH"},{"floor":42,"key":"REST"},{"floor":46,"key":"REST"}],"circlet_count":0,"master_deck":["Slimebound:Strike_Slimebound","Slimebound:Strike_Slimebound","Slimebound:Strike_Slimebound","Slimebound:Tackle","Slimebound:Defend_Slimebound","Slimebound:Defend_Slimebound","Slimebound:Defend_Slimebound","Slimebound:Defend_Slimebound","Slimebound:CorrosiveSpit","Slimebound:GrowthPunch","Slimebound:GoopSpray+1","Slimebound:ViciousTackle","Slimebound:SplitMire","Slimebound:Split+1","Slimebound:FinishingTackle","Slimebound:OozeBath+1","Slimebound:LeechingTouch","Slimebound:LivingWall","Slimebound:MegaLick","Slimebound:SlimeSpikes","Slimebound:ViciousTackle","Slimebound:SelfFormingGoo","Slimebound:LeechingTouch","Slimebound:FlameTackle","Slimebound:Equalize+1","Slimebound:LeechingTouch","Slimebound:Overexert","Slimebound:AcidTongue","Slimebound:LevelUp","Slimebound:PressTheAttack+1","Slimebound:RainOfGoop+1","Slimebound:MassRepurpose","Slimebound:MassFeed","Slimebound:FlameTackle","Slimebound:GoopSpray","blademaster:WrongfulFootwork","Slimebound:Split+1","Replay:Sssssssssstrike","Slimebound:SplitMire+1","Slimebound:LeechingTouch+1","Slimebound:Schlurp+1","Slimebound:MegaLick+1","Slimebound:Chomp","Slimebound:LeechingTouch+1","Slimebound:LeechEnergy","Slimebound:LevelUp","Slimebound:ViciousTackle+1","Slimebound:RollThrough","Slimebound:SlimeSpikes","Slimebound:WasteNot","Slimebound:ComboTackle+1","Slimebound:SamplingLick","expansioncontent:DecasProtection","Slimebound:LeechEnergy+1","Slimebound:ProtectTheBoss+1","Normality","Normality","Slimebound:Nibble","Slimebound:DisruptingSlam","Slimebound:SplitMire+1","Slimebound:RollThrough"],"relics":["Slimebound:AbsorbEndCombat","Bottled Lightning","DollysMirror","Odd Mushroom","Sozu","downfall:HeartBlessingBlue","downfall:HeartBlessingRed","Orrery","Slimebound:AggressiveSlimeRelic","downfall:GremlinSack","Lee\u0027s Waffle","BargainBundle","Anchor","Painkiller Herb","CatCart","Mercury Hourglass","White Beast Statue","hubris:Towel"],"acts_visited":["Exordium","TheCity","TheBeyond"],"potions_floor_usage":[16,16,16],"damage_taken":[{"damage":10,"enemies":"Jaw Worm","floor":2,"turns":4},{"damage":9,"enemies":"2 Louse","floor":3,"turns":3},{"damage":32,"enemies":"Gremlin Nob","floor":4,"turns":4},{"damage":15,"enemies":"downfall:FleeingMerchant","floor":5,"turns":4},{"damage":7,"enemies":"Cultist","floor":6,"turns":2},{"damage":21,"enemies":"The Mushroom Lair","floor":10,"turns":4},{"damage":10,"enemies":"3 Louse","floor":11,"turns":2},{"damage":16,"enemies":"Red Slaver","floor":12,"turns":2},{"damage":16,"enemies":"Lots of Slimes","floor":13,"turns":3},{"damage":3,"enemies":"Large Slime","floor":15,"turns":2},{"damage":67,"enemies":"downfall:Watcher","floor":16,"turns":9},{"damage":31,"enemies":"Chosen","floor":19,"turns":5},{"damage":34,"enemies":"downfall:FleeingMerchant","floor":21,"turns":4},{"damage":31,"enemies":"Spheric Guardian","floor":22,"turns":5},{"damage":15,"enemies":"3 Cultists","floor":23,"turns":3},{"damage":17,"enemies":"Cultist and Chosen","floor":25,"turns":3},{"damage":15,"enemies":"Cultist and Chosen","floor":26,"turns":3},{"damage":39,"enemies":"Centurion and Healer","floor":27,"turns":4},{"damage":39,"enemies":"downfall:FleeingMerchant","floor":28,"turns":4},{"damage":28,"enemies":"Snake Plant","floor":29,"turns":2},{"damage":7,"enemies":"Shelled Parasite and Fungi","floor":30,"turns":2},{"damage":7,"enemies":"downfall:FleeingMerchant","floor":31,"turns":2},{"damage":41,"enemies":"Snecko","floor":32,"turns":4},{"damage":54,"enemies":"downfall:Silent","floor":33,"turns":6},{"damage":15,"enemies":"3 Shapes","floor":36,"turns":2},{"damage":9,"enemies":"Orb Walker","floor":38,"turns":3},{"damage":161,"enemies":"Orin","floor":39,"turns":10},{"damage":35,"enemies":"Sphere and 2 Shapes","floor":44,"turns":4},{"damage":49,"enemies":"Writhing Mass","floor":47,"turns":4},{"damage":32,"enemies":"3 Darklings","floor":48,"turns":3},{"damage":19,"enemies":"4 Shapes","floor":49,"turns":3},{"damage":133,"enemies":"downfall:Defect","floor":50,"turns":9}],"seed_played":"3324105980329513231","potions_obtained":[{"floor":3,"key":"hexamod:EctoCoolerPotion"},{"floor":4,"key":"Weak Potion"},{"floor":12,"key":"Toxic Potion"},{"floor":15,"key":"AttackPotion"},{"floor":16,"key":"SpeedPotion"}],"is_trial":false,"path_per_floor":["R","M","M","?","$","M","T","R","?","?","M","M","M","?","M","B",null,"R","M","?","$","M","M","T","M","?","M","$","M","M","$","M","B",null,"T","?","T","?","?","?","T","T","T","?","?","T","?","?","?","B",null],"character_chosen":"SLIMEBOUND","items_purchased":["DollysMirror","Orrery","Lee\u0027s Waffle","Slimebound:MegaLick+1","BargainBundle","Anchor","Slimebound:LevelUp","Slimebound:ViciousTackle+1","Slimebound:RollThrough","Slimebound:SamplingLick","expansioncontent:DecasProtection"],"campfire_rested":2,"item_purchase_floors":[5,21,28,28,31,31,31,31,31,37,37],"current_hp_per_floor":[66,64,61,46,47,48,48,48,48,47,53,41,49,49,50,15,66,76,61,61,55,44,49,49,52,49,42,83,71,76,77,58,40,83,83,89,89,88,16,16,16,42,42,39,39,65,44,40,57,28],"gold":1113,"neow_bonus":"TEN_PERCENT_HP_BONUS","is_daily":false,"chose_seed":false,"campfire_upgraded":3,"win_rate":0.0,"timestamp":1608697557,"path_taken":["R","M","M","?","$","M","T","R","?","?","?","M","M","?","M","BOSS","R","M","?","$","M","?","T","M","?","M","$","M","?","?","M","BOSS","T","?","T","?","?","?","T","T","?","?","?","T","?","?","?","BOSS"],"items_purchased_type":["Relic","Relic","Relic","Card","Relic","Relic","Card","Card","Card","Card","Card"],"build_version":"2020-12-13","purchased_purges":0,"victory":true,"max_hp_per_floor":[66,66,66,66,66,66,66,66,66,66,66,66,66,66,66,66,66,76,76,76,76,76,76,76,76,76,76,83,83,83,83,83,83,83,83,89,89,89,89,89,89,89,89,89,89,89,89,89,89,89],"card_choices":[{"not_picked":["Slimebound:GoopSpray","Slimebound:FinishingTackle"],"picked":"Slimebound:GrowthPunch","floor":2},{"not_picked":["Slimebound:LevelUp","Slimebound:DisruptingSlam"],"picked":"Slimebound:GoopSpray","floor":3},{"not_picked":["Slimebound:Nibble","Slimebound:FinishingTackle"],"picked":"Slimebound:ViciousTackle","floor":4},{"not_picked":["Slimebound:LeechEnergy","Slimebound:SamplingLick"],"picked":"Slimebound:SplitMire","floor":5},{"not_picked":["Slimebound:Repurpose","Slimebound:Gluttony"],"picked":"Slimebound:FinishingTackle","floor":6},{"not_picked":["Slimebound:FirmFortitude","Slimebound:LevelUp"],"picked":"Slimebound:LeechingTouch","floor":10},{"not_picked":["Slimebound:GoopSpray","Slimebound:ProtectTheBoss"],"picked":"Slimebound:LivingWall","floor":11},{"not_picked":["Slimebound:SplitBruiser","Slimebound:SplitMire"],"picked":"Slimebound:MegaLick","floor":12},{"not_picked":["Slimebound:SplitBruiser","Slimebound:FinishingTackle"],"picked":"Slimebound:SlimeSpikes","floor":13},{"not_picked":["Slimebound:ComboTackle","Slimebound:Repurpose"],"picked":"Slimebound:ViciousTackle","floor":15},{"not_picked":["Slimebound:DuplicatedForm","Slimebound:OozeBath"],"picked":"Slimebound:SelfFormingGoo","floor":16},{"not_picked":["Slimebound:GrowthPunch","Slimebound:SplitBruiser"],"picked":"Slimebound:LeechingTouch","floor":19},{"not_picked":["Slimebound:ComboTackle","Slimebound:Replication"],"picked":"Slimebound:FlameTackle","floor":21},{"not_picked":["Slimebound:SplitBruiser+1","Slimebound:SlimeSpikes"],"picked":"Slimebound:Equalize+1","floor":21},{"not_picked":["Slimebound:FlameTackle","Slimebound:SplitAcid"],"picked":"Slimebound:LeechingTouch","floor":21},{"not_picked":["Slimebound:DouseInSlime","Slimebound:ForwardTackle"],"picked":"Slimebound:Overexert","floor":21},{"not_picked":["Slimebound:Schlurp","Slimebound:LeadByExample"],"picked":"Slimebound:AcidTongue","floor":21},{"not_picked":["Slimebound:SplitLeeching","Slimebound:Replication"],"picked":"Slimebound:LevelUp","floor":21},{"not_picked":["Slimebound:ViciousTackle+1","Slimebound:GrowthPunch"],"picked":"Slimebound:PressTheAttack+1","floor":22},{"not_picked":["Slimebound:GrowthPunch","Slimebound:Nibble+1"],"picked":"Slimebound:RainOfGoop+1","floor":23},{"not_picked":["Slimebound:FinishingTackle","Slimebound:SplitBruiser"],"picked":"Slimebound:MassRepurpose","floor":25},{"not_picked":["Slimebound:FinishingTackle+1","Slimebound:LeechingTouch+1"],"picked":"Slimebound:SplitMire+1","floor":26},{"not_picked":["Slimebound:DuplicatedForm","Slimebound:ViciousTackle"],"picked":"Slimebound:LeechingTouch+1","floor":27},{"not_picked":["Slimebound:DuplicatedForm","Slimebound:Equalize"],"picked":"Slimebound:Schlurp+1","floor":28},{"not_picked":["Slimebound:LeechingTouch","Slimebound:ViciousTackle+1"],"picked":"Slimebound:Chomp","floor":29},{"not_picked":["Slimebound:SplitBruiser+1","Slimebound:GoopSpray"],"picked":"Slimebound:LeechingTouch+1","floor":30},{"not_picked":["Slimebound:SelfFormingGoo","Slimebound:LivingWall"],"picked":"Slimebound:LeechEnergy","floor":31},{"not_picked":["Slimebound:PressTheAttack+1","Slimebound:Replication"],"picked":"Slimebound:SlimeSpikes","floor":32},{"not_picked":["Slimebound:MassFeed","Slimebound:SelfFormingGoo"],"picked":"Slimebound:WasteNot","floor":33},{"not_picked":["Slimebound:SlimeBrawl","Slimebound:SplitAcid"],"picked":"Slimebound:ComboTackle+1","floor":36},{"not_picked":["Slimebound:SplitLeeching+1","Slimebound:LivingWall+1"],"picked":"Slimebound:LeechEnergy+1","floor":38},{"not_picked":["Slimebound:ViciousTackle","Slimebound:SplitLeeching"],"picked":"Slimebound:ProtectTheBoss+1","floor":39},{"not_picked":["Slimebound:SlimeSpikes","Slimebound:Equalize"],"picked":"Slimebound:Nibble","floor":44},{"not_picked":["Slimebound:FlameTackle+1","Slimebound:SplitLeeching"],"picked":"Slimebound:DisruptingSlam","floor":47},{"not_picked":["Slimebound:SlimeBarrage","Slimebound:SplitLeeching"],"picked":"Slimebound:SplitMire+1","floor":48},{"not_picked":["Slimebound:SlimeBarrage+1","Slimebound:SplitLeeching+1"],"picked":"Slimebound:RollThrough","floor":49}],"player_experience":14477,"relics_obtained":[{"floor":4,"key":"Bottled Lightning"},{"floor":10,"key":"Odd Mushroom"},{"floor":24,"key":"Slimebound:AggressiveSlimeRelic"},{"floor":26,"key":"downfall:GremlinSack"},{"floor":39,"key":"CatCart"},{"floor":41,"key":"Mercury Hourglass"},{"floor":43,"key":"White Beast Statue"}],"event_choices":[{"damage_healed":0,"gold_gain":0,"player_choice":"Fought Mushrooms","damage_taken":0,"max_hp_gain":0,"max_hp_loss":0,"event_name":"Mushrooms","floor":10,"gold_loss":0},{"damage_healed":0,"gold_gain":0,"player_choice":"Fight","damage_taken":0,"max_hp_gain":0,"max_hp_loss":0,"event_name":"OrinTheCat","floor":39,"gold_loss":0}],"is_beta":false,"boss_relics":[{"not_picked":["Cursed Key","ChewingGum"],"picked":"Sozu"},{"not_picked":["SacredBark","Snecko Eye"],"picked":"Painkiller Herb"}],"items_purged_floors":[],"is_endless":false,"potions_floor_spawned":[3,4,12,15,16,23,25,26,30,32,33,36,38,39,44,47,48,49],"ascension_level":0}}