{"host":"2d0rd30cigwncx1y","time":1608742591,"event":{"mods":["BaseMod","Colored Map","Colored Powertips","Downfall","MarisaÅiñ∂âJÅ@ñÇóùçπÅj","Minty Spire (QoL Compilation)","Replay The Spire","StSLib","The Alterego","The Marked","The Servant 0.9.4"],"gold_per_floor":[99,99,99,99,53,4,4,4,4,15,15,47,47,62,75,175,175,175,194,209,226,226,237,237,249,119,145,159,334,334,366,385,485,485,485,501,501,521,535,385,465,221,246,259,184,44,44,44,59,59,59,92,55,55,55],"floor_reached":56,"playtime":4727,"items_purged":["theMarked:Defend","theMarked:Strike"],"score":1340,"play_id":"44c3cfff-7e2a-4c55-88e7-180f17f1fdce","local_time":"20201223175631","is_ascension_mode":false,"campfire_choices":[{"data":"theMarked:SoldierOfQuellstein","floor":1.0,"key":"SMITH"},{"data":"theMarked:EnhancedHearing","floor":9.0,"key":"SMITH"},{"data":"theMarked:SoldierForm","floor":18.0,"key":"SMITH"},{"floor":35,"key":"RECALL"},{"data":"theMarked:EmpowerWeapon","floor":40,"key":"SMITH"},{"data":"theMarked:EmpowerWeapon","floor":45,"key":"SMITH"},{"data":"theMarked:BindingBlade","floor":47,"key":"SMITH"},{"data":"theMarked:EnhancedHearing","floor":54,"key":"SMITH"}],"circlet_count":0,"master_deck":["theMarked:Strike","theMarked:Strike","theMarked:Strike","theMarked:Strike","theMarked:Defend","theMarked:Defend","theMarked:Defend","theMarked:SoldierOfQuellstein+1","theMarked:SwordAndMagic","theMarked:Static+1","theMarked:EnhancedHearing+1","theMarked:EmpowerWeapon+1","theMarked:RepellingDischarge","theMarked:SwordAndMagic+1","theMarked:RepellingDischarge","theMarked:Parkour","theMarked:SelfDefenseTraining","theMarked:EternalStudent+1","theMarked:SoldierForm+1","theMarked:Aftermath+1","theMarked:WardOff+1","theMarked:EmpowerWeapon","theMarked:WardOff+1","theMarked:ParalyzingBlade","theMarked:WastefulDefense","theMarked:WardOff+1","theMarked:WardOff+1","theMarked:HeightenedSenses","theMarked:StartUp","theMarked:EnhancedHearing+1","theMarked:EmpowerWeapon+1","theMarked:DispelDoubt+1","Overencumbered","CurseOfTheBell","theMarked:Aftermath+1","theMarked:EmpowerWeapon+1","Hallucinations","theMarked:MaelstromOfLightning+1","theMarked:StartUp+1","theMarked:BindingBlade+1","theMarked:MysticalArsenal+1","theMarked:MagicAdept","Apotheosis+1"],"relics":["theMarked:BronzeBlade","downfall:HeartsMalice","Replay:Ringing Soul","Oddly Smooth Stone","Omamori","Pantograph","Kunai","Replay:Grab Bag","Cursed Key","Painkiller Herb","SlaversCollar","alterego_mod:FleetingLove","Replay:Bottled Steam","Pen Nib","Ring of Hypnosis","Molten Egg 2","Replay:Ancient Bell","Nunchaku","Replay:Bottled Eggs","Replay:Towering Pillar of Hats","downfall:HeartBlessingRed","downfall:HeartBlessingGreen","ReplayTheSpireMod:TigerMarble","Mummified Hand","downfall:HeartBlessingBlue","Ornamental Fan"],"acts_visited":["Exordium","TheCity","TheBeyond","TheEnding"],"potions_floor_usage":[39,55,55,55],"damage_taken":[{"damage":0.0,"enemies":"Jaw Worm","floor":2.0,"turns":1.0},{"damage":0.0,"enemies":"Cultist","floor":3.0,"turns":1.0},{"damage":0.0,"enemies":"downfall:FleeingMerchant","floor":5.0,"turns":1.0},{"damage":0.0,"enemies":"downfall:FleeingMerchant","floor":6.0,"turns":4.0},{"damage":0.0,"enemies":"2 Louse","floor":10.0,"turns":3.0},{"damage":25.0,"enemies":"Gremlin Nob","floor":12.0,"turns":5.0},{"damage":0.0,"enemies":"Large Slime","floor":14.0,"turns":7.0},{"damage":2.0,"enemies":"Exordium Wildlife","floor":15.0,"turns":3.0},{"damage":44.0,"enemies":"downfall:Watcher","floor":16.0,"turns":8.0},{"damage":14.0,"enemies":"Shell Parasite","floor":19.0,"turns":4.0},{"damage":1.0,"enemies":"Spheric Guardian","floor":20.0,"turns":3.0},{"damage":12.0,"enemies":"Centurion and Healer","floor":21.0,"turns":6.0},{"damage":0.0,"enemies":"Snecko","floor":23.0,"turns":3.0},{"damage":30.0,"enemies":"Sentry and Sphere","floor":25.0,"turns":5.0},{"damage":3,"enemies":"downfall:FleeingMerchant","floor":26,"turns":4},{"damage":14,"enemies":"Book of Stabbing","floor":27,"turns":5},{"damage":6,"enemies":"Snake Plant","floor":28,"turns":3},{"damage":0,"enemies":"downfall:FleeingMerchant","floor":29,"turns":3},{"damage":11,"enemies":"Slavers","floor":31,"turns":5},{"damage":0,"enemies":"3 Cultists","floor":32,"turns":4},{"damage":61,"enemies":"downfall:Silent","floor":33,"turns":7},{"damage":0,"enemies":"3 Shapes","floor":36,"turns":3},{"damage":11,"enemies":"3 Darklings","floor":38,"turns":5},{"damage":6,"enemies":"Jaw Worm Horde","floor":39,"turns":4},{"damage":36,"enemies":"Reptomancer","floor":43,"turns":5},{"damage":16,"enemies":"Maw","floor":44,"turns":6},{"damage":40,"enemies":"Writhing Mass","floor":49,"turns":5},{"damage":15,"enemies":"downfall:Defect","floor":50,"turns":6},{"damage":47,"enemies":"downfall:CharBossMerchant","floor":52,"turns":6},{"damage":21,"enemies":"downfall:NeowBoss","floor":55,"turns":16}],"seed_played":"3393332186033087998","potions_obtained":[{"floor":12.0,"key":"Adrenaline Potion"},{"floor":14.0,"key":"Strength Potion"},{"floor":15.0,"key":"hexamod:EctoCoolerPotion"},{"floor":23.0,"key":"sneckomod:MuddlingPotion"},{"floor":27,"key":"Adrenaline Potion"},{"floor":28,"key":"Elixir"},{"floor":43,"key":"AttackPotion"}],"is_trial":false,"path_per_floor":["R","M","M","?","$","$","T","?","R","M","?","E","T","M","M","B",null,"T","?","?","?","?","?","T","?","T","E","?","T","?","E","?","B",null,"T","?","?","?","?","T","T","T","E","?","T","T","T","T","?","B",null,"E","T","T","B",null],"character_chosen":"THE_DEFAULT","items_purchased":["theMarked:EmpowerWeapon","theMarked:SwordAndMagic+1","theMarked:WastefulDefense","theMarked:WardOff","theMarked:EnhancedHearing","ReplayTheSpireMod:TigerMarble","theMarked:BindingBlade","theMarked:MagicAdept"],"campfire_rested":0,"item_purchase_floors":[5,6,26,26,29,42,46,53],"current_hp_per_floor":[70,70,70,70,70,70,70,58,58,61,61,39,39,42,43,27,85,85,74,73,64,64,67,67,40,40,29,100,103,103,92,95,54,118,118,121,121,110,107,107,110,110,77,64,74,77,77,77,44,54,149,102,105,108,112],"gold":55,"neow_bonus":"THREE_ENEMY_KILL","is_daily":false,"chose_seed":false,"campfire_upgraded":7,"win_rate":0.0,"timestamp":1608742591,"path_taken":["R","M","M","?","?","$","T","?","R","M","?","E","?","M","M","BOSS","T","?","?","?","?","?","T","?","T","E","?","T","?","E","?","BOSS","T","?","?","?","?","T","T","T","E","?","T","?","T","T","?","BOSS","E","T","T","BOSS"],"items_purchased_type":["Card","Card","Card","Card","Card","Relic","Card","Card"],"build_version":"2020-12-22","purchased_purges":2,"victory":true,"max_hp_per_floor":[70,70,70,70,70,70,70,70,70,73,73,76,76,79,82,85,85,85,88,88,91,91,94,94,97,100,103,106,109,109,109,112,115,118,118,121,121,121,124,124,127,127,130,133,143,146,146,146,149,149,149,149,152,155,155],"card_choices":[{"not_picked":["theMarked:WastefulAttack","theMarked:Electrify"],"picked":"theMarked:SwordAndMagic","floor":2.0},{"not_picked":["theMarked:ElectricStrings","theMarked:Indomitable"],"picked":"theMarked:Static","floor":3.0},{"not_picked":["theMarked:WastefulAttack","theMarked:Aftermath"],"picked":"theMarked:EnhancedHearing","floor":5.0},{"not_picked":["theMarked:EnhancedHearing","theMarked:Frustration"],"picked":"theMarked:RepellingDischarge","floor":6.0},{"not_picked":["theMarked:Convert","theMarked:SwordAndMagic"],"picked":"theMarked:RepellingDischarge","floor":10.0},{"not_picked":["theMarked:WastefulAttack","theMarked:Electrify"],"picked":"theMarked:Parkour","floor":12.0},{"not_picked":["theMarked:ReduceFriction","theMarked:TunnelVision"],"picked":"theMarked:SelfDefenseTraining","floor":14.0},{"not_picked":["theMarked:WastefulDefense","theMarked:ParalyzingBlade"],"picked":"theMarked:EternalStudent","floor":15.0},{"not_picked":["theMarked:FavorableWinds","theMarked:ThrowWeapon"],"picked":"theMarked:SoldierForm","floor":16.0},{"not_picked":["theMarked:Electrocute","theMarked:Overthink"],"picked":"theMarked:Aftermath+1","floor":19.0},{"not_picked":["theMarked:BanishingWave+1","theMarked:Overthink","theMarked:Static+1"],"picked":"SKIP","floor":20.0},{"not_picked":["theMarked:Static","theMarked:EnhanceMovement+1"],"picked":"theMarked:WardOff+1","floor":21.0},{"not_picked":["theMarked:HeritageOfTheMarked","theMarked:Improvise"],"picked":"theMarked:EmpowerWeapon","floor":23.0},{"not_picked":["theMarked:SwordAndMagic","theMarked:ChannelForce"],"picked":"theMarked:WardOff","floor":25},{"not_picked":["theMarked:ChainLightning","theMarked:Levitate"],"picked":"theMarked:ParalyzingBlade","floor":26},{"not_picked":["theMarked:ElectricStrings","theMarked:Reabsorb"],"picked":"theMarked:HeightenedSenses","floor":27},{"not_picked":["theMarked:HeightenedSenses","theMarked:WardOff"],"picked":"theMarked:StartUp","floor":28},{"not_picked":["theMarked:WastefulDefense","theMarked:TurnInvisible","theMarked:Static+1"],"picked":"SKIP","floor":29},{"not_picked":["theMarked:Reabsorb","theMarked:FavorableWinds","theMarked:ShockingTouch+1"],"picked":"SKIP","floor":31},{"not_picked":["theMarked:WastefulAttack+1","theMarked:RepellingDischarge+1"],"picked":"theMarked:EmpowerWeapon","floor":32},{"not_picked":["theMarked:FavorableWinds","theMarked:UnarmedFury+1"],"picked":"theMarked:DispelDoubt+1","floor":33},{"not_picked":["Languid","Regret"],"picked":"Injury","floor":34},{"not_picked":["Pain","Wraith"],"picked":"Overencumbered","floor":34},{"not_picked":["ReplayTheSpireMod:Restless Dread","ReplayTheSpireMod:Doomed"],"picked":"CurseOfTheBell","floor":34},{"not_picked":["theMarked:Parkour+1","theMarked:RepellingDischarge"],"picked":"theMarked:Aftermath+1","floor":36},{"not_picked":["theMarked:ShockingTouch+1","theMarked:ElectricStrings+1","theMarked:EnhanceMovement+1"],"picked":"SKIP","floor":38},{"not_picked":["theMarked:ResourceFulStrike+1","theMarked:DeterminationOfTheMarked+1"],"picked":"theMarked:EmpowerWeapon+1","floor":39},{"not_picked":["theMarked:Electrify+1","theMarked:Frustration+1"],"picked":"theMarked:MaelstromOfLightning+1","floor":43},{"not_picked":["theMarked:SwordAndMagic+1","theMarked:EnhanceMovement"],"picked":"theMarked:StartUp+1","floor":44},{"not_picked":["theMarked:ChainLightning+1","theMarked:Static"],"picked":"theMarked:MysticalArsenal+1","floor":49},{"not_picked":["theMarked:Seal+1","theMarked:Defy+1","theMarked:HeightenedSenses+1"],"picked":"SKIP","floor":52}],"player_experience":89620,"relics_obtained":[{"floor":7.0,"key":"Replay:Ringing Soul"},{"floor":12.0,"key":"Pantograph"},{"floor":13.0,"key":"Kunai"},{"floor":24.0,"key":"Replay:Bottled Steam"},{"floor":27,"key":"Pen Nib"},{"floor":30,"key":"Ring of Hypnosis"},{"floor":31,"key":"Molten Egg 2"},{"floor":43,"key":"Mummified Hand"},{"floor":52,"key":"Ornamental Fan"}],"event_choices":[{"damage_healed":0.0,"max_hp_gain":0.0,"max_hp_loss":0.0,"gold_gain":0.0,"event_name":"Upgrade Shrine","player_choice":"Upgraded","floor":4.0,"gold_loss":0.0,"damage_taken":0.0,"cards_upgraded":["theMarked:Static"]},{"damage_healed":0.0,"max_hp_gain":0.0,"max_hp_loss":0.0,"gold_gain":0.0,"event_name":"Scrap Ooze","player_choice":"Success","floor":8.0,"gold_loss":0.0,"damage_taken":12.0,"relics_obtained":["Oddly Smooth Stone"]},{"damage_healed":0.0,"max_hp_gain":0.0,"max_hp_loss":0.0,"gold_gain":0.0,"event_name":"Secret Garden","player_choice":"Choice 1","floor":22.0,"gold_loss":0.0,"damage_taken":0.0,"relics_obtained":["alterego_mod:FleetingLove"]},{"damage_healed":0,"gold_gain":0,"player_choice":"Upgraded","damage_taken":0,"max_hp_gain":0,"max_hp_loss":0,"event_name":"Upgrade Shrine","floor":37,"gold_loss":0,"cards_upgraded":["theMarked:EternalStudent"]}],"is_beta":false,"boss_relics":[{"not_picked":["theMarked:Eyepatch","Sozu"],"picked":"Replay:Grab Bag"},{"not_picked":["Philosopher\u0027s Stone","Replay:Wanted Poster"],"picked":"Cursed Key"},{"not_picked":["Velvet Choker","ReplayTheSpireMod:Onyx Gauntlets"],"picked":"Painkiller Herb"},{"not_picked":["Runic Pyramid","Black Star"],"picked":"SlaversCollar"},{"not_picked":["Replay:Drink Me","Astrolabe"],"picked":"theMarked:BronzeBlade"},{"not_picked":["Busted Crown","Snecko Eye"],"picked":"Replay:Ancient Bell"},{"not_picked":["Blood Vial","Toy Ornithopter"],"picked":"Nunchaku"},{"not_picked":["Toxic Egg 2","ReplayTheSpireMod:Shallot"],"picked":"Replay:Bottled Eggs"},{"not_picked":["Old Coin","Ice Cream"],"picked":"Replay:Towering Pillar of Hats"}],"items_purged_floors":[29,42],"is_endless":false,"potions_floor_spawned":[12,14,15,19,23,27,28,31,32,43,49,52],"ascension_level":0}}