{"host":"o5hcpxouyak38pnq","time":1608764645,"event":{"mods":["BaseMod","DeckTracker","Downfall","Hermit","Hubris","Minty Spire (QoL Compilation)","Replay The Spire","StSLib","The Construct","The Cursed","The Poker Player"],"gold_per_floor":[99,99,99,99,274,132,132,144,69,69,86,86,86,106,120,120,120],"floor_reached":16,"playtime":2993,"items_purged":[],"score":88,"play_id":"55e9d01a-b514-48d0-82ea-11da3fa7cfda","local_time":"20201223180405","is_ascension_mode":false,"campfire_choices":[{"data":"champ:Taunt","floor":1,"key":"SMITH"},{"data":"champ:CrookedStrike","floor":9,"key":"SMITH"},{"data":"champ:EndlessRage","floor":13,"key":"SMITH"}],"circlet_count":0,"master_deck":["champ:Strike","champ:Strike","champ:Strike","champ:Defend","champ:Defend","champ:Defend","champ:Defend","champ:Execute","champ:Taunt+1","champ:Backstep","champ:FanOfKnives","Doubt","champ:GladiatorsShout","champ:HoldFirm","champ:CrookedStrike+1","champ:FocusedBerserking","champ:EndlessRage+1","champ:GladiatorsShout","champ:AdrenalArmor"],"relics":["champ:ChampionCrown","downfall:HeartsMalice","Meat on the Bone","downfall:HeartBlessingBlue","hubris:Towel"],"acts_visited":["Exordium"],"potions_floor_usage":[16,16,16],"damage_taken":[{"damage":0,"enemies":"Jaw Worm","floor":2,"turns":1},{"damage":0,"enemies":"2 Louse","floor":4,"turns":1},{"damage":0,"enemies":"downfall:FleeingMerchant","floor":6,"turns":1},{"damage":13,"enemies":"Small Slimes","floor":8,"turns":5},{"damage":26,"enemies":"Exordium Thugs","floor":11,"turns":9},{"damage":12,"enemies":"Red Slaver","floor":14,"turns":4},{"damage":0,"enemies":"Lots of Slimes","floor":15,"turns":1},{"damage":133,"enemies":"downfall:Defect","floor":16,"turns":16}],"seed_played":"1765398464832368082","potions_obtained":[{"floor":11,"key":"Weak Potion"},{"floor":14,"key":"Energy Potion"},{"floor":15,"key":"champ:OpenerPotion"}],"is_trial":false,"path_per_floor":["R","M","?","M","?","$","T","M","R","?","M","?","R","M","M","B"],"character_chosen":"THE_CHAMP","items_purchased":["champ:HoldFirm"],"campfire_rested":0,"item_purchase_floors":[6],"current_hp_per_floor":[90,90,87,87,87,87,87,85,95,95,88,88,88,81,81,0,0],"gold":120,"neow_bonus":"THREE_ENEMY_KILL","is_daily":false,"chose_seed":false,"campfire_upgraded":3,"win_rate":0.0,"timestamp":1608764645,"path_taken":["R","M","?","M","?","$","T","M","R","?","M","?","R","M","M","BOSS"],"items_purchased_type":["Card"],"build_version":"2020-12-22","purchased_purges":0,"victory":false,"max_hp_per_floor":[90,90,90,90,90,90,90,90,100,100,100,100,100,100,100,100,100],"card_choices":[{"not_picked":["champ:DefensiveShout","champ:DeathBlow"],"picked":"champ:Backstep","floor":2},{"not_picked":["champ:FalseCounter","champ:ArenaPreparation"],"picked":"champ:FanOfKnives","floor":4},{"not_picked":["champ:ViciousMockery","champ:ArenaPreparation"],"picked":"champ:GladiatorsShout","floor":6},{"not_picked":["champ:BladeFlurry","champ:Backstep"],"picked":"champ:CrookedStrike","floor":8},{"not_picked":["champ:Haymaker","champ:DefensiveShout"],"picked":"champ:FocusedBerserking","floor":11},{"not_picked":["champ:Haymaker","champ:StanceDance"],"picked":"champ:GladiatorsShout","floor":14},{"not_picked":["champ:Backstep","champ:DancingMaster"],"picked":"champ:AdrenalArmor","floor":15}],"player_experience":513908,"relics_obtained":[],"event_choices":[{"damage_healed":0,"gold_gain":0,"player_choice":"Success","damage_taken":3,"relics_obtained":["Meat on the Bone"],"max_hp_gain":0,"max_hp_loss":0,"event_name":"Scrap Ooze","floor":3,"gold_loss":0},{"damage_healed":0,"gold_gain":0,"cards_transformed":["champ:Strike"],"player_choice":"Transformed","damage_taken":0,"max_hp_gain":0,"max_hp_loss":0,"event_name":"Transmorgrifier","floor":12,"gold_loss":0,"cards_obtained":["champ:EndlessRage"]}],"is_beta":false,"boss_relics":[],"items_purged_floors":[],"is_endless":false,"potions_floor_spawned":[11,14,15],"killed_by":"downfall:Defect","ascension_level":0}}