{"host":"n4fty02wqqi95laq","time":1608702300,"event":{"mods":["BaseMod","Highlight Path","Minty Spire (QoL Compilation)","Quick Restart","Rare Cards Sparkle","StSLib"],"gold_per_floor":[109,122,140,158,172,172,185,185,209,225,251,251,251,275,275,275,275],"floor_reached":16,"playtime":673,"items_purged":[],"score":192,"play_id":"49070ba1-6c72-42f1-bd5a-5237eae01ca6","local_time":"20201223134500","is_ascension_mode":true,"campfire_choices":[{"data":"Tactician","floor":6.0,"key":"SMITH"},{"data":"Acrobatics","floor":8.0,"key":"SMITH"},{"data":"Acrobatics","floor":15.0,"key":"SMITH"}],"circlet_count":0,"master_deck":["AscendersBane","Strike_G","Strike_G","Strike_G","Strike_G","Strike_G","Defend_G","Defend_G","Defend_G","Defend_G","Defend_G","Survivor","Neutralize","Tactician+1","All Out Attack","Acrobatics+1","Flechettes","Acrobatics+1","Adrenaline","Deadly Poison","Reflex","Calculated Gamble"],"relics":["Ring of the Snake","NeowsBlessing","Odd Mushroom","Golden Idol","White Beast Statue"],"acts_visited":["Exordium"],"potions_floor_usage":[16],"damage_taken":[{"damage":0.0,"enemies":"Jaw Worm","floor":1.0,"turns":1.0},{"damage":0.0,"enemies":"Small Slimes","floor":2.0,"turns":1.0},{"damage":0.0,"enemies":"2 Louse","floor":3.0,"turns":1.0},{"damage":16.0,"enemies":"Exordium Thugs","floor":4.0,"turns":6.0},{"damage":8.0,"enemies":"3 Louse","floor":5.0,"turns":3.0},{"damage":3.0,"enemies":"2 Fungi Beasts","floor":7.0,"turns":4.0},{"damage":1.0,"enemies":"Exordium Thugs","floor":10.0,"turns":6.0},{"damage":5.0,"enemies":"The Mushroom Lair","floor":11.0,"turns":4.0},{"damage":0.0,"enemies":"Looter","floor":14.0,"turns":3.0},{"damage":25,"enemies":"The Guardian","floor":16,"turns":8}],"seed_played":"-5288713397121237267","potions_obtained":[{"floor":1.0,"key":"Strength Potion"},{"floor":3.0,"key":"Energy Potion"},{"floor":4.0,"key":"AttackPotion"},{"floor":7.0,"key":"SpeedPotion"},{"floor":14.0,"key":"LiquidBronze"}],"is_trial":false,"path_per_floor":["M","M","M","M","M","R","M","R","T","M","?","?","T","M","R","B"],"character_chosen":"THE_SILENT","items_purchased":[],"campfire_rested":0,"item_purchase_floors":[],"current_hp_per_floor":[59,59,59,43,35,35,32,32,32,31,26,26,26,26,26,1,1],"gold":275,"neow_bonus":"THREE_ENEMY_KILL","is_daily":false,"chose_seed":false,"campfire_upgraded":3,"win_rate":0.0,"timestamp":1608702300,"path_taken":["M","M","M","M","M","R","M","R","T","M","?","?","?","M","R","BOSS"],"items_purchased_type":[],"build_version":"2020-12-22","purchased_purges":0,"victory":false,"max_hp_per_floor":[66,66,66,66,66,66,66,66,66,66,66,60,60,60,60,60,60],"card_choices":[{"not_picked":["PiercingWail","Poisoned Stab"],"picked":"Tactician","floor":1.0},{"not_picked":["Poisoned Stab","PiercingWail"],"picked":"All Out Attack","floor":2.0},{"not_picked":["Heel Hook","Bane"],"picked":"Acrobatics","floor":3.0},{"not_picked":["Prepared","Choke"],"picked":"Flechettes","floor":4.0},{"not_picked":["Flying Knee","Flechettes"],"picked":"Acrobatics","floor":5.0},{"not_picked":["Prepared","Acrobatics"],"picked":"Adrenaline","floor":7.0},{"not_picked":["Eviscerate","Poisoned Stab"],"picked":"Deadly Poison","floor":10.0},{"not_picked":["Backflip","Dagger Spray"],"picked":"Reflex","floor":11.0},{"not_picked":["Slice","Bane"],"picked":"Calculated Gamble","floor":14.0}],"player_experience":631905,"relics_obtained":[{"floor":11.0,"key":"Odd Mushroom"},{"floor":13.0,"key":"White Beast Statue"}],"event_choices":[{"damage_healed":0.0,"max_hp_gain":0.0,"max_hp_loss":0.0,"gold_gain":0.0,"event_name":"Mushrooms","player_choice":"Fought Mushrooms","floor":11.0,"gold_loss":0.0,"damage_taken":0.0},{"damage_healed":0.0,"max_hp_gain":0.0,"max_hp_loss":6.0,"gold_gain":0.0,"event_name":"Golden Idol","player_choice":"Lose Max HP","floor":12.0,"gold_loss":0.0,"damage_taken":0.0,"relics_obtained":["Golden Idol"]}],"is_beta":false,"boss_relics":[],"items_purged_floors":[],"is_endless":false,"potions_floor_spawned":[1,3,4,7,14],"killed_by":"The Guardian","ascension_level":20}}