{"host":"0azimyi6n3ugndj4","time":1608748224,"event":{"mods":["BaseMod","Bestiary","Conspire","Curses Come First","Defuse TimeMaze Blight","Hyrulean Relics","Infinite Spire","Minty Spire (QoL Compilation)","Relic Stats","Replay The Spire","StSLib","SuperFastMode","Uncapped","¡¼?Úª?ø«¡½REMEMod"],"gold_per_floor":[135,189,219,119,21,21,21,21],"floor_reached":7,"playtime":129,"items_purged":["Parasite"],"score":157,"play_id":"f6017472-4998-4935-bdf3-b1df235ff768","local_time":"20201224033024","daily_mods":["Insanity","Chimera","Specialized","Vintage","ControlledChaos","Allstar","Diverse","Colorless Cards","Heirloom","Time Dilation","Binary","Elite Swarm","Lethality","Midas","Uncertain Future"],"is_ascension_mode":true,"campfire_choices":[{"floor":6,"key":"REST"}],"circlet_count":0,"master_deck":["Demon Form","Wraith Form v2","Echo Form","DevaForm","AscendersBane","Bash","Survivor","Zap","Eruption","Strike_R","Strike_G","Strike_B","Defend_R","Defend_G","Defend_P","Sweeping Beam","SashWhip","ClearTheMind","Anger","Thunderclap","Coolheaded","Replay:BluntJabs","Backflip","Backflip","Prepared","Deflect","SashWhip","Turbo","ReplaySolidLightProjector","Undo","Flex","Go for the Eyes","Crippling Poison","Infernal Blade","Replay:Undeath\u0027s Touch","Trip","REME_Cut","Perfected Strike","ReplayTheSpireMod:Strike From Hell","Flying Knee","EmptyBody","Loop","Replay:Parry","Halt","Protect","Lockon","Rip and Tear","All Out Attack","Prostrate","Sever Soul","Panic Button","Clash","Quick Slash","ThirdEye","Body Slam","Blade Dance","PiercingWail","ReplayTheSpireMod:Strike From Hell","SignatureMove","Storm","REME_Whirling","Havoc","True Grit","Replay:Undeath\u0027s Touch","Genetic Algorithm","Capacitor+1","Capacitor+1","Capacitor+1","Capacitor+1","Capacitor+1","REME_BodyOfCthun","Master of Strategy","ReplayTheSpireMod:Private Reserves","Chrysalis","Metamorphosis","Demonic Infusion","Ghostly"],"relics":["Cracked Core","Frozen Eye","REME_ComplimentaryCards","FossilizedHelix","Replay:Bottled Eggs","Bottled Lightning","Solar Panel","ReplayTheSpireMod:CursedCoin","Art of War"],"acts_visited":["Exordium"],"potions_floor_usage":[],"damage_taken":[{"damage":0,"enemies":"Cultist","floor":1,"turns":3},{"damage":1,"enemies":"Small Slimes","floor":2,"turns":4},{"damage":13,"enemies":"Jaw Worm","floor":3,"turns":4},{"damage":68,"enemies":"Lagavulin","floor":7,"turns":6}],"seed_played":"-2492407653581792442","potions_obtained":[],"is_trial":true,"path_per_floor":["M","M","M","?","$","R","E"],"character_chosen":"DEFECT","items_purchased":["ReplayTheSpireMod:CursedCoin","Art of War"],"campfire_rested":1,"item_purchase_floors":[5,5],"current_hp_per_floor":[64,63,50,50,50,68,0,0],"gold":21,"neow_bonus":"","is_daily":false,"chose_seed":false,"campfire_upgraded":0,"win_rate":0.0,"timestamp":1608748224,"path_taken":["M","M","M","?","$","R","E"],"items_purchased_type":["Relic","Relic"],"build_version":"2020-12-22","purchased_purges":1,"victory":false,"max_hp_per_floor":[71,71,71,71,68,68,68,68],"relic_stats":{"counters":[4,17],"Art of War":[1],"obtain_stats":[{"Solar Panel":3,"Frozen Eye":0,"ReplayTheSpireMod:CursedCoin":5,"Art of War":5,"Bottled Lightning":2,"Replay:Bottled Eggs":1,"Cracked Core":0,"FossilizedHelix":0,"REME_ComplimentaryCards":0},{"Solar Panel":3,"Frozen Eye":0,"ReplayTheSpireMod:CursedCoin":3,"Art of War":3,"Bottled Lightning":2,"Replay:Bottled Eggs":1,"Cracked Core":0,"FossilizedHelix":0,"REME_ComplimentaryCards":0},{"Solar Panel":11,"Frozen Eye":0,"ReplayTheSpireMod:CursedCoin":11,"Art of War":11,"Bottled Lightning":7,"Replay:Bottled Eggs":3,"Cracked Core":0,"FossilizedHelix":0,"REME_ComplimentaryCards":0}]},"card_choices":[],"player_experience":1494658,"relics_obtained":[{"floor":1,"key":"Replay:Bottled Eggs"},{"floor":2,"key":"Bottled Lightning"},{"floor":3,"key":"Solar Panel"}],"event_choices":[{"damage_healed":0,"gold_gain":0,"player_choice":"Argue","damage_taken":0,"max_hp_gain":0,"max_hp_loss":0,"event_name":"conspire:LoneGhost","floor":4,"gold_loss":0}],"is_beta":false,"boss_relics":[],"items_purged_floors":[5],"is_endless":false,"potions_floor_spawned":[],"killed_by":"Lagavulin","ascension_level":20}}