{"host":"27hat5v0dffgaxzm","time":1608708722,"event":{"mods":["BaseMod","Colored Map","Colored Powertips","Highlight Path","Minty Spire (QoL Compilation)","Permanent Neow","Quick Restart"],"gold_per_floor":[11,21,21,40,40,40,72,72,124,124,159,173,207,218,218,218,218],"floor_reached":16,"playtime":615,"items_purged":[],"score":144,"play_id":"f1dde174-74ab-4393-ac44-798ee9b2260c","local_time":"20201223163202","is_ascension_mode":true,"campfire_choices":[{"data":"Eruption","floor":6.0,"key":"SMITH"},{"data":"EmptyMind","floor":8.0,"key":"SMITH"},{"data":"Adaptation","floor":10.0,"key":"SMITH"},{"data":"LessonLearned","floor":15,"key":"SMITH"}],"circlet_count":0,"master_deck":["Strike_P","Strike_P","Strike_P","Strike_P","Defend_P","Defend_P","Defend_P","Eruption+1","Vigilance","Scrawl","TalkToTheHand","Adaptation+1","DeceiveReality","EmptyMind+1","LikeWater","CrushJoints","LessonLearned+1","FlurryOfBlows","ClearTheMind","Study"],"relics":["PureWater","Toy Ornithopter","Nunchaku","Prayer Wheel","Turnip"],"acts_visited":["Exordium"],"potions_floor_usage":[],"damage_taken":[{"damage":0.0,"enemies":"Small Slimes","floor":1.0,"turns":2.0},{"damage":7.0,"enemies":"2 Louse","floor":2.0,"turns":4.0},{"damage":2.0,"enemies":"Cultist","floor":4.0,"turns":5.0},{"damage":12.0,"enemies":"3 Sentries","floor":7.0,"turns":8.0},{"damage":8.0,"enemies":"Lagavulin","floor":11.0,"turns":7.0},{"damage":4.0,"enemies":"Blue Slaver","floor":12.0,"turns":4.0},{"damage":24,"enemies":"Gremlin Nob","floor":13,"turns":3},{"damage":1,"enemies":"Red Slaver","floor":14,"turns":2},{"damage":12,"enemies":"The Guardian","floor":16,"turns":4}],"seed_played":"2861796851357615957","potions_obtained":[{"floor":1.0,"key":"Swift Potion"},{"floor":2.0,"key":"LiquidBronze"},{"floor":14,"key":"Energy Potion"}],"is_trial":false,"path_per_floor":["M","M","$","M","?","R","E","R","T","R","E","M","E","M","R","B"],"character_chosen":"WATCHER","items_purchased":[],"campfire_rested":0,"item_purchase_floors":[],"current_hp_per_floor":[72,65,65,63,56,56,44,44,44,44,36,32,8,7,7,0,0],"gold":218,"neow_bonus":"THREE_RARE_CARDS","is_daily":false,"chose_seed":false,"campfire_upgraded":4,"win_rate":0.0,"timestamp":1608708722,"path_taken":["M","M","$","M","?","R","E","R","T","R","E","M","E","M","R","BOSS"],"items_purchased_type":[],"build_version":"2020-12-22","purchased_purges":0,"victory":false,"max_hp_per_floor":[72,72,72,72,72,72,72,72,72,72,72,72,72,72,72,72,72],"card_choices":[{"not_picked":["Judgement","Alpha"],"picked":"Scrawl","floor":0.0},{"not_picked":["BowlingBash","PathToVictory"],"picked":"TalkToTheHand","floor":1.0},{"not_picked":["FlyingSleeves","Protect"],"picked":"Adaptation","floor":2.0},{"not_picked":["FearNoEvil","BowlingBash"],"picked":"DeceiveReality","floor":4.0},{"not_picked":["CutThroughFate","Weave"],"picked":"EmptyMind","floor":7.0},{"not_picked":["PathToVictory","SignatureMove"],"picked":"LikeWater","floor":11.0},{"not_picked":["JustLucky","Nirvana"],"picked":"CrushJoints","floor":12.0},{"not_picked":["Protect","EmptyFist"],"picked":"LessonLearned","floor":12.0},{"not_picked":["BowlingBash","Protect"],"picked":"FlurryOfBlows","floor":13},{"not_picked":["CrushJoints","Prostrate"],"picked":"ClearTheMind","floor":14},{"not_picked":["Perseverance","WaveOfTheHand"],"picked":"Study","floor":14}],"player_experience":326170,"relics_obtained":[{"floor":7.0,"key":"Toy Ornithopter"},{"floor":9.0,"key":"Nunchaku"},{"floor":11.0,"key":"Prayer Wheel"},{"floor":13,"key":"Turnip"}],"event_choices":[{"cards_removed":["Defend_P"],"damage_healed":0.0,"max_hp_gain":0.0,"max_hp_loss":0.0,"gold_gain":0.0,"event_name":"Golden Wing","player_choice":"Card Removal","floor":5.0,"gold_loss":0.0,"damage_taken":7.0}],"is_beta":false,"boss_relics":[],"items_purged_floors":[],"is_endless":false,"potions_floor_spawned":[1,2,14],"killed_by":"The Guardian","ascension_level":4}}