{"host":"uflv0e3ja7hvnij7","time":1608729402,"event":{"mods":["BaseMod","Conspire","Hubris","Minty Spire (QoL Compilation)","Replay The Spire","StSLib","The Bug Knight"],"gold_per_floor":[110,110,36,55,80,106,123,123,147,147,159,159,173,84,84,84,84],"floor_reached":16,"playtime":652,"items_purged":[],"score":144,"play_id":"f043fa4f-501d-49a0-b921-66a45970558c","local_time":"20201223081642","is_ascension_mode":true,"campfire_choices":[{"data":"Flame Barrier","floor":8,"key":"SMITH"},{"data":"Flame Barrier","floor":12,"key":"SMITH"},{"data":"conspire:Banana","floor":15,"key":"SMITH"}],"circlet_count":0,"master_deck":["Strike_R","Strike_R","Strike_R","Strike_R","Strike_R","Defend_R","Defend_R","Defend_R","Bash","Flame Barrier+1","Disarm","Body Slam","Flame Barrier+1","Headbutt","conspire:Banana+1"],"relics":["Burning Blood","NeowsBlessing","Bag of Preparation","hubris:Potato","Happy Flower"],"acts_visited":["Exordium"],"potions_floor_usage":[16,16],"damage_taken":[{"damage":0,"enemies":"Jaw Worm","floor":1,"turns":1},{"damage":0,"enemies":"Cultist","floor":4,"turns":1},{"damage":0,"enemies":"Lagavulin","floor":6,"turns":1},{"damage":2,"enemies":"Small Slimes","floor":7,"turns":5},{"damage":0,"enemies":"Exordium Thugs","floor":11,"turns":4},{"damage":20,"enemies":"Large Slime","floor":13,"turns":7},{"damage":68,"enemies":"Slime Boss","floor":16,"turns":13}],"seed_played":"237462766849638601","potions_obtained":[{"floor":4,"key":"Block Potion"},{"floor":7,"key":"Block Potion"}],"is_trial":false,"path_per_floor":["M","?","$","M","T","E","M","R","T","?","M","R","M","$","R","B"],"character_chosen":"IRONCLAD","items_purchased":["Flame Barrier","conspire:Banana"],"campfire_rested":0,"item_purchase_floors":[3,14],"current_hp_per_floor":[80,80,80,80,80,80,80,80,80,80,80,80,66,66,66,0,0],"gold":84,"neow_bonus":"THREE_ENEMY_KILL","is_daily":false,"chose_seed":false,"campfire_upgraded":3,"win_rate":0.0,"timestamp":1608729402,"path_taken":["M","?","$","?","?","E","M","R","T","?","M","R","M","?","R","BOSS"],"items_purchased_type":["Card","Card"],"build_version":"2020-12-22","purchased_purges":0,"victory":false,"max_hp_per_floor":[80,80,80,80,80,80,80,80,80,80,80,80,80,80,80,82,82],"card_choices":[{"not_picked":["Run Through","hubris:ReadiedAction"],"picked":"Disarm","floor":1},{"not_picked":["Blood for Blood","Clash","Heavy Blade"],"picked":"SKIP","floor":4},{"not_picked":["Clash","Headbutt"],"picked":"Disarm","floor":6},{"not_picked":["Carnage","Searing Blow"],"picked":"Body Slam","floor":7},{"not_picked":["ReplayTheSpireMod:Strike From Hell","Body Slam"],"picked":"Flame Barrier","floor":11},{"not_picked":["Thunderclap","Flex"],"picked":"Headbutt","floor":13}],"player_experience":302471,"relics_obtained":[{"floor":5,"key":"Bag of Preparation"},{"floor":6,"key":"hubris:Potato"},{"floor":9,"key":"Happy Flower"}],"event_choices":[{"cards_removed":["Disarm"],"damage_healed":0,"gold_gain":0,"player_choice":"Offered Uncommon","damage_taken":0,"max_hp_gain":0,"max_hp_loss":0,"event_name":"Bonfire Elementals","floor":2,"gold_loss":0}],"is_beta":false,"boss_relics":[],"items_purged_floors":[],"is_endless":false,"potions_floor_spawned":[4,7],"killed_by":"Slime Boss","ascension_level":3}}