{"host":"or7h59boalwd0rey","time":1608728532,"event":{"mods":["ATMod(阿瑾Mod)","Act Like it!","BaseMod","Colored Powertips","Conspire","Gensokyo","Minty Spire (QoL Compilation)","Relic Stats","Replay The Spire","RumiaBox-露米娅的神秘盒子","StSLib","TestMod","vexMod","【遗物卡牌】REMEMod"],"gold_per_floor":[109,142,154,169,217,246,246,246,246,246,272,272,192,226,226,6,6,109,109,137,137,387,412,94,94,108,108,108,119,144,243,243,11,11,107,772,786,1185,1185,68,68,100,100,100,100,128,128,128,142,158,158,158],"floor_reached":53,"playtime":2512,"items_purged":[],"score":1052,"play_id":"3e0e1832-fc05-4ae1-ba30-35e09284477c","local_time":"20201223210212","is_ascension_mode":false,"campfire_choices":[{"data":"AT_RightCognition","floor":9.0,"key":"SMITH"},{"data":"Chill","floor":12.0,"key":"SMITH"},{"data":"AT_StudyProgram","floor":25.0,"key":"SMITH"},{"data":"ReplayTheSpireMod:Reroute Power","floor":27.0,"key":"SMITH"},{"floor":32.0,"key":"REST"},{"floor":34.0,"key":"DIG"},{"data":"AT_StudyProgram+1","floor":51,"key":"SMITH"}],"circlet_count":0,"master_deck":["Zap","Dualcast","AT_RightCognition+1","testmod-PulseDistributor","Double Energy","Scrape","testmod-HandmadeProducts","ReplayTheSpireMod:Splinters","BasicCrystalCard","Machine Learning","Dramatic Entrance","Pain","Loop","AT_StudyProgram+2","Mirror Shield","Chill","Capacitor","Scrape","AT_HeatAcrobatics","ReplayTheSpireMod:Reroute Power+1","Mirror Shield","Gash","AT_ThunderBolt+1","testmod-Reflect","AT_FamilyPortrait","REME_SelfUpgrade","ReplayTheSpireMod:Fabricate Wheel","conspire:SharedLibrary","Storm","AT_WaterDrop","ReplaySort+1","ReplayTheSpireMod:Reroute Power+1","REME_DataAnalysis+1","REME_Shoggoth","testmod-BackupPower","testmod-ChaoticCore","Defragment+1","Spreading Infection","Redo","Turbo","Creative AI"],"relics":["AT_ATBox","testmod-TestBox","testmod-NegativeEmotionEnhancer","REME_LowDesire","PreservedInsect","Geode","vexMod:BarristanHead","REME_HourglassOfDeath","Juzu Bracelet","Gensokyo:LunaticRedEyes","Replay:Bandana","Gensokyo:PortableGap","Gensokyo:NagashiBinaDoll","Prayer Wheel","Pandora\u0027s Box","Gensokyo:ConquerorOfFear","testmod-Charity","Runic Capacitor","Garlic","Anchor","conspire:InfiniteJournal","SecretRecord","AT_SunfireAegis","testmod-LifeArmor","Replay:Grab Bag","Busted Crown","vexMod:RockOfEvil","EasyGame_NEW","Astrolabe","GodSword1","Strange Spoon","Replay:PocketPolymizer","AT_SpeedBoots","Question Card","ReplayTheSpireMod:Ring of Exchange","Ring of Misfortune","Oddly Smooth Stone","Toy Ornithopter"],"acts_visited":["Gensokyo:Gensokyo","Gensokyo:Gensokyoer","Gensokyo:Gensokyoest"],"potions_floor_usage":[52,52,52],"damage_taken":[{"damage":7.0,"enemies":"Gensokyo:3_Fairies","floor":1.0,"turns":5.0},{"damage":30.0,"enemies":"conspire:MimicChest","floor":2.0,"turns":7.0},{"damage":24.0,"enemies":"Gensokyo:Gryphon","floor":3.0,"turns":5.0},{"damage":51.0,"enemies":"Gensokyo:2_Kodama","floor":4.0,"turns":5.0},{"damage":38.0,"enemies":"Gensokyo:Cirno","floor":6.0,"turns":5.0},{"damage":3.0,"enemies":"Gensokyo:2_Rabbits","floor":14.0,"turns":3.0},{"damage":29.0,"enemies":"Gensokyo:Kokoro","floor":18.0,"turns":11.0},{"damage":13.0,"enemies":"Gensokyo:AngelMirror","floor":20.0,"turns":3.0},{"damage":85.0,"enemies":"Gensokyo:3_Dogs","floor":23.0,"turns":4.0},{"damage":9.0,"enemies":"Gensokyo:3_Gloops","floor":26.0,"turns":4.0},{"damage":6.0,"enemies":"Gensokyo:Wraith","floor":29.0,"turns":5.0},{"damage":31.0,"enemies":"Gensokyo:Koishi","floor":30.0,"turns":5.0},{"damage":23.0,"enemies":"Gensokyo:Koishi","floor":31.0,"turns":9.0},{"damage":14.0,"enemies":"Gensokyo:Kaguya","floor":35.0,"turns":6.0},{"damage":3.0,"enemies":"Gensokyo:3_Bats","floor":37.0,"turns":3.0},{"damage":1.0,"enemies":"Gensokyo:Kasen","floor":42.0,"turns":4.0},{"damage":4.0,"enemies":"Gensokyo:Doremy","floor":46.0,"turns":2.0},{"damage":15.0,"enemies":"Gensokyo:AncientGuardian","floor":49.0,"turns":4.0},{"damage":0.0,"enemies":"Gensokyo:SeedOfUnknown","floor":50.0,"turns":3.0},{"damage":0,"enemies":"Gensokyo:Scarlet_Devils","floor":52,"turns":2}],"seed_played":"-542225870324968841","potions_obtained":[{"floor":2.0,"key":"Elixir"},{"floor":3.0,"key":"BlessingOfTheForge"},{"floor":6.0,"key":"Swift Potion"},{"floor":20.0,"key":"EssenceOfSteel"},{"floor":31.0,"key":"FearPotion"}],"is_trial":false,"path_per_floor":["M","?","M","M","?","E","PTL","PTL","R","?","T","R","?","M","?","$","R","B",null,"M","?","?","M","COS","R","M","R","T","M","E","?","R","$","R","B",null,"M","?","?","$","?","E","?","COS","T","E","?","?","M","M","R","B",null],"character_chosen":"DEFECT","items_purchased":["AT_StudyProgram","ReplayTheSpireMod:Fabricate Wheel","AT_SunfireAegis","Regen Potion","GodSword1","Strange Spoon","Replay:PocketPolymizer","REME_Shoggoth","testmod-BackupPower","testmod-ChaoticCore"],"campfire_rested":1,"item_purchase_floors":[16,16,33,33,40,40,40,40,40,40],"current_hp_per_floor":[74,70,63,42,42,40,40,40,40,40,40,40,80,79,73,73,73,46,74,63,63,63,40,40,40,48,48,48,53,33,23,58,58,58,60,129,139,140,119,119,119,137,137,137,137,140,140,140,142,171,171,205],"gold":158,"neow_bonus":"BOSS_RELIC","is_daily":false,"chose_seed":true,"campfire_upgraded":5,"win_rate":0.0,"timestamp":1608728532,"path_taken":["M","?","?","M","?","E","PTL","PTL","R","?","T","R","?","M","?","?","R","BOSS","BOSS","M","?","?","M","COS","R","M","R","T","M","E","?","R","$","R","BOSS","M","?","?","$","?","E","?","COS","T","E","?","?","M","M","R","BOSS"],"items_purchased_type":["Card","Card","Relic","Potion","Relic","Relic","Relic","Card","Card","Card"],"build_version":"2020-12-22","purchased_purges":0,"victory":true,"max_hp_per_floor":[76,77,78,79,79,80,80,80,80,80,80,80,80,81,73,73,73,74,74,75,75,71,72,72,72,86,86,86,96,106,118,118,118,118,128,129,139,140,140,140,140,156,156,156,156,162,162,162,178,206,206,219],"relic_stats":{"Strange Spoon":[16],"Busted Crown":18,"counters":[20,95],"Astrolabe":["Thunder Strike","ReplaySort","ReplayTheSpireMod:Omega Cannon"],"Prayer Wheel":7,"Pandora\u0027s Box":["Scrape","Chill","Streamline","Capacitor","Scrape","AT_HeatAcrobatics","ReplayTheSpireMod:Reroute Power","Mirror Shield"],"PreservedInsect":277,"Juzu Bracelet":3,"Question Card":6,"obtain_stats":[{"ReplayTheSpireMod:Ring of Exchange":43,"AT_ATBox":0,"Replay:PocketPolymizer":40,"Gensokyo:UndefinedDarkness":21,"Gensokyo:NagashiBinaDoll":17,"SecretRecord":31,"testmod-LifeArmor":34,"testmod-NegativeEmotionEnhancer":0,"Juzu Bracelet":6,"Runic Capacitor":24,"Gensokyo:PortableGap":15,"vexMod:RockOfEvil":36,"Gensokyo:LunaticRedEyes":10,"testmod-Charity":24,"conspire:InfiniteJournal":31,"Frozen Eye":30,"Replay:Bandana":11,"Prayer Wheel":18,"REME_LowDesire":0,"Cracked Core":0,"testmod-TestBox":0,"Replay:Grab Bag":36,"Astrolabe":36,"Oddly Smooth Stone":45,"PreservedInsect":0,"Geode":0,"Gensokyo:ConquerorOfFear":23,"Question Card":42,"Strange Spoon":40,"Anchor":30,"AT_SpeedBoots":41,"vexMod:BarristanHead":2,"Busted Crown":36,"REME_HourglassOfDeath":5,"Ring of Misfortune":43,"Pandora\u0027s Box":19,"Garlic":28,"AT_SunfireAegis":33,"EasyGame_NEW":36,"Toy Ornithopter":46,"REME_ComplimentaryCards":0,"GodSword1":40},{"ReplayTheSpireMod:Ring of Exchange":16,"AT_ATBox":0,"Replay:PocketPolymizer":15,"Gensokyo:UndefinedDarkness":8,"Gensokyo:NagashiBinaDoll":6,"SecretRecord":13,"testmod-LifeArmor":13,"testmod-NegativeEmotionEnhancer":0,"Juzu Bracelet":5,"Runic Capacitor":9,"Gensokyo:PortableGap":6,"vexMod:RockOfEvil":14,"Gensokyo:LunaticRedEyes":5,"testmod-Charity":9,"conspire:InfiniteJournal":13,"Frozen Eye":11,"Replay:Bandana":5,"Prayer Wheel":7,"REME_LowDesire":0,"Cracked Core":0,"testmod-TestBox":0,"Replay:Grab Bag":14,"Astrolabe":14,"Oddly Smooth Stone":16,"PreservedInsect":0,"Geode":0,"Gensokyo:ConquerorOfFear":9,"Question Card":16,"Strange Spoon":15,"Anchor":12,"AT_SpeedBoots":15,"vexMod:BarristanHead":2,"Busted Crown":14,"REME_HourglassOfDeath":4,"Ring of Misfortune":16,"Pandora\u0027s Box":7,"Garlic":10,"AT_SunfireAegis":13,"EasyGame_NEW":14,"Toy Ornithopter":17,"REME_ComplimentaryCards":0,"GodSword1":15},{"ReplayTheSpireMod:Ring of Exchange":84,"AT_ATBox":0,"Replay:PocketPolymizer":80,"Gensokyo:UndefinedDarkness":44,"Gensokyo:NagashiBinaDoll":30,"SecretRecord":71,"testmod-LifeArmor":71,"testmod-NegativeEmotionEnhancer":0,"Juzu Bracelet":27,"Runic Capacitor":48,"Gensokyo:PortableGap":30,"vexMod:RockOfEvil":77,"Gensokyo:LunaticRedEyes":27,"testmod-Charity":48,"conspire:InfiniteJournal":71,"Frozen Eye":57,"Replay:Bandana":27,"Prayer Wheel":38,"REME_LowDesire":0,"Cracked Core":0,"testmod-TestBox":0,"Replay:Grab Bag":77,"Astrolabe":77,"Oddly Smooth Stone":84,"PreservedInsect":0,"Geode":0,"Gensokyo:ConquerorOfFear":48,"Question Card":84,"Strange Spoon":80,"Anchor":62,"AT_SpeedBoots":80,"vexMod:BarristanHead":12,"Busted Crown":77,"REME_HourglassOfDeath":22,"Ring of Misfortune":84,"Pandora\u0027s Box":41,"Garlic":52,"AT_SunfireAegis":71,"EasyGame_NEW":77,"Toy Ornithopter":86,"REME_ComplimentaryCards":0,"GodSword1":80}],"Toy Ornithopter":15},"card_choices":[{"not_picked":["Barrage","Streamline","Beam Cell"],"picked":"testmod-PulseDistributor","floor":1.0},{"not_picked":["Stack","Cold Snap","testmod-EternalityOfKhronos"],"picked":"Double Energy","floor":2.0},{"not_picked":["Conserve Battery","FTL","Secret Technique"],"picked":"Scrape","floor":3.0},{"not_picked":["Loop","Steam","Genetic Algorithm"],"picked":"testmod-HandmadeProducts","floor":4.0},{"not_picked":["Barrage","Compile Driver","Master of Strategy"],"picked":"BasicCrystalCard","floor":5.0},{"not_picked":["Leap","BasicCrystalCard","testmod-Automaton"],"picked":"Machine Learning","floor":5.0},{"not_picked":["Beam Cell","Go for the Eyes","Compile Driver"],"picked":"Dramatic Entrance","floor":6.0},{"not_picked":["Conserve Battery","Chaos","Midas Touch"],"picked":"Loop","floor":14.0},{"not_picked":["Multi-Cast","Amplify","Replay:Bootleg Shield Generator"],"picked":"Mirror Shield","floor":18.0},{"not_picked":["ReplayTheSpireMod:System Scan+1","Stack","testmod-BloodBlade"],"picked":"Gash","floor":20.0},{"not_picked":["Stack","BasicCrystalCard","Tempest","REME_FirmDetermination+1"],"picked":"SKIP","floor":20.0},{"not_picked":["Lockon","Barrage+1","The Bomb"],"picked":"AT_ThunderBolt+1","floor":23.0},{"not_picked":["Conserve Battery","Go for the Eyes","Barrage"],"picked":"testmod-Reflect","floor":23.0},{"not_picked":["Rebound","Streamline","Tempest"],"picked":"AT_FamilyPortrait","floor":26.0},{"not_picked":["BasicCrystalCard","Compile Driver","testmod-HandmadeProducts"],"picked":"REME_SelfUpgrade","floor":26.0},{"not_picked":["conspire:Rain","BasicCrystalCard","Panic Button","PanicButton"],"picked":"ReplayTheSpireMod:Fabricate Wheel","floor":29.0},{"not_picked":["Reprogram+1","Conserve Battery","Chill","testmod-ConditionedReflex"],"picked":"conspire:SharedLibrary","floor":29.0},{"not_picked":["Stack+1","REME_Whirling","AT_ThunderBolt","testmod-ConditionedReflex"],"picked":"Gash","floor":30.0},{"not_picked":["Hologram","Undo+1","Compile Driver","testmod-Wormhole"],"picked":"Storm","floor":31.0},{"not_picked":["ReplayRNGCard","Echo Form","REME_EyeOfCthun"],"picked":"AT_WaterDrop","floor":35.0},{"not_picked":["Rebound","AT_HeatAcrobatics","AT_PowerWithin+1"],"picked":"ReplayTheSpireMod:Reroute Power+1","floor":37.0},{"not_picked":["Gash+1","Rebound+1","REME_BodyOfCthun"],"picked":"REME_DataAnalysis+1","floor":37.0},{"not_picked":["testmod-PowerStrike"],"picked":"Defragment+1","floor":42.0},{"not_picked":["ReplaySolidLightProjector","Hologram+1","Meteor Strike","ReplayTheSpireMod:Reroute Power+1","Violence"],"picked":"Redo","floor":46.0},{"not_picked":["Sweeping Beam","Ball Lightning+1","Glacier+1","Melter","ReplayTheSpireMod:Trickstab"],"picked":"SKIP","floor":49.0},{"not_picked":["AT_HeatAcrobatics+1","REME_Compress+1","Barrage","AT_ThreeBodyProblem+1","testmod-AutoReboundSystem"],"picked":"SKIP","floor":49.0},{"not_picked":["Blizzard","Sweeping Beam+1","Coolheaded+1","testmod-ConditionedReflex"],"picked":"Turbo","floor":50.0},{"not_picked":["Beam Cell+1","Streamline","ReplayTheSpireMod:Calculation Training+1","testmod-TreasureHunter"],"picked":"Creative AI","floor":50.0}],"player_experience":66780,"relics_obtained":[{"floor":0.0,"key":"PreservedInsect"},{"floor":0.0,"key":"Geode"},{"floor":2.0,"key":"vexMod:BarristanHead"},{"floor":5.0,"key":"REME_HourglassOfDeath"},{"floor":6.0,"key":"Juzu Bracelet"},{"floor":11.0,"key":"Replay:Bandana"},{"floor":23.0,"key":"Gensokyo:ConquerorOfFear"},{"floor":28.0,"key":"Garlic"},{"floor":30.0,"key":"Anchor"},{"floor":31.0,"key":"conspire:InfiniteJournal"},{"floor":31.0,"key":"SecretRecord"},{"floor":34.0,"key":"testmod-LifeArmor"},{"floor":42.0,"key":"Question Card"},{"floor":43.0,"key":"ReplayTheSpireMod:Ring of Exchange"},{"floor":43.0,"key":"Ring of Misfortune"},{"floor":45.0,"key":"Oddly Smooth Stone"},{"floor":46.0,"key":"Toy Ornithopter"}],"event_choices":[{"damage_healed":0.0,"max_hp_gain":0.0,"max_hp_loss":0.0,"gold_gain":400.0,"event_name":"恩洛斯的盘子","player_choice":"Sell","floor":38.0,"relics_lost":["REME_ComplimentaryCards"],"gold_loss":0.0,"damage_taken":0.0}],"is_beta":false,"boss_relics":[{"not_picked":["vexMod:CursedCompass","Replay:Wanted Poster"],"picked":"Pandora\u0027s Box"},{"not_picked":["testmod-CardMagician","Kintsugi"],"picked":"Replay:Grab Bag"},{"not_picked":["vexMod:EndlessSickness","SlaversCollar"],"picked":"Busted Crown"},{"not_picked":["Runic Dome","Fusion Hammer"],"picked":"vexMod:RockOfEvil"},{"not_picked":["SacredBark","testmod-Recursion"],"picked":"EasyGame_NEW"},{"not_picked":["vexMod:MysteryBossChallenge","testmod-KeyOfTheVoid"],"picked":"Astrolabe"}],"items_purged_floors":[],"is_endless":false,"potions_floor_spawned":[2,3,6,20,26,31,37,42],"ascension_level":0}}