{"host":"9d83omykrosjn1d3","time":1608745129,"event":{"mods":["AchievementEnabler","BaseMod","BetterRewards","Card Forge","Downfall","Hubris","MarisaÅiñ∂âJÅ@ñÇóùçπÅj","Minty Spire (QoL Compilation)","Permanent Neow","Shop Mod","StSLib","SuperFastMode","The Hierophant","The Mystic","The Runesmith"],"gold_per_floor":[99,113,174,174,174,202,280,305,335,345,378,406,436,471,481,583,583,583,603,622,622,106,134,134,147,177,102,130,159,193,225,245,346,346,346,395,405,405,562,587,587,619,648,683,717,642,567,592,602,602,602,633,249,249,249],"floor_reached":56,"playtime":4490,"items_purged":["Guardian:ShieldCharger","Guardian:TemporalStrike","Guardian:TemporalStrike+1"],"score":1943,"play_id":"da1d322f-429a-4741-9d59-2a59f4e6ee59","local_time":"20201224023849","daily_mods":["SealedDeck","Heirloom","Flight","downfall:Lament","DeadlyEvents","Elite Swarm"],"is_ascension_mode":false,"campfire_choices":[{"data":"Guardian:Orbwalk","floor":1,"key":"SMITH"},{"data":"Guardian:StasisEngine","floor":18,"key":"SMITH"},{"data":"Guardian:GemFinder","floor":27,"key":"SMITH"},{"data":"Guardian:BaubleBeam","floor":35,"key":"SMITH"},{"floor":46,"key":"RECALL"},{"data":"Guardian:PrismaticBeam","floor":47,"key":"SMITH"},{"data":"Guardian:FloatingOrbs","floor":54,"key":"SMITH"}],"circlet_count":0,"master_deck":["Guardian:PrismaticBeam+1","Guardian:ArmoredProtocol","Guardian:FloatingOrbs+1","Guardian:BronzeOrb+1","Guardian:Orbwalk+1","Guardian:ExploitGems","Guardian:AncientConstruct","Guardian:TimeSifter","Guardian:ExploitGems","Guardian:StasisField","Guardian:StasisEngine+1","Guardian:TimeSifter","Guardian:StasisField+1","Guardian:GemFinder+1","Guardian:BaubleBeam+1","Guardian:CompilePackage+1","Guardian:Repulse+1","Guardian:ExploitGems+1"],"relics":["Guardian:ModeShifter","Hammer of Thor","Seething Fire","Anvil of the Gods","NeowsBlessing","mysticmod:CrystalBall","Bird Faced Urn","Guardian:StasisCodex","hubris:Icosahedron","Runesmith:Nanobots","Strawberry","hubris:PeanutButter","champ:DeflectingBracers","hubris:GlazedTorus","Matryoshka","Orichalcum","Potion Belt","HornCleat","SlaversCollar","MerchantsRug","ClockworkSouvenir","Toxic Egg 2","Nunchaku","hubris:MysteriousPyramids","PreservedInsect","Bag of Marbles","downfall:HeartBlessingGreen","hubris:Metronome","Thread and Needle","Pear","Toy Ornithopter","expansioncontent:StudyCardRelic","CatCart","OrangePellets","Question Card","Blood Vial","Ornamental Fan","hubris:TenFootPole","Oddly Smooth Stone","MealTicket","downfall:HeartBlessingBlue","downfall:HeartBlessingRed","Whetstone","Blue Candle","Mercury Hourglass"],"acts_visited":["Exordium","TheCity","TheBeyond","TheEnding"],"potions_floor_usage":[55,55],"damage_taken":[{"damage":0,"enemies":"Cultist","floor":2,"turns":1},{"damage":0,"enemies":"3 Sentries","floor":3,"turns":1},{"damage":0,"enemies":"3 Sentries","floor":6,"turns":1},{"damage":16,"enemies":"Gremlin Nob","floor":8,"turns":4},{"damage":3,"enemies":"Lagavulin","floor":9,"turns":5},{"damage":0,"enemies":"Jaw Worm","floor":10,"turns":2},{"damage":13,"enemies":"3 Sentries","floor":11,"turns":6},{"damage":0,"enemies":"Gremlin Nob","floor":12,"turns":4},{"damage":11,"enemies":"3 Sentries","floor":13,"turns":7},{"damage":0,"enemies":"Lagavulin","floor":14,"turns":6},{"damage":0,"enemies":"2 Louse","floor":15,"turns":2},{"damage":15,"enemies":"downfall:Silent","floor":16,"turns":6},{"damage":0,"enemies":"3 Byrds","floor":19,"turns":5},{"damage":17,"enemies":"Shelled Parasite and Fungi","floor":20,"turns":5},{"damage":0,"enemies":"downfall:FleeingMerchant","floor":22,"turns":4},{"damage":33,"enemies":"Gremlin Leader","floor":23,"turns":6},{"damage":0,"enemies":"Sentry and Sphere","floor":25,"turns":5},{"damage":0,"enemies":"Book of Stabbing","floor":26,"turns":4},{"damage":0,"enemies":"Gremlin Leader","floor":28,"turns":4},{"damage":0,"enemies":"Book of Stabbing","floor":29,"turns":4},{"damage":6,"enemies":"Slavers","floor":30,"turns":4},{"damage":0,"enemies":"Book of Stabbing","floor":31,"turns":4},{"damage":0,"enemies":"Centurion and Healer","floor":32,"turns":3},{"damage":9,"enemies":"downfall:Ironclad","floor":33,"turns":4},{"damage":0,"enemies":"Orin","floor":36,"turns":5},{"damage":7,"enemies":"3 Shapes","floor":37,"turns":3},{"damage":0,"enemies":"downfall:FleeingMerchant","floor":39,"turns":4},{"damage":0,"enemies":"Giant Head","floor":40,"turns":4},{"damage":9,"enemies":"Nemesis","floor":42,"turns":3},{"damage":0,"enemies":"Reptomancer","floor":43,"turns":3},{"damage":0,"enemies":"Nemesis","floor":44,"turns":3},{"damage":2,"enemies":"Reptomancer","floor":45,"turns":3},{"damage":0,"enemies":"Nemesis","floor":48,"turns":3},{"damage":0,"enemies":"Orb Walker","floor":49,"turns":2},{"damage":0,"enemies":"downfall:Watcher","floor":50,"turns":3},{"damage":0,"enemies":"downfall:CharBossMerchant","floor":52,"turns":3},{"damage":135,"enemies":"downfall:NeowBoss","floor":55,"turns":29}],"seed_played":"6161488978577134500","potions_obtained":[{"floor":8,"key":"FairyPotion"},{"floor":9,"key":"Block Potion"},{"floor":11,"key":"champ:CounterPotion"},{"floor":13,"key":"SneckoOil"},{"floor":14,"key":"Strength Potion"},{"floor":23,"key":"BlessingOfTheForge"},{"floor":25,"key":"Guardian:AcceleratePotion"},{"floor":28,"key":"sneckomod:MuddlingPotion"},{"floor":32,"key":"Fire Potion"},{"floor":33,"key":"PowerPotion"},{"floor":42,"key":"Energy Potion"},{"floor":44,"key":"champ:CounterPotion"},{"floor":45,"key":"SmokeBomb"},{"floor":48,"key":"Block Potion"}],"is_trial":true,"path_per_floor":["R","M","?","?","T","E","T","E","E","M","E","E","E","E","M","B",null,"R","M","M","?","$","E","T","M","E","R","E","E","E","E","M","B",null,"R","?","M","?","$","E","T","E","E","E","E","R","R","E","M","B",null,"E","$","R","B",null],"character_chosen":"GUARDIAN","items_purchased":["MerchantsRug","ClockworkSouvenir","Toxic Egg 2","OrangePellets","Mercury Hourglass"],"campfire_rested":0,"item_purchase_floors":[22,22,22,39,53],"current_hp_per_floor":[80,80,80,80,80,87,87,73,78,80,76,84,80,87,87,72,87,87,87,74,74,87,62,62,76,87,87,87,87,97,97,97,88,97,97,97,90,104,111,111,111,104,111,111,111,121,121,121,121,121,121,121,121,121,76],"gold":249,"neow_bonus":"","is_daily":false,"chose_seed":false,"campfire_upgraded":6,"win_rate":0.0,"timestamp":1608745129,"path_taken":["R","M","?","?","?","E","T","E","?","?","E","E","?","E","M","BOSS","R","M","M","?","$","E","T","?","E","R","E","E","E","E","M","BOSS","R","?","M","?","$","E","T","E","E","E","E","R","R","E","M","BOSS","E","$","R","BOSS"],"items_purchased_type":["Relic","Relic","Relic","Relic","Relic"],"build_version":"2020-12-22","purchased_purges":3,"victory":true,"max_hp_per_floor":[80,80,80,80,80,87,87,87,87,87,87,87,87,87,87,87,87,87,87,87,87,87,87,87,87,87,87,87,87,97,97,97,97,97,97,97,97,111,111,111,111,111,111,111,111,121,121,121,121,121,121,121,121,121,121],"card_choices":[{"not_picked":["Guardian:Reroute","Guardian:Incinerate","Guardian:PrimingBeam"],"picked":"SKIP","floor":2},{"not_picked":["Guardian:RevengeProtocol","Guardian:StasisField"],"picked":"Guardian:ExploitGems","floor":6},{"not_picked":["Guardian:GemFire","Guardian:FastForward"],"picked":"Guardian:AncientConstruct","floor":8},{"not_picked":["Guardian:StasisField","Guardian:AncientConstruct"],"picked":"Guardian:TimeSifter","floor":9},{"not_picked":["Guardian:Gem_Lightblue","Guardian:ChargeUp","Guardian:Gem_Purple"],"picked":"SKIP","floor":10},{"not_picked":["Guardian:FierceBash","Guardian:TimeSifter"],"picked":"Guardian:ExploitGems","floor":11},{"not_picked":["Guardian:StasisStrike","Guardian:ConstructionForm"],"picked":"Guardian:StasisField","floor":12},{"not_picked":["Guardian:FierceBash","Guardian:ConstructionForm"],"picked":"Guardian:StasisEngine","floor":13},{"not_picked":["Guardian:HyperBeam_Guardian","Guardian:ConstructionForm"],"picked":"Guardian:Gem_Synthetic","floor":14},{"not_picked":["Guardian:SpikerProtocol","Guardian:RollAttack","Guardian:Incinerate"],"picked":"SKIP","floor":15},{"not_picked":["Guardian:GemFire","Guardian:StasisField"],"picked":"Guardian:TimeSifter","floor":16},{"not_picked":["Guardian:PrimingBeam+1","Guardian:Planning+1"],"picked":"Guardian:Gem_Green","floor":19},{"not_picked":["Guardian:TemporalStrike","Guardian:Recover","Guardian:Gem_Green"],"picked":"SKIP","floor":20},{"not_picked":["Guardian:PolyBeam+1","Guardian:Harden","Guardian:Gem_Green"],"picked":"SKIP","floor":22},{"not_picked":["Guardian:RevengeProtocol","Guardian:FierceBash"],"picked":"Guardian:StasisField+1","floor":23},{"not_picked":["Guardian:SpikerProtocol","Guardian:Gem_Cyan","Guardian:Gem_Green"],"picked":"SKIP","floor":25},{"not_picked":["Guardian:StasisStrike","Guardian:AncientConstruct"],"picked":"Guardian:GemFinder","floor":26},{"not_picked":["Guardian:AncientConstruct","Guardian:StasisStrike"],"picked":"Guardian:BaubleBeam","floor":28},{"not_picked":["Guardian:RevengeProtocol","Guardian:GemFinder"],"picked":"Guardian:CompilePackage+1","floor":29},{"not_picked":["Guardian:SphericShield+1","Guardian:ConstructionForm"],"picked":"Guardian:Gem_Orange","floor":30},{"not_picked":["Guardian:SphericShield+1","Guardian:ConstructionForm","Guardian:FierceBash"],"picked":"SKIP","floor":31},{"not_picked":["Guardian:Harden+1","Guardian:PrismaticBeam"],"picked":"Guardian:Gem_Yellow","floor":32},{"not_picked":["Guardian:StasisStrike","Guardian:GemFinder"],"picked":"Guardian:Gem_Synthetic","floor":33},{"not_picked":["Guardian:Gem_Lightblue","Guardian:Gem_Cyan"],"picked":"Guardian:Gem_Green","floor":33},{"not_picked":["Guardian:ChargeUp+1","Guardian:TimeCapacitor"],"picked":"Guardian:Gem_White","floor":36},{"not_picked":["Guardian:ChargeCore","Guardian:FuturePlans+1"],"picked":"Guardian:Repulse+1","floor":37},{"not_picked":["Guardian:TemporalShield+1","Guardian:Reroute+1","Guardian:Emergency+1"],"picked":"SKIP","floor":39},{"not_picked":["Guardian:TimeSifter","Guardian:GemFinder"],"picked":"Guardian:Gem_Synthetic","floor":40},{"not_picked":["Guardian:CompilePackage+1","Guardian:StasisField+1","Guardian:StasisEngine"],"picked":"Guardian:ExploitGems+1","floor":42},{"not_picked":["Guardian:BaubleBeam","Guardian:StasisField+1","Guardian:RevengeProtocol","Guardian:HyperBeam_Guardian"],"picked":"SKIP","floor":43},{"not_picked":["Guardian:SphericShield+1","Guardian:StasisStrike","Guardian:GemFinder","Guardian:GemFire"],"picked":"SKIP","floor":44},{"not_picked":["Guardian:AncientConstruct","Guardian:BaubleBeam","Guardian:GemFire","Guardian:SphericShield+1"],"picked":"SKIP","floor":45},{"not_picked":["Guardian:Gem_Cyan","Guardian:Gem_Red"],"picked":"Guardian:Gem_Green","floor":48},{"not_picked":["Guardian:Gem_Synthetic","Guardian:SphericShield+1","Guardian:GemFire"],"picked":"Guardian:Gem_Orange","floor":48},{"not_picked":["Guardian:Incinerate+1","Guardian:EvasiveProtocol+1","Guardian:Gem_Lightblue","Guardian:FloatingOrbs+1"],"picked":"SKIP","floor":49},{"not_picked":["Guardian:BaubleBeam","Guardian:AncientConstruct","Guardian:CompilePackage+1","Guardian:GemFire"],"picked":"SKIP","floor":52}],"player_experience":688583,"relics_obtained":[{"floor":3,"key":"Guardian:StasisCodex"},{"floor":5,"key":"Runesmith:Nanobots"},{"floor":6,"key":"Strawberry"},{"floor":7,"key":"hubris:PeanutButter"},{"floor":8,"key":"champ:DeflectingBracers"},{"floor":9,"key":"hubris:GlazedTorus"},{"floor":11,"key":"Matryoshka"},{"floor":12,"key":"Orichalcum"},{"floor":13,"key":"Potion Belt"},{"floor":14,"key":"HornCleat"},{"floor":23,"key":"Nunchaku"},{"floor":24,"key":"hubris:MysteriousPyramids"},{"floor":24,"key":"PreservedInsect"},{"floor":26,"key":"Bag of Marbles"},{"floor":28,"key":"hubris:Metronome"},{"floor":29,"key":"Thread and Needle"},{"floor":30,"key":"Pear"},{"floor":31,"key":"Toy Ornithopter"},{"floor":36,"key":"CatCart"},{"floor":40,"key":"Question Card"},{"floor":41,"key":"Blood Vial"},{"floor":42,"key":"Ornamental Fan"},{"floor":43,"key":"hubris:TenFootPole"},{"floor":44,"key":"Oddly Smooth Stone"},{"floor":45,"key":"MealTicket"},{"floor":48,"key":"Whetstone"},{"floor":52,"key":"Blue Candle"}],"event_choices":[{"damage_healed":0,"gold_gain":0,"player_choice":"Ignored","damage_taken":0,"max_hp_gain":0,"max_hp_loss":0,"event_name":"Ghosts","floor":21,"gold_loss":0},{"damage_healed":0,"gold_gain":0,"player_choice":"Fight","damage_taken":0,"max_hp_gain":0,"max_hp_loss":0,"event_name":"OrinTheCat","floor":36,"gold_loss":0}],"is_beta":false,"boss_relics":[{"not_picked":["hubris:CrackedHourglass","hubris:Stopwatch"],"picked":"SlaversCollar"},{"not_picked":["hubris:VirtuousBlindfold","Guardian:ModeShifterPlus"],"picked":"expansioncontent:StudyCardRelic"}],"items_purged_floors":[22,39,53],"is_endless":false,"potions_floor_spawned":[8,9,11,13,14,19,23,25,28,32,33,36,42,44,45,48],"ascension_level":0}}