{"host":"951sez6ulsv0fw1i","time":1608730443,"event":{"mods":["2.2 Compatiblity","Aspiration","BaseMod","Better Third Choice","BetterRewards","CCEM","CapriCore","Conspire","Downfall","Googly Eyes","Hermit","Infinite Spire","JesterMod","Luminous","Mari Mod (Legacy)","Mari\u0027s V1 Patch","Marisa????????","Minty Spire (QoL Compilation)","Potionbrewer","Reimu??????","Shade Mod","StSLib","The Cursed","The Immortal","The Runesmith","The Servant 0.9.4","TheBandit","TheSwordswoman"],"gold_per_floor":[16,16,16,33,53,78,353,367,367,133,133,150,150,179,179,281,281,293,293,208,208,63,63,79,114,114,149,149,149,149],"floor_reached":29,"playtime":973,"items_purged":["Regret"],"score":319,"play_id":"872b0d60-89de-43f0-8302-c78c50ef75b3","local_time":"20201223143403","is_ascension_mode":false,"campfire_choices":[{"data":"SubcavityFantasy:ReiMu","floor":15,"key":"SMITH"},{"data":"UniversalSpiritual:ReiMu","floor":23,"key":"SMITH"}],"circlet_count":0,"master_deck":["Strike_Lin:ReiMu","Strike_Lin:ReiMu","Strike_Lin:ReiMu","Strike_Lin:ReiMu","Defend_Lin:ReiMu","Defend_Lin:ReiMu","Defend_Lin:ReiMu","Defend_Lin:ReiMu","NB:ReiMu","Stagnation:ReiMu","TightArray:ReiMu","OctopathSalyBorderN:ReiMu","UniversalSpiritual:ReiMu+1","Revelation:ReiMu","FantasyMoon:ReiMu","SubcavityFantasy:ReiMu+1","CareerPray:ReiMu","FantasyMoon:ReiMu","KamiRite:ReiMu+1","ManaGlint:ReiMu+1","CareerPray:ReiMu","SpreadBorder2:ReiMu+1","FantasyMoon:ReiMu"],"relics":["FlyPower:ReiMu","Blue Candle","aspiration:ArtOfWarUpgrade","RuthlessExorcism:ReiMu","Anchor","Toy Ornithopter","Black Star","Mercury Hourglass","betterThird:NestCultRelic","Sling","Pen Nib","potionbrewer:BottledElixir","CCEMRelics:FryingPan","Salt:ReiMu","War Paint"],"acts_visited":["Exordium","TheCity"],"potions_floor_usage":[25,25],"damage_taken":[{"damage":2,"enemies":"conspire:RoseBush","floor":1,"turns":5},{"damage":7,"enemies":"2 Louse","floor":4,"turns":4},{"damage":1,"enemies":"infinitespire:Voidling","floor":5,"turns":4},{"damage":13,"enemies":"3 Sentries","floor":6,"turns":4},{"damage":1,"enemies":"3 Louse","floor":8,"turns":2},{"damage":0,"enemies":"Exordium Thugs","floor":12,"turns":3},{"damage":9,"enemies":"Gremlin Nob","floor":14,"turns":3},{"damage":0,"enemies":"Slime Boss","floor":16,"turns":3},{"damage":13,"enemies":"Chosen","floor":18,"turns":6},{"damage":5,"enemies":"3 Byrds","floor":24,"turns":5},{"damage":66,"enemies":"Nightmare","floor":25,"turns":6},{"damage":9,"enemies":"Gremlin Leader","floor":27,"turns":5},{"damage":2,"enemies":"Centurion and Healer","floor":29,"turns":2}],"seed_played":"6095190450964919672","potions_obtained":[{"floor":1,"key":"potionbrewer:ToxicPotion"},{"floor":5,"key":"ZuzhouPotion:ReiMu"},{"floor":8,"key":"potionbrewer:NoxiousPotion"},{"floor":16,"key":"DistilledChaos"}],"is_trial":false,"path_per_floor":["M","?","?","M","M","E","?","M","T","$","R","M","R","E","R","B",null,"M","?","?","?","$","R","M","NM","T","E","?","M"],"character_chosen":"REIMU","items_purchased":["SubcavityFantasy:ReiMu","Sling"],"campfire_rested":0,"item_purchase_floors":[10,22],"current_hp_per_floor":[75,75,75,68,67,54,54,53,53,53,53,53,53,44,44,44,77,64,72,72,72,72,72,67,11,11,2,2,0,0],"gold":149,"neow_bonus":"TWENTY_PERCENT_HP_BONUS","is_daily":false,"chose_seed":false,"campfire_upgraded":2,"win_rate":0.0,"timestamp":1608730443,"path_taken":["M","?","?","?","M","E","?","M","T","?","R","M","R","E","R","BOSS","M","?","?","?","$","R","M","NM","T","E","?","M"],"items_purchased_type":["Card","Relic"],"build_version":"2020-12-22","purchased_purges":1,"victory":false,"max_hp_per_floor":[77,77,77,77,77,77,77,77,77,77,77,77,77,77,77,77,77,77,77,77,77,77,77,77,77,77,77,77,77,77],"card_choices":[{"not_picked":["EmergencyTakeOff:ReiMu","SafetyPray:ReiMu"],"picked":"TightArray:ReiMu","floor":1},{"not_picked":["Amulet:ReiMu","Gathering:ReiMu"],"picked":"OctopathSalyBorderN:ReiMu","floor":4},{"not_picked":["Intuition:ReiMu","PassingAway:ReiMu"],"picked":"UniversalSpiritual:ReiMu","floor":5},{"not_picked":["Dreaming:ReiMu","Mountainwind:ReiMu"],"picked":"Revelation:ReiMu","floor":6},{"not_picked":["AirStrike:ReiMu","Intuition:ReiMu"],"picked":"FantasyMoon:ReiMu","floor":8},{"not_picked":["OrbThrow:ReiMu","WonderfulDomain:ReiMu"],"picked":"CareerPray:ReiMu","floor":12},{"not_picked":["KamiSacrifice:ReiMu","LearningPray:ReiMu"],"picked":"FantasyMoon:ReiMu","floor":14},{"not_picked":["KyokaiOfKami:ReiMu","PrayRite:ReiMu"],"picked":"KamiRite:ReiMu","floor":16},{"not_picked":["MountainWay:ReiMu","Intuition:ReiMu+1"],"picked":"ManaGlint:ReiMu+1","floor":18},{"not_picked":["Meditation:ReiMu","BarrageOfMoneybags:ReiMu"],"picked":"CareerPray:ReiMu","floor":24},{"not_picked":["TightArray:ReiMu","InherentArray:ReiMu"],"picked":"SpreadBorder2:ReiMu","floor":25},{"not_picked":["SubcavityInstant:ReiMu","WonderfulDomain:ReiMu"],"picked":"FantasyMoon:ReiMu","floor":27}],"player_experience":519140,"relics_obtained":[{"floor":2,"key":"Blue Candle"},{"floor":6,"key":"RuthlessExorcism:ReiMu"},{"floor":9,"key":"Anchor"},{"floor":14,"key":"Toy Ornithopter"},{"floor":25,"key":"Pen Nib"},{"floor":25,"key":"potionbrewer:BottledElixir"},{"floor":26,"key":"CCEMRelics:FryingPan"},{"floor":27,"key":"Salt:ReiMu"},{"floor":27,"key":"War Paint"}],"event_choices":[{"damage_healed":0,"gold_gain":0,"player_choice":"Gave Potion","damage_taken":0,"relics_obtained":["Art of War"],"max_hp_gain":0,"max_hp_loss":0,"event_name":"WeMeetAgain","floor":3,"gold_loss":0},{"damage_healed":0,"gold_gain":275,"player_choice":"Desecrate","damage_taken":0,"max_hp_gain":0,"max_hp_loss":0,"event_name":"Golden Shrine","floor":7,"gold_loss":0,"cards_obtained":["Regret"]},{"damage_healed":0,"gold_gain":0,"player_choice":"Obtained Relic","damage_taken":0,"relics_obtained":["Mercury Hourglass"],"max_hp_gain":0,"max_hp_loss":0,"event_name":"Addict","floor":20,"gold_loss":85},{"damage_healed":0,"gold_gain":0,"player_choice":"Madness","damage_taken":0,"relics_obtained":["betterThird:NestCultRelic"],"max_hp_gain":0,"max_hp_loss":0,"event_name":"betterThird:BetterNest","floor":21,"gold_loss":0}],"is_beta":false,"boss_relics":[{"not_picked":["Snecko Eye","Runic Dome"],"picked":"Black Star"}],"items_purged_floors":[10],"is_endless":true,"potions_floor_spawned":[1,5,8,16],"killed_by":"Centurion and Healer","ascension_level":0}}