{"host":"q9718omregw4er46","time":1608740155,"event":{"mods":["BaseMod","Colored Powertips","Minty Spire (QoL Compilation)","Quick Restart","Relic Stats"],"gold_per_floor":[118,129,148,164,174,209,209,227,227,227,246,258,290,290,290,363,363,382,382,44,58,71,71,102,118,190,217,217,217,217,230,230,230,230],"floor_reached":33,"playtime":1342,"items_purged":["Strike_P"],"score":702,"play_id":"8e91a353-6d31-493e-8517-c66298c45054","local_time":"20201223211555","is_ascension_mode":true,"campfire_choices":[{"data":"Eruption","floor":7,"key":"SMITH"},{"floor":10,"key":"REST"},{"floor":15,"key":"REST"},{"data":"Wallop","floor":23,"key":"SMITH"},{"data":"LikeWater","floor":28,"key":"SMITH"},{"data":"EmptyFist","floor":30,"key":"SMITH"},{"data":"RitualDagger","floor":32,"key":"SMITH"}],"circlet_count":0,"master_deck":["AscendersBane","Strike_P","Strike_P","Strike_P","Defend_P","Defend_P","Defend_P","Defend_P","Eruption+1","Vigilance","CurseOfTheBell","EmptyFist+1","FollowUp","CarveReality","Consecrate","FearNoEvil","Tantrum","FlurryOfBlows","Evaluate+1","Wallop+1","DeusExMachina+1","ClearTheMind+1","RitualDagger+1","SpiritShield+1","DeusExMachina+1","LikeWater+1","Injury","CutThroughFate","LikeWater+1"],"relics":["Calling Bell","Ancient Tea Set","Toxic Egg 2","StoneCalendar","Pen Nib","Happy Flower","Meat on the Bone","Cursed Key","InkBottle","Bag of Preparation","Mercury Hourglass","Frozen Egg 2"],"acts_visited":["Exordium","TheCity"],"potions_floor_usage":[6,21,24,27,33],"damage_taken":[{"damage":12,"enemies":"Small Slimes","floor":1,"turns":7},{"damage":9,"enemies":"2 Louse","floor":2,"turns":3},{"damage":2,"enemies":"Jaw Worm","floor":3,"turns":3},{"damage":9,"enemies":"2 Fungi Beasts","floor":4,"turns":4},{"damage":10,"enemies":"Gremlin Gang","floor":5,"turns":5},{"damage":0,"enemies":"Lagavulin","floor":6,"turns":3},{"damage":6,"enemies":"Red Slaver","floor":8,"turns":2},{"damage":0,"enemies":"Lots of Slimes","floor":11,"turns":1},{"damage":13,"enemies":"Blue Slaver","floor":12,"turns":2},{"damage":10,"enemies":"3 Sentries","floor":13,"turns":4},{"damage":4,"enemies":"The Guardian","floor":16,"turns":7},{"damage":18,"enemies":"Chosen","floor":18,"turns":5},{"damage":0,"enemies":"Shell Parasite","floor":21,"turns":2},{"damage":0,"enemies":"Sentry and Sphere","floor":22,"turns":2},{"damage":12,"enemies":"Book of Stabbing","floor":24,"turns":4},{"damage":1,"enemies":"Centurion and Healer","floor":25,"turns":4},{"damage":0,"enemies":"Slavers","floor":27,"turns":4},{"damage":9,"enemies":"3 Cultists","floor":31,"turns":5},{"damage":43,"enemies":"Champ","floor":33,"turns":9}],"seed_played":"-1116721235301750313","potions_obtained":[{"floor":2,"key":"GamblersBrew"},{"floor":3,"key":"FearPotion"},{"floor":11,"key":"SpeedPotion"},{"floor":13,"key":"SkillPotion"},{"floor":16,"key":"PowerPotion"},{"floor":24,"key":"ColorlessPotion"},{"floor":25,"key":"Regen Potion"},{"floor":27,"key":"SkillPotion"}],"is_trial":false,"path_per_floor":["M","M","M","M","M","E","R","M","T","R","M","M","E","?","R","B",null,"M","?","$","M","M","R","E","M","T","E","R","?","R","M","R","B"],"character_chosen":"WATCHER","items_purchased":["InkBottle"],"campfire_rested":2,"item_purchase_floors":[20],"current_hp_per_floor":[49,40,38,29,19,19,19,13,13,33,33,20,10,5,25,33,59,41,35,35,35,35,35,35,46,46,46,46,46,46,37,37,0,0],"gold":230,"neow_bonus":"BOSS_RELIC","is_daily":false,"chose_seed":false,"campfire_upgraded":5,"win_rate":0.0,"timestamp":1608740155,"path_taken":["M","M","M","M","M","E","R","M","T","R","M","M","E","?","R","BOSS","M","?","$","M","M","R","E","M","T","E","R","?","R","M","R","BOSS"],"items_purchased_type":["Relic"],"build_version":"2020-12-22","purchased_purges":1,"victory":false,"max_hp_per_floor":[68,68,68,68,68,68,68,68,68,68,68,68,68,68,68,68,68,68,68,68,68,68,68,68,68,68,68,68,68,68,68,68,68,68],"relic_stats":{"Happy Flower":[16],"counters":[19,76],"StoneCalendar":[72],"Pen Nib":[16],"Bag of Preparation":[7],"Cursed Key":1,"obtain_stats":[{"Happy Flower":9,"StoneCalendar":0,"Pen Nib":6,"Bag of Preparation":24,"Frozen Egg 2":27,"Ancient Tea Set":0,"Cursed Key":17,"Mercury Hourglass":26,"Calling Bell":0,"PureWater":0,"Toxic Egg 2":0,"InkBottle":20,"Meat on the Bone":13},{"Happy Flower":7,"StoneCalendar":0,"Pen Nib":6,"Bag of Preparation":15,"Frozen Egg 2":17,"Ancient Tea Set":0,"Cursed Key":11,"Mercury Hourglass":16,"Calling Bell":0,"PureWater":0,"Toxic Egg 2":0,"InkBottle":12,"Meat on the Bone":10},{"Happy Flower":27,"StoneCalendar":0,"Pen Nib":25,"Bag of Preparation":54,"Frozen Egg 2":62,"Ancient Tea Set":0,"Cursed Key":41,"Mercury Hourglass":58,"Calling Bell":0,"PureWater":0,"Toxic Egg 2":0,"InkBottle":46,"Meat on the Bone":34}],"InkBottle":[18],"Meat on the Bone":36,"Mercury Hourglass":[48]},"card_choices":[{"not_picked":["JustLucky","Halt+1"],"picked":"EmptyFist","floor":1},{"not_picked":["BowlingBash","WaveOfTheHand+1"],"picked":"FollowUp","floor":2},{"not_picked":["Protect+1","ThirdEye+1","JustLucky"],"picked":"SKIP","floor":3},{"not_picked":["Perseverance+1","CutThroughFate"],"picked":"CarveReality","floor":4},{"not_picked":["MentalFortress","Vengeance+1"],"picked":"Consecrate","floor":5},{"not_picked":["Fasting2","JustLucky"],"picked":"FearNoEvil","floor":6},{"not_picked":["Brilliance","PathToVictory+1"],"picked":"Tantrum","floor":8},{"not_picked":["CutThroughFate","BattleHymn"],"picked":"FlurryOfBlows","floor":11},{"not_picked":["EmptyBody+1","Crescendo+1"],"picked":"Evaluate+1","floor":12},{"not_picked":["BowlingBash","Weave"],"picked":"Wallop","floor":13},{"not_picked":["ConjureBlade+1","Establishment"],"picked":"DeusExMachina+1","floor":16},{"not_picked":["Halt+1","EmptyBody+1"],"picked":"ClearTheMind+1","floor":18},{"not_picked":["Tantrum","SandsOfTime","Crescendo+1"],"picked":"SKIP","floor":21},{"not_picked":["SashWhip","WindmillStrike+1"],"picked":"SpiritShield+1","floor":22},{"not_picked":["BattleHymn","Crescendo+1"],"picked":"DeusExMachina+1","floor":24},{"not_picked":["EmptyBody+1","Weave+1"],"picked":"LikeWater","floor":25},{"not_picked":["PathToVictory+1","Weave+1"],"picked":"CutThroughFate","floor":27},{"not_picked":["WreathOfFlame+1","Tantrum"],"picked":"LikeWater+1","floor":31}],"player_experience":1094472,"relics_obtained":[{"floor":0,"key":"Ancient Tea Set"},{"floor":0,"key":"Toxic Egg 2"},{"floor":0,"key":"StoneCalendar"},{"floor":6,"key":"Pen Nib"},{"floor":9,"key":"Happy Flower"},{"floor":13,"key":"Meat on the Bone"},{"floor":24,"key":"Bag of Preparation"},{"floor":26,"key":"Mercury Hourglass"},{"floor":27,"key":"Frozen Egg 2"}],"event_choices":[{"damage_healed":0,"gold_gain":0,"player_choice":"Fled","damage_taken":5,"max_hp_gain":0,"max_hp_loss":0,"event_name":"Scrap Ooze","floor":14,"gold_loss":0},{"damage_healed":0,"gold_gain":0,"player_choice":"Joined the Cult","damage_taken":6,"max_hp_gain":0,"max_hp_loss":0,"event_name":"Nest","floor":19,"gold_loss":0,"cards_obtained":["RitualDagger"]},{"damage_healed":0,"gold_gain":0,"player_choice":"Ignored","damage_taken":0,"max_hp_gain":0,"max_hp_loss":0,"event_name":"The Mausoleum","floor":29,"gold_loss":0}],"is_beta":false,"boss_relics":[{"not_picked":["Empty Cage","Sozu"],"picked":"Cursed Key"}],"items_purged_floors":[20],"is_endless":false,"potions_floor_spawned":[2,3,11,13,16,24,25,27],"killed_by":"Champ","ascension_level":20}}