{"host":"cd9ii0p4lcq6b7m2","time":1608686894,"event":{"mods":["BaseMod","Block Reminder","Colored Map","Highlight Path","Minty Spire (QoL Compilation)"],"gold_per_floor":[118,131,131,131,131,131,145,179,205,225,250,260,260,274,274,369,369,385,385,385,71,90,90,110,127,154,154,57,57,86,102,102,198,198,208,208,208,218,233,261,261,295,295,312,328,56,56,70,70,70],"floor_reached":51,"playtime":5287,"items_purged":["Strike_P","Defend_P"],"score":789,"play_id":"b9e3ea46-98bf-4ac7-898b-5d2302db9d8c","local_time":"20201223012814","is_ascension_mode":false,"campfire_choices":[{"data":"Judgement","floor":6.0,"key":"SMITH"},{"data":"FlurryOfBlows","floor":13.0,"key":"SMITH"},{"floor":15.0,"key":"REST"},{"data":"Vault","floor":23.0,"key":"SMITH"},{"floor":27.0,"key":"REST"},{"data":"Meditate","floor":32.0,"key":"SMITH"},{"floor":41.0,"key":"REST"},{"floor":49,"key":"RECALL"}],"circlet_count":0,"master_deck":["Strike_P+1","Strike_P+1","Defend_P+1","Defend_P+1","Eruption+1","Vigilance+1","ThirdEye+1","FearNoEvil+1","Judgement+1","Vengeance+1","Prostrate+1","Meditate+1","FlurryOfBlows+1","Vengeance+1","Vault+1","Pray+1","Prostrate+1","Prostrate+1","ClearTheMind+1","DeusExMachina+1","Transmutation+1","CutThroughFate+1"],"relics":["PureWater","Pen Nib","Strawberry","Blood Vial","Regal Pillow","Sozu","Dead Branch","Torii","Nunchaku","MutagenicStrength","InkBottle","Runic Pyramid","Oddly Smooth Stone","War Paint","Bottled Flame","Chemical X","Mark of the Bloom"],"acts_visited":["Exordium","TheCity","TheBeyond"],"potions_floor_usage":[],"damage_taken":[{"damage":7.0,"enemies":"Jaw Worm","floor":1.0,"turns":4.0},{"damage":0.0,"enemies":"2 Louse","floor":2.0,"turns":2.0},{"damage":0.0,"enemies":"Cultist","floor":7.0,"turns":1.0},{"damage":1.0,"enemies":"3 Sentries","floor":8.0,"turns":4.0},{"damage":6.0,"enemies":"Exordium Wildlife","floor":10.0,"turns":4.0},{"damage":16.0,"enemies":"Gremlin Nob","floor":11.0,"turns":3.0},{"damage":0.0,"enemies":"Large Slime","floor":12.0,"turns":4.0},{"damage":8.0,"enemies":"3 Louse","floor":14.0,"turns":3.0},{"damage":8.0,"enemies":"Slime Boss","floor":16.0,"turns":8.0},{"damage":0.0,"enemies":"Spheric Guardian","floor":18.0,"turns":1.0},{"damage":8.0,"enemies":"2 Thieves","floor":22.0,"turns":3.0},{"damage":36.0,"enemies":"Snake Plant","floor":24.0,"turns":5.0},{"damage":10.0,"enemies":"Cultist and Chosen","floor":25.0,"turns":5.0},{"damage":21.0,"enemies":"Slavers","floor":30.0,"turns":4.0},{"damage":0.0,"enemies":"Centurion and Healer","floor":31.0,"turns":6.0},{"damage":0.0,"enemies":"Collector","floor":33.0,"turns":5.0},{"damage":0.0,"enemies":"3 Darklings","floor":35.0,"turns":3.0},{"damage":25.0,"enemies":"3 Shapes","floor":38.0,"turns":3.0},{"damage":15.0,"enemies":"3 Darklings","floor":39.0,"turns":4.0},{"damage":37.0,"enemies":"Nemesis","floor":40.0,"turns":4.0},{"damage":0.0,"enemies":"Reptomancer","floor":42.0,"turns":3.0},{"damage":1,"enemies":"4 Shapes","floor":44,"turns":3},{"damage":0,"enemies":"Transient","floor":45,"turns":6},{"damage":0,"enemies":"Sphere and 2 Shapes","floor":48,"turns":1},{"damage":23,"enemies":"Donu and Deca","floor":50,"turns":6}],"seed_played":"6510785892439247323","potions_obtained":[{"floor":2.0,"key":"EntropicBrew"},{"floor":8.0,"key":"ColorlessPotion"},{"floor":10.0,"key":"BlessingOfTheForge"},{"floor":12.0,"key":"DuplicationPotion"},{"floor":16.0,"key":"EntropicBrew"}],"is_trial":false,"path_per_floor":["M","M","?","?","$","R","M","E","T","M","E","M","R","M","R","B",null,"M","?","?","$","M","R","M","M","T","R","$","?","E","M","R","B",null,"M","?","?","M","M","E","R","E","T","M","M","$","?","M","R","B",null],"character_chosen":"WATCHER","items_purchased":["Torii","Prostrate","CutThroughFate","Chemical X"],"campfire_rested":3,"item_purchase_floors":[21,28,46,46],"current_hp_per_floor":[65,65,65,65,65,65,65,71,71,67,53,55,55,49,79,71,79,79,64,64,64,58,58,24,16,16,56,56,56,37,39,39,41,84,84,84,84,59,46,11,51,53,53,54,56,56,56,56,56,33],"gold":70,"neow_bonus":"RANDOM_COMMON_RELIC","is_daily":false,"chose_seed":false,"campfire_upgraded":4,"win_rate":0.0,"timestamp":1608686894,"path_taken":["M","M","?","?","$","R","?","E","T","M","E","M","R","M","R","BOSS","M","?","?","$","M","R","?","M","T","R","$","?","E","M","R","BOSS","M","?","?","?","?","E","R","E","T","M","M","$","?","M","R","BOSS"],"items_purchased_type":["Relic","Card","Card","Relic"],"build_version":"2020-12-13","purchased_purges":2,"victory":true,"max_hp_per_floor":[72,72,72,72,72,72,72,79,79,79,79,79,79,79,79,79,79,79,84,84,84,84,84,84,84,84,84,84,84,84,84,84,84,84,84,84,84,84,84,84,84,84,84,84,84,84,84,84,84,84],"card_choices":[{"not_picked":["Evaluate","Indignation"],"picked":"ThirdEye","floor":1.0},{"not_picked":["Evaluate","FlurryOfBlows"],"picked":"FearNoEvil","floor":2.0},{"not_picked":["Weave","Adaptation"],"picked":"Vengeance","floor":7.0},{"not_picked":["EmptyBody","Perseverance"],"picked":"Prostrate","floor":8.0},{"not_picked":["Study","Evaluate","ThirdEye"],"picked":"SKIP","floor":10.0},{"not_picked":["Adaptation","Consecrate"],"picked":"Meditate","floor":11.0},{"not_picked":["Halt","PathToVictory"],"picked":"FlurryOfBlows","floor":12.0},{"not_picked":["Halt","Crescendo"],"picked":"Vengeance","floor":14.0},{"not_picked":["ConjureBlade","Judgement"],"picked":"Vault","floor":16.0},{"not_picked":["Swivel","JustLucky","WaveOfTheHand+1"],"picked":"SKIP","floor":18.0},{"not_picked":["Evaluate+1","Fasting2+1"],"picked":"Pray+1","floor":22.0},{"not_picked":["Protect+1","Nirvana+1"],"picked":"Prostrate","floor":24.0},{"not_picked":["ThirdEye","EmptyBody","CutThroughFate"],"picked":"SKIP","floor":25.0},{"not_picked":["EmptyFist","Ragnarok","FlyingSleeves+1"],"picked":"SKIP","floor":30.0},{"not_picked":["Crescendo","EmptyBody"],"picked":"ClearTheMind+1","floor":31.0},{"not_picked":["Scrawl","Judgement"],"picked":"DeusExMachina","floor":33.0},{"not_picked":["Nirvana","Worship","Fasting2"],"picked":"SKIP","floor":35.0},{"not_picked":["Enlightenment","Jack Of All Trades"],"picked":"Transmutation","floor":36.0},{"not_picked":["ClearTheMind","Halt+1","ReachHeaven+1"],"picked":"SKIP","floor":38.0},{"not_picked":["BowlingBash","SashWhip","ClearTheMind+1"],"picked":"SKIP","floor":39.0},{"not_picked":["ConjureBlade","PathToVictory","Halt"],"picked":"SKIP","floor":40.0},{"not_picked":["Ragnarok","Halt+1","Crescendo"],"picked":"SKIP","floor":42},{"not_picked":["EmptyBody","FollowUp","ReachHeaven"],"picked":"SKIP","floor":44},{"not_picked":["Weave+1","EmptyMind","PathToVictory"],"picked":"SKIP","floor":45},{"not_picked":["FlurryOfBlows","CrushJoints","Crescendo+1"],"picked":"SKIP","floor":48}],"player_experience":139784,"relics_obtained":[{"floor":8.0,"key":"Strawberry"},{"floor":9.0,"key":"Blood Vial"},{"floor":11.0,"key":"Regal Pillow"},{"floor":26.0,"key":"Nunchaku"},{"floor":30.0,"key":"InkBottle"},{"floor":40.0,"key":"Oddly Smooth Stone"},{"floor":42,"key":"War Paint"},{"floor":43,"key":"Bottled Flame"}],"event_choices":[{"damage_healed":0.0,"max_hp_gain":0.0,"max_hp_loss":0.0,"gold_gain":0.0,"cards_transformed":["Defend_P"],"event_name":"Living Wall","player_choice":"Change","floor":3.0,"gold_loss":0.0,"damage_taken":0.0,"cards_obtained":["Judgement"]},{"cards_removed":["Strike_P"],"damage_healed":0.0,"max_hp_gain":0.0,"max_hp_loss":0.0,"gold_gain":0.0,"event_name":"Wheel of Change","player_choice":"Card Removal","floor":4.0,"gold_loss":0.0,"damage_taken":0.0},{"damage_healed":0.0,"max_hp_gain":5.0,"max_hp_loss":0.0,"gold_gain":0.0,"event_name":"Forgotten Altar","player_choice":"Shed Blood","floor":19.0,"gold_loss":0.0,"damage_taken":20.0},{"damage_healed":0.0,"max_hp_gain":0.0,"max_hp_loss":0.0,"gold_gain":0.0,"event_name":"The Mausoleum","player_choice":"Opened","floor":20.0,"gold_loss":0.0,"damage_taken":0.0,"relics_obtained":["Dead Branch"]},{"damage_healed":0.0,"max_hp_gain":0.0,"max_hp_loss":0.0,"gold_gain":0.0,"event_name":"Drug Dealer","player_choice":"Inject Mutagens","floor":29.0,"gold_loss":0.0,"damage_taken":0.0,"relics_obtained":["MutagenicStrength"]},{"damage_healed":0.0,"max_hp_gain":0.0,"max_hp_loss":0.0,"gold_gain":0.0,"event_name":"SensoryStone","player_choice":"Memory 1","floor":36.0,"gold_loss":0.0,"damage_taken":0.0},{"damage_healed":0.0,"max_hp_gain":0.0,"max_hp_loss":0.0,"gold_gain":0.0,"event_name":"NoteForYourself","player_choice":"Ignored","floor":37.0,"gold_loss":0.0,"damage_taken":0.0},{"damage_healed":0,"gold_gain":0,"player_choice":"Upgrade","damage_taken":0,"relics_obtained":["Mark of the Bloom"],"max_hp_gain":0,"max_hp_loss":0,"event_name":"MindBloom","floor":47,"gold_loss":0,"cards_upgraded":["Strike_P","Strike_P","Defend_P","Defend_P","Eruption","ThirdEye","FearNoEvil","Vengeance","Vengeance","Prostrate","Prostrate","DeusExMachina","Transmutation","CutThroughFate"]}],"is_beta":false,"boss_relics":[{"not_picked":["HolyWater","Philosopher\u0027s Stone"],"picked":"Sozu"},{"not_picked":["Astrolabe","Snecko Eye"],"picked":"Runic Pyramid"}],"items_purged_floors":[28,46],"is_endless":false,"potions_floor_spawned":[2,8,10,12,16,18,24,31,39,42,48],"ascension_level":0}}