{"host":"baymyijz6sxaqj5s","time":1608712105,"event":{"mods":["AchievementEnabler","BaseMod","Colored Map","Colored Powertips","DeckTracker","KOR Keyword Fix","Keyboard Shortcuts","Minty Spire (QoL Compilation)","Quick Restart","StSLib","SuperFastMode"],"gold_per_floor":[119,129,141,160,160,160,176,176,258,273,291,307,318,318,318,418,418,400,417,89,108,120,130,130,130,157,72,22,22,34,49,49,49,49],"floor_reached":33,"playtime":1910,"items_purged":[],"score":247,"play_id":"3c2c76ee-6cbf-476b-aca2-a52c1e4d693f","local_time":"20201223172825","is_ascension_mode":false,"campfire_choices":[{"data":"Seeing Red","floor":6,"key":"SMITH"},{"data":"Shrug It Off","floor":8,"key":"SMITH"},{"data":"Shrug It Off","floor":15,"key":"SMITH"},{"floor":24,"key":"REST"},{"floor":29,"key":"REST"},{"data":"Impervious","floor":32,"key":"SMITH"}],"circlet_count":0,"master_deck":["Strike_R","Defend_R","Defend_R","Defend_R","Defend_R","Bash","Seeing Red+1","Battle Trance","Shrug It Off+1","Shrug It Off+1","Offering","Flame Barrier+1","Impervious+1","True Grit+1","Searing Blow+1","Uppercut+1","Cleave","Spot Weakness","Enlightenment","Sword Boomerang+1","Shrug It Off+1","Impatience"],"relics":["Burning Blood","InkBottle","Astrolabe","Singing Bowl","Centennial Puzzle"],"acts_visited":["Exordium","TheCity"],"potions_floor_usage":[12,12,16,19,22,23,31,33],"damage_taken":[{"damage":1,"enemies":"Jaw Worm","floor":1,"turns":5},{"damage":1,"enemies":"Cultist","floor":2,"turns":3},{"damage":7,"enemies":"Small Slimes","floor":3,"turns":5},{"damage":24,"enemies":"Exordium Thugs","floor":4,"turns":7},{"damage":4,"enemies":"Blue Slaver","floor":7,"turns":6},{"damage":3,"enemies":"2 Fungi Beasts","floor":10,"turns":4},{"damage":6,"enemies":"Red Slaver","floor":11,"turns":6},{"damage":10,"enemies":"Exordium Thugs","floor":12,"turns":7},{"damage":0,"enemies":"2 Fungi Beasts","floor":13,"turns":5},{"damage":61,"enemies":"Slime Boss","floor":16,"turns":17},{"damage":13,"enemies":"2 Thieves","floor":18,"turns":4},{"damage":20,"enemies":"Spheric Guardian","floor":19,"turns":16},{"damage":29,"enemies":"Snecko","floor":21,"turns":11},{"damage":31,"enemies":"3 Cultists","floor":22,"turns":8},{"damage":5,"enemies":"Snake Plant","floor":23,"turns":6},{"damage":22,"enemies":"Snecko","floor":30,"turns":10},{"damage":33,"enemies":"3 Cultists","floor":31,"turns":6},{"damage":69,"enemies":"Automaton","floor":33,"turns":14}],"seed_played":"-8116831323423547637","potions_obtained":[{"floor":1,"key":"Swift Potion"},{"floor":2,"key":"Regen Potion"},{"floor":7,"key":"CultistPotion"},{"floor":11,"key":"Block Potion"},{"floor":18,"key":"Regen Potion"},{"floor":21,"key":"Weak Potion"},{"floor":22,"key":"LiquidMemories"},{"floor":30,"key":"ElixirPotion"},{"floor":31,"key":"SpeedPotion"}],"is_trial":false,"path_per_floor":["M","M","M","M","?","R","M","R","T","M","M","M","M","?","R","B",null,"M","M","$","M","M","M","R","?","T","$","$","R","M","M","R","B"],"character_chosen":"IRONCLAD","items_purchased":["Singing Bowl","Enlightenment","Impatience","BloodPotion"],"campfire_rested":2,"item_purchase_floors":[20,20,27,28],"current_hp_per_floor":[88,88,87,69,62,62,64,64,64,67,67,78,84,84,84,29,88,81,81,81,58,35,36,63,63,63,63,63,90,76,69,69,0,0],"gold":49,"neow_bonus":"TEN_PERCENT_HP_BONUS","is_daily":false,"chose_seed":false,"campfire_upgraded":4,"win_rate":0.0,"timestamp":1608712105,"path_taken":["M","M","M","M","?","R","M","R","T","M","M","M","M","?","R","BOSS","M","M","$","M","M","?","R","?","T","?","$","R","?","M","R","BOSS"],"items_purchased_type":["Relic","Card","Card","Potion"],"build_version":"2020-12-22","purchased_purges":0,"victory":false,"max_hp_per_floor":[88,88,88,88,88,88,88,88,88,88,88,88,88,88,88,88,88,88,88,88,88,90,90,90,90,90,90,90,90,92,94,94,94,94],"card_choices":[{"not_picked":["Warcry","Dark Embrace"],"picked":"Seeing Red","floor":1},{"not_picked":["Havoc","Sword Boomerang","Anger"],"picked":"SKIP","floor":2},{"not_picked":["Clash","Blood for Blood"],"picked":"Battle Trance","floor":3},{"not_picked":["Headbutt","Twin Strike"],"picked":"Shrug It Off","floor":4},{"not_picked":["Feel No Pain","Pommel Strike","Hemokinesis"],"picked":"SKIP","floor":7},{"not_picked":["Cleave","Battle Trance"],"picked":"Shrug It Off","floor":10},{"not_picked":["Feel No Pain","Dual Wield","Evolve"],"picked":"SKIP","floor":11},{"not_picked":["Searing Blow","Wild Strike"],"picked":"Offering","floor":12},{"not_picked":["Havoc","Cleave"],"picked":"Flame Barrier","floor":13},{"not_picked":["Limit Break","Berserk"],"picked":"Impervious","floor":16},{"not_picked":["True Grit+1","Second Wind+1"],"picked":"Cleave","floor":18},{"not_picked":["Perfected Strike","Clothesline+1"],"picked":"Spot Weakness","floor":19},{"not_picked":["Blood for Blood","Warcry+1"],"picked":"Sword Boomerang+1","floor":21},{"not_picked":["Armaments","Clash","Perfected Strike"],"picked":"Singing Bowl","floor":22},{"not_picked":["Wild Strike","Seeing Red"],"picked":"Shrug It Off+1","floor":23},{"not_picked":["Sever Soul+1","Evolve","Havoc+1"],"picked":"Singing Bowl","floor":30},{"not_picked":["Perfected Strike+1","Rampage","Shrug It Off+1"],"picked":"Singing Bowl","floor":31}],"player_experience":191573,"relics_obtained":[{"floor":9,"key":"InkBottle"},{"floor":26,"key":"Centennial Puzzle"}],"event_choices":[{"cards_removed":["Strike_R"],"damage_healed":0,"gold_gain":0,"player_choice":"Card Removal","damage_taken":7,"max_hp_gain":0,"max_hp_loss":0,"event_name":"Golden Wing","floor":5,"gold_loss":0},{"damage_healed":0,"gold_gain":0,"player_choice":"Upgraded","damage_taken":0,"max_hp_gain":0,"max_hp_loss":0,"event_name":"Upgrade Shrine","floor":14,"gold_loss":0,"cards_upgraded":["Flame Barrier"]},{"damage_healed":0,"gold_gain":0,"player_choice":"Ignored","damage_taken":0,"max_hp_gain":0,"max_hp_loss":0,"event_name":"Ghosts","floor":25,"gold_loss":0}],"is_beta":false,"boss_relics":[{"not_picked":["Cursed Key","Philosopher\u0027s Stone"],"picked":"Astrolabe"}],"items_purged_floors":[],"is_endless":false,"potions_floor_spawned":[1,2,7,11,18,21,22,30,31],"killed_by":"Automaton","ascension_level":0}}