{"host":"nox","time":1608694646,"event":{"mods":["Aspiration","BaseMod","Better Third Choice","Colored Powertips","Conspire","Hubris","Infinite Spire","Minty Spire (QoL Compilation)","Quick Restart","Rare Cards Sparkle","Replay The Spire","Shop Mod","Spikes Relics","StSLib","SuperFastMode","The Alterego","vexMod"],"gold_per_floor":[118,137,151,348,367,367,398,398,398,83,116,147,177,214,226,341,353,384,415,427,349,378,390,437,449,507,553,565,606,631,655,667,784,796,819,841,863,885,910,948,960,1004,1016,1057,1069,1081,1111,1138,1150,1162,1162],"floor_reached":50,"playtime":2543,"items_purged":[],"score":824,"play_id":"3a5e6305-f445-47f2-a98b-d492b946cccc","local_time":"20201223103726","is_ascension_mode":true,"campfire_choices":[{"data":"Dagger Spray","floor":6.0,"key":"SMITH"},{"data":"Neutralize","floor":8.0,"key":"SMITH"},{"floor":15.0,"key":"RECALL"},{"data":"Envenom","floor":23.0,"key":"SMITH"},{"data":"Skewer","floor":25.0,"key":"SMITH"},{"floor":28.0,"key":"REST"},{"floor":32.0,"key":"REST"},{"floor":41.0,"key":"REST"},{"floor":49,"key":"REST"}],"circlet_count":0,"master_deck":["Strike_G+1","Strike_G","Strike_G","Strike_G","Defend_G","Defend_G","Defend_G","Defend_G","Defend_G","Survivor","Neutralize+1","Dagger Spray+1","Quick Slash","Quick Slash","Envenom+1","ReplayTheSpireMod:From All Sides","aspiration:Lunge+1","Skewer+1","Die Die Die","Slice","Sucker Punch+1","Riddle With Holes+1","aspiration:Lunge","Flying Knee+1","Slice","After Image","ReplayTheSpireMod:From All Sides","Flying Knee+1","After Image"],"relics":["Ring of the Snake","hubris:Metronome","aspiration:HummingbirdHeart","vexMod:HeadHunter","MawBank","hubris:64BitClover","aspiration:SecretTechniqueScroll","infinitespire:WardingShard","SnailShell","CaptainsWheel","aspiration:StickyExplosives_weak","Black Star","Replay:Mystery Machine","conspire:DeflatedDodgeball","Rawhide","GiantMaggot","Centennial Puzzle","Girya","conspire:TopHat","Gremlin Food"],"acts_visited":["Exordium","TheCity","TheBeyond"],"potions_floor_usage":[50,50],"damage_taken":[{"damage":0.0,"enemies":"2 Louse","floor":1.0,"turns":2.0},{"damage":0.0,"enemies":"Small Slimes","floor":2.0,"turns":2.0},{"damage":1.0,"enemies":"Cultist","floor":3.0,"turns":3.0},{"damage":0.0,"enemies":"Gremlin Gang","floor":5.0,"turns":3.0},{"damage":10.0,"enemies":"3 Sentries","floor":7.0,"turns":8.0},{"damage":15.0,"enemies":"Lagavulin","floor":11.0,"turns":5.0},{"damage":0.0,"enemies":"2 Fungi Beasts","floor":12.0,"turns":2.0},{"damage":0.0,"enemies":"Looter","floor":13.0,"turns":1.0},{"damage":0.0,"enemies":"3 Sentries","floor":14.0,"turns":2.0},{"damage":22.0,"enemies":"Fading Forest","floor":16.0,"turns":11.0},{"damage":0.0,"enemies":"Chosen","floor":18.0,"turns":3.0},{"damage":0.0,"enemies":"Spheric Guardian","floor":19.0,"turns":1.0},{"damage":0.0,"enemies":"Snecko","floor":22.0,"turns":2.0},{"damage":28.0,"enemies":"Gremlin Leader","floor":24.0,"turns":4.0},{"damage":8.0,"enemies":"Slavers","floor":27.0,"turns":2.0},{"damage":20.0,"enemies":"Book of Stabbing","floor":29.0,"turns":4.0},{"damage":1.0,"enemies":"Cultist and Chosen","floor":30.0,"turns":3.0},{"damage":0.0,"enemies":"Sentry and Sphere","floor":31.0,"turns":2.0},{"damage":4.0,"enemies":"Collector","floor":33.0,"turns":4.0},{"damage":31.0,"enemies":"3 Shapes","floor":35.0,"turns":2.0},{"damage":13.0,"enemies":"3 Darklings","floor":36.0,"turns":3.0},{"damage":10.0,"enemies":"4 Shapes","floor":37.0,"turns":2.0},{"damage":0.0,"enemies":"Transient","floor":38.0,"turns":5.0},{"damage":0.0,"enemies":"Sphere and 2 Shapes","floor":39.0,"turns":1.0},{"damage":0.0,"enemies":"Nemesis","floor":40.0,"turns":3.0},{"damage":10.0,"enemies":"R_Hoarder","floor":42.0,"turns":5.0},{"damage":27.0,"enemies":"Nemesis","floor":44.0,"turns":7.0},{"damage":0,"enemies":"Spire Growth","floor":47,"turns":4},{"damage":0,"enemies":"Maw","floor":48,"turns":6},{"damage":34,"enemies":"hubris:GrandSnecko","floor":50,"turns":10}],"seed_played":"630098300027056652","potions_obtained":[{"floor":1.0,"key":"EssenceOfSteel"},{"floor":2.0,"key":"Energy Potion"},{"floor":11.0,"key":"Venom Potion"},{"floor":12.0,"key":"Strength Potion"},{"floor":13.0,"key":"SkillPotion"},{"floor":16.0,"key":"Dexterity Potion"},{"floor":19.0,"key":"Ancient Potion"},{"floor":31.0,"key":"Venom Potion"},{"floor":36.0,"key":"Reflective Coating"},{"floor":38.0,"key":"Adrenaline Potion"},{"floor":47,"key":"Block Potion"}],"is_trial":false,"path_per_floor":["M","M","M","?","M","R","E","R","T","$","E","M","M","E","R","B",null,"M","M","$","?","M","R","E","R","T","E","R","E","M","M","R","B",null,"M","M","M","M","M","E","R","E","T","E","?","?","M","M","R","B"],"character_chosen":"THE_SILENT","items_purchased":["vexMod:HeadHunter"],"campfire_rested":4,"item_purchase_floors":[10],"current_hp_per_floor":[77,77,76,57,57,57,47,47,47,47,32,32,32,32,32,18,77,77,77,77,77,77,77,49,49,49,41,64,44,43,43,66,62,77,46,33,23,23,23,23,46,36,36,9,9,9,9,9,32,0,0],"gold":1162,"neow_bonus":"TEN_PERCENT_HP_BONUS","is_daily":false,"chose_seed":false,"campfire_upgraded":4,"win_rate":0.0,"timestamp":1608694646,"path_taken":["M","M","M","?","M","R","E","R","T","$","E","M","M","E","R","BOSS","M","M","$","?","?","R","E","R","T","E","R","E","?","M","R","BOSS","M","M","M","M","M","E","R","E","T","E","?","?","M","M","R","BOSS"],"items_purchased_type":["Relic"],"build_version":"2020-11-17","purchased_purges":0,"victory":false,"max_hp_per_floor":[77,77,77,77,77,77,77,77,77,77,77,77,77,77,77,77,77,77,77,77,77,77,77,77,77,77,77,77,77,77,77,77,77,77,77,77,77,77,77,77,77,77,77,77,77,77,77,77,77,77,77],"card_choices":[{"not_picked":["Outmaneuver","Sneak Up"],"picked":"Dagger Spray","floor":1.0},{"not_picked":["ReplayTheSpireMod:Speed Training","Deadly Poison","Blade Dance"],"picked":"SKIP","floor":2.0},{"not_picked":["Catalyst","Cloak And Dagger"],"picked":"Quick Slash","floor":3.0},{"not_picked":["Masterful Stab","Slice"],"picked":"Quick Slash","floor":5.0},{"not_picked":["Deflect","Sucker Punch","Prepared"],"picked":"SKIP","floor":7.0},{"not_picked":["Night Terror","Wraith Form v2"],"picked":"Envenom","floor":11.0},{"not_picked":["PiercingWail","hubris:SlightOfHand","Poisoned Stab"],"picked":"SKIP","floor":11.0},{"not_picked":["PiercingWail","hubris:SlightOfHand","Poisoned Stab"],"picked":"SKIP","floor":11.0},{"not_picked":["Tactician","Finisher","Sucker Punch"],"picked":"SKIP","floor":12.0},{"not_picked":["Catalyst","infinitespire:Neurotoxin","Dagger Throw"],"picked":"SKIP","floor":13.0},{"not_picked":["Burst","Phantasmal Killer"],"picked":"ReplayTheSpireMod:From All Sides","floor":14.0},{"not_picked":["Dagger Throw","Replay:Poison Smokescreen","Acrobatics"],"picked":"SKIP","floor":14.0},{"not_picked":["Replay:Bag of Tricks","Atom Bomb"],"picked":"aspiration:Lunge","floor":16.0},{"not_picked":["Sucker Punch","Cloak And Dagger","Prepared"],"picked":"SKIP","floor":18.0},{"not_picked":["Blade Dance+1","PiercingWail+1","conspire:PoisonWeapons"],"picked":"SKIP","floor":19.0},{"not_picked":["Hidden Blade","hubris:TrickCloak+1","Dodge and Roll+1"],"picked":"SKIP","floor":22.0},{"not_picked":["Flying Knee","Tactician+1"],"picked":"Skewer","floor":24.0},{"not_picked":["Corpse Explosion","Replay:Bag of Tricks","Bullet Time"],"picked":"SKIP","floor":24.0},{"not_picked":["Backflip+1","Outmaneuver+1","Tools of the Trade"],"picked":"SKIP","floor":27.0},{"not_picked":["Bullet Time","Doppelganger"],"picked":"Die Die Die","floor":29.0},{"not_picked":["PiercingWail","Acrobatics+1"],"picked":"Slice","floor":29.0},{"not_picked":["Poisoned Stab","Deadly Poison"],"picked":"Sucker Punch+1","floor":30.0},{"not_picked":["Prepared","conspire:PoisonWeapons"],"picked":"Riddle With Holes+1","floor":31.0},{"not_picked":["Envenom","Wraith Form v2"],"picked":"aspiration:Lunge","floor":33.0},{"not_picked":["Accuracy","Deadly Poison","Toxin Wave"],"picked":"SKIP","floor":35.0},{"not_picked":["hubris:TrickCloak+1","Poisoned Stab+1"],"picked":"Flying Knee+1","floor":36.0},{"not_picked":["Underhanded Strike","hubris:SlightOfHand","Riddle With Holes+1"],"picked":"SKIP","floor":37.0},{"not_picked":["ReplayTheSpireMod:Scrap Shanks+1","Prepared+1","Blade Dance+1"],"picked":"SKIP","floor":38.0},{"not_picked":["Bane","Blade Dance"],"picked":"Slice","floor":39.0},{"not_picked":["Die Die Die","Adrenaline","aspiration:Lunge"],"picked":"SKIP","floor":40.0},{"not_picked":["Fluid Movement","Sneak Up","After Image"],"picked":"SKIP","floor":40.0},{"not_picked":["Fluid Movement","Sneak Up"],"picked":"After Image","floor":40.0},{"not_picked":["Die Die Die","Adrenaline","aspiration:Lunge"],"picked":"SKIP","floor":40.0},{"not_picked":["infinitespire:Neurotoxin","Atom Bomb"],"picked":"ReplayTheSpireMod:From All Sides","floor":42.0},{"not_picked":["ShadowRift+1","hubris:SlightOfHand"],"picked":"Flying Knee+1","floor":42.0},{"not_picked":["Phantasmal Killer","Unload"],"picked":"After Image","floor":44.0},{"not_picked":["Prepared","Underhanded Strike","hubris:SlightOfHand"],"picked":"SKIP","floor":44.0},{"not_picked":["Blur","Masterful Stab","Cloak And Dagger+1"],"picked":"SKIP","floor":47},{"not_picked":["Masterful Stab+1","hubris:SlightOfHand","ReplayTheSpireMod:Tripwire+1"],"picked":"SKIP","floor":48}],"player_experience":232232,"relics_obtained":[{"floor":7.0,"key":"hubris:Metronome"},{"floor":9.0,"key":"aspiration:HummingbirdHeart"},{"floor":11.0,"key":"MawBank"},{"floor":14.0,"key":"hubris:64BitClover"},{"floor":24.0,"key":"infinitespire:WardingShard"},{"floor":27.0,"key":"SnailShell"},{"floor":29.0,"key":"CaptainsWheel"},{"floor":33.0,"key":"aspiration:StickyExplosives_weak"},{"floor":40.0,"key":"Replay:Mystery Machine"},{"floor":40.0,"key":"conspire:DeflatedDodgeball"},{"floor":42.0,"key":"Rawhide"},{"floor":42.0,"key":"GiantMaggot"},{"floor":43.0,"key":"Centennial Puzzle"},{"floor":44.0,"key":"Girya"},{"floor":44.0,"key":"conspire:TopHat"},{"floor":48,"key":"Gremlin Food"}],"event_choices":[{"cards_removed":["Strike_G"],"damage_healed":0.0,"max_hp_gain":0.0,"max_hp_loss":0.0,"gold_gain":0.0,"event_name":"Designer","player_choice":"Upgrade and Remove","floor":21.0,"gold_loss":90.0,"damage_taken":0.0,"cards_upgraded":["aspiration:Lunge"]},{"damage_healed":0,"gold_gain":0,"player_choice":"Memory 1","damage_taken":0,"max_hp_gain":0,"max_hp_loss":0,"event_name":"SensoryStone","floor":46,"gold_loss":0}],"is_beta":true,"boss_relics":[{"not_picked":["WristBlade","conspire:RoyalGoblet"],"picked":"aspiration:SecretTechniqueScroll"},{"not_picked":["Ring of Chaos","aspiration:DefectSkillbook"],"picked":"Black Star"}],"items_purged_floors":[],"is_endless":false,"potions_floor_spawned":[1,2,11,12,13,16,19,22,24,31,36,38,47],"killed_by":"hubris:GrandSnecko","ascension_level":4}}