{"host":"wh4j7ne8ji3b7qqv","time":1608742378,"event":{"mods":["AchievementEnabler","BaseMod","Colored Map","Downfall","Minty Spire (QoL Compilation)","StSLib"],"gold_per_floor":[10,21,32,32,207,239,239,257,280,298,330,101,115,15,15,117,117,133,146,245,258,278,278,304,12,61,61,0,0,0,13,13,13,13],"floor_reached":33,"playtime":1681,"items_purged":["Strike_P","Defend_P"],"score":302,"play_id":"e9177916-525e-4325-9bc5-0c6a23a57808","local_time":"20201223175258","is_ascension_mode":false,"campfire_choices":[{"data":"BattleHymn","floor":7,"key":"SMITH"},{"floor":15,"key":"REST"},{"floor":23,"key":"REST"},{"floor":27,"key":"RECALL"},{"data":"JustLucky","floor":32,"key":"SMITH"}],"circlet_count":0,"master_deck":["Strike_P","Defend_P","Defend_P","Eruption","Vigilance","FollowUp","CutThroughFate","BowlingBash","Doubt","BattleHymn+1","Pray","FlurryOfBlows","Halt","ReachHeaven","ConjureBlade","JustLucky+1","PathToVictory","Swivel+1","Crescendo+1"],"relics":["PureWater","Anchor","Strawberry","Orichalcum","Juzu Bracelet","Busted Crown","Dream Catcher","Oddly Smooth Stone","Lee\u0027s Waffle","Blood Vial","Smiling Mask"],"acts_visited":["Exordium","TheCity"],"potions_floor_usage":[11,16,21,33],"damage_taken":[{"damage":0.0,"enemies":"Jaw Worm","floor":1.0,"turns":3.0},{"damage":2.0,"enemies":"Small Slimes","floor":2.0,"turns":3.0},{"damage":0.0,"enemies":"2 Louse","floor":3.0,"turns":2.0},{"damage":13,"enemies":"3 Sentries","floor":6,"turns":6},{"damage":5,"enemies":"Looter","floor":8,"turns":3},{"damage":0,"enemies":"Gremlin Gang","floor":10,"turns":2},{"damage":0,"enemies":"Lagavulin","floor":11,"turns":4},{"damage":9,"enemies":"Lots of Slimes","floor":13,"turns":4},{"damage":52,"enemies":"The Guardian","floor":16,"turns":7},{"damage":1,"enemies":"Shell Parasite","floor":18,"turns":3},{"damage":6,"enemies":"3 Byrds","floor":19,"turns":4},{"damage":8,"enemies":"3 Cultists","floor":21,"turns":3},{"damage":46,"enemies":"Sentry and Sphere","floor":22,"turns":4},{"damage":2,"enemies":"Gremlin Leader","floor":24,"turns":5},{"damage":22,"enemies":"Chosen and Byrds","floor":31,"turns":7},{"damage":68,"enemies":"Automaton","floor":33,"turns":6}],"seed_played":"-5400070063283539508","potions_obtained":[{"floor":2.0,"key":"sneckomod:MuddlingPotion"},{"floor":3.0,"key":"SkillPotion"},{"floor":8,"key":"FearPotion"},{"floor":11,"key":"sneckomod:MuddlingPotion"},{"floor":13,"key":"SpeedPotion"},{"floor":18,"key":"BlessingOfTheForge"},{"floor":22,"key":"Dexterity Potion"}],"is_trial":false,"path_per_floor":["M","M","M","?","?","E","R","M","T","M","E","$","M","$","R","B",null,"M","M","?","M","M","R","E","$","T","R","?","?","T","M","R","B"],"character_chosen":"WATCHER","items_purchased":["Juzu Bracelet","Oddly Smooth Stone","Lee\u0027s Waffle"],"campfire_rested":2,"item_purchase_floors":[12,25,25],"current_hp_per_floor":[72,70,70,70,70,57,57,52,59,59,59,59,50,50,73,21,79,78,72,72,64,18,41,39,86,86,86,86,86,86,64,64,0,0],"gold":13,"neow_bonus":"REMOVE_TWO","is_daily":false,"chose_seed":false,"campfire_upgraded":2,"win_rate":0.0,"timestamp":1608742378,"path_taken":["M","M","M","?","?","E","R","M","T","M","E","$","M","?","R","BOSS","M","M","?","M","M","R","E","$","T","R","?","?","?","M","R","BOSS"],"items_purchased_type":["Relic","Relic","Relic"],"build_version":"2020-12-22","purchased_purges":2,"victory":false,"max_hp_per_floor":[72,72,72,72,72,72,72,72,79,79,79,79,79,79,79,79,79,79,79,79,79,79,79,79,86,86,86,86,86,86,86,86,86,86],"card_choices":[{"not_picked":["FearNoEvil","Study"],"picked":"FollowUp","floor":1.0},{"not_picked":["Study","EmptyFist"],"picked":"CutThroughFate","floor":2.0},{"not_picked":["CutThroughFate","EmptyBody"],"picked":"BowlingBash","floor":3.0},{"not_picked":["Adaptation","Evaluate"],"picked":"BattleHymn","floor":6},{"not_picked":["Crescendo","FlurryOfBlows"],"picked":"Pray","floor":8},{"not_picked":["Vault","Collect"],"picked":"FlurryOfBlows","floor":10},{"not_picked":["WaveOfTheHand","DeceiveReality"],"picked":"Halt","floor":11},{"not_picked":["PathToVictory","JustLucky"],"picked":"ReachHeaven","floor":13},{"not_picked":["Brilliance","DeusExMachina"],"picked":"ConjureBlade","floor":16},{"not_picked":[],"picked":"JustLucky","floor":18},{"not_picked":[],"picked":"PathToVictory","floor":19},{"not_picked":["CrushJoints"],"picked":"SKIP","floor":21},{"not_picked":[],"picked":"Swivel+1","floor":22},{"not_picked":["ThirdEye+1"],"picked":"SKIP","floor":24},{"not_picked":[],"picked":"Crescendo+1","floor":31}],"player_experience":37127,"relics_obtained":[{"floor":6,"key":"Anchor"},{"floor":9,"key":"Strawberry"},{"floor":11,"key":"Orichalcum"},{"floor":24,"key":"Dream Catcher"},{"floor":26,"key":"Blood Vial"}],"event_choices":[{"cards_removed":["Strike_P"],"damage_healed":0.0,"max_hp_gain":0.0,"max_hp_loss":0.0,"gold_gain":0.0,"event_name":"Living Wall","player_choice":"Forget","floor":4.0,"gold_loss":0.0,"damage_taken":0.0},{"damage_healed":0.0,"max_hp_gain":0.0,"max_hp_loss":0.0,"gold_gain":175.0,"event_name":"Liars Game","player_choice":"AGREE","floor":5.0,"gold_loss":0.0,"damage_taken":0.0,"cards_obtained":["Doubt"]},{"damage_healed":0,"gold_gain":99,"player_choice":"Stole From Cult","damage_taken":0,"max_hp_gain":0,"max_hp_loss":0,"event_name":"Nest","floor":20,"gold_loss":0},{"damage_healed":0,"gold_gain":0,"player_choice":"Paid Fearfully","damage_taken":0,"max_hp_gain":0,"max_hp_loss":0,"event_name":"Masked Bandits","floor":28,"gold_loss":61},{"damage_healed":0,"gold_gain":0,"player_choice":"Opened","damage_taken":0,"relics_obtained":["Smiling Mask"],"max_hp_gain":0,"max_hp_loss":0,"event_name":"The Mausoleum","floor":29,"gold_loss":0}],"is_beta":false,"boss_relics":[{"not_picked":["Empty Cage","Fusion Hammer"],"picked":"Busted Crown"}],"items_purged_floors":[12,14],"is_endless":false,"potions_floor_spawned":[2,3,8,11,13,18,22],"killed_by":"Automaton","ascension_level":0}}