{"host":"v9ordiuf4xzdpttp","time":1608689891,"event":{"mods":["AchievementEnabler","Act Like it!","AlwaysNeverKeys","Aspiration","BaseMod","Better Third Choice","Better Vampires","BetterRewards","Colored Map","Conspire","Dio Mod","Downfall","Energized Spire","Gold Saver","GungeonMod","Hubris","Infinite Spire","Marked Mod","Melee Mod","Minty Spire (QoL Compilation)","Pale of the Ancients","Remove Card Discount Mod","Replay The Spire","SOS???????","Shop Mod","Small Relic Pack","Spicy Shops","StSLib","The Bladedancer","The Bug Knight","The Construct","The Hayseed","The Runesmith","The Servant 0.9.4","The Wild Card","???Mod??????Boss","??????REMEMod"],"gold_per_floor":[2837,856,874,892,910,944,944,69,145,145,145,165,184,198,198,302,302,322,247,261,261,281,313,313,344,367,42,52,68,91,33,33,132,132,155,179,201,201,201,201,225,269,269,317,341,380,380,380,380,380,380,380,380],"floor_reached":52,"playtime":8788,"items_purged":["Bash","REME_SingleHolding","Defend_R","Strike_R","Strike_R","Strike_R","Strike_R","Strike_R","DemoMod:Deposit","Havoc","Dark Embrace","Clash+1","Feel No Pain","Defend_R","The Bomb"],"score":1059,"play_id":"48552254-67ad-4af4-9c1b-f7c291b74c2b","local_time":"20201222211811","is_ascension_mode":true,"campfire_choices":[{"data":"DemoMod:Invincible","floor":7.0,"key":"SMITH"},{"floor":11.0,"key":"REST"},{"floor":15.0,"key":"RECALL"},{"floor":24.0,"key":"REST"},{"floor":32.0,"key":"REST"},{"floor":43,"key":"REST"},{"floor":49,"key":"REST"},{"floor":51,"key":"REST"}],"circlet_count":0,"master_deck":["Defend_R+1","Spot Weakness","DemoMod:Invincible+1","Double Tap","Double Tap","Reaper","Armaments","Anger","Eclipse","Anger","REME_Fury","ReplayTheSpireMod:Muscle Training","Feel No Pain","ReplayTheSpireMod:Muscle Training+1","Offering","Metallicize+1","Parasite","Headbutt","Metallicize","infinitespire:Starlight"],"relics":["Burning Blood","REME_ComplimentaryCards","Nunchaku","ClockworkSouvenir","Bird Faced Urn","MerchantsRug","Pear","aspiration:Nostalgia","Ring of the Snake","Counterbalance","DemoMod:GnawedKey","Pen Nib","Lee\u0027s Waffle","DemoMod:Bottle","aspiration:Lifesprig","REME_HourglassOfDeath","relicPack:DSword","Fusion Hammer","Pet Ghost","Runesmith:AutoHammer","hubris:TenFootPole","Red Skull","infinitespire:EvilPickle","Sozu","War Paint","Ginger","Bag of Preparation","REME_HandOfSuture","conspire:SlowCooker"],"acts_visited":["Exordium","TheCity","TheBeyond"],"potions_floor_usage":[36,42,42],"damage_taken":[{"damage":14.0,"enemies":"Small Slimes","floor":1.0,"turns":3.0},{"damage":5.0,"enemies":"2 Louse","floor":3.0,"turns":6.0},{"damage":15.0,"enemies":"infinitespire:Voidling","floor":4.0,"turns":3.0},{"damage":10.0,"enemies":"Large Slime","floor":5.0,"turns":5.0},{"damage":22.0,"enemies":"Replay:BlueRogue","floor":6.0,"turns":7.0},{"damage":20.0,"enemies":"Lots of Slimes","floor":12.0,"turns":4.0},{"damage":22.0,"enemies":"Blue Slaver","floor":13.0,"turns":3.0},{"damage":21.0,"enemies":"2 Fungi Beasts","floor":14.0,"turns":4.0},{"damage":12.0,"enemies":"Slime Boss","floor":16.0,"turns":8.0},{"damage":27.0,"enemies":"2 Thieves","floor":18.0,"turns":3.0},{"damage":8.0,"enemies":"Chosen","floor":20.0,"turns":4.0},{"damage":43.0,"enemies":"Shelled Parasite and Fungi","floor":22.0,"turns":4.0},{"damage":68.0,"enemies":"Gremlin Leader","floor":23.0,"turns":5.0},{"damage":38.0,"enemies":"Book of Stabbing","floor":25.0,"turns":5.0},{"damage":12.0,"enemies":"Chosen and Byrds","floor":28.0,"turns":5.0},{"damage":20.0,"enemies":"Snake Plant","floor":29.0,"turns":4.0},{"damage":27.0,"enemies":"Pondfish","floor":33.0,"turns":7.0},{"damage":23,"enemies":"3 Darklings","floor":35,"turns":4},{"damage":16,"enemies":"3 Shapes","floor":36,"turns":2},{"damage":22,"enemies":"Transient","floor":37,"turns":5},{"damage":21,"enemies":"Writhing Mass","floor":41,"turns":4},{"damage":49,"enemies":"Reptomancer","floor":42,"turns":4},{"damage":70,"enemies":"Nightmare","floor":44,"turns":6},{"damage":9,"enemies":"Maw","floor":46,"turns":4},{"damage":171,"enemies":"Time Eater","floor":52,"turns":16}],"seed_played":"-1858492457925975991","potions_obtained":[{"floor":1.0,"key":"Adrenaline Potion"},{"floor":3.0,"key":"Weak Potion"},{"floor":14.0,"key":"SkillPotion"},{"floor":20.0,"key":"Slimebound:ThreeZeroPotion"},{"floor":23.0,"key":"Guardian:BlockOnCardUsePotion"},{"floor":33.0,"key":"AttackPotion"}],"is_trial":false,"path_per_floor":["M","$","M","M","M","E","R","$","T","?","R","M","M","M","R","B",null,"M","?","M","?","M","E","R","E","T","$","M","M","T","$","R","B",null,"M","M","M","PTL","PTL","?","M","E","R","NM","T","M","AVR","?","R","?","R","B"],"character_chosen":"IRONCLAD","items_purchased":["Feel No Pain","Nunchaku","ClockworkSouvenir","Bird Faced Urn","MerchantsRug","Pear","DemoMod:Invincible","Double Tap","aspiration:Nostalgia","Counterbalance","DemoMod:GnawedKey","Lee\u0027s Waffle","Dark Embrace","Havoc","DemoMod:Deposit","DemoMod:Bottle","aspiration:Lifesprig","DemoMod:Spice","Feel No Pain","ReplayTheSpireMod:Muscle Training","hubris:TenFootPole","Energy Potion"],"campfire_rested":6,"item_purchase_floors":[2,2,2,2,2,2,2,2,2,2,2,8,8,8,8,8,8,8,27,27,27,31],"current_hp_per_floor":[69,79,82,75,89,92,92,102,102,67,97,90,83,87,87,100,100,81,81,91,91,71,13,43,37,37,37,44,45,45,45,76,84,99,93,104,103,103,103,103,97,71,102,41,41,46,46,46,77,77,104,0,0],"gold":380,"neow_bonus":"RANDOM_EVENT","is_daily":false,"chose_seed":false,"campfire_upgraded":1,"win_rate":0.0,"timestamp":1608689891,"path_taken":["M","$","M","M","M","E","R","$","T","?","R","M","M","M","R","BOSS","M","?","M","?","M","E","R","E","T","$","M","M","?","$","R","BOSS","M","?","M","PTL","PTL","?","M","E","R","NM","T","?","AVR","?","R","?","R","BOSS"],"items_purchased_type":["Card","Relic","Relic","Relic","Relic","Relic","Card","Card","Relic","Relic","Relic","Relic","Card","Card","Card","Relic","Relic","Card","Card","Card","Relic","Potion"],"build_version":"2020-12-13","purchased_purges":15,"victory":false,"max_hp_per_floor":[85,95,95,95,95,95,95,102,102,102,102,102,102,102,102,100,100,100,100,100,100,102,102,102,104,104,104,104,104,104,104,104,104,104,104,104,104,104,104,104,104,104,104,104,104,104,104,104,104,104,104,104,104],"card_choices":[{"not_picked":["Feel No Pain","Burning Pact"],"picked":"Spot Weakness","floor":1.0},{"not_picked":["Searing Blow","Thunderclap"],"picked":"REME_SingleHolding","floor":3.0},{"not_picked":["Flex","Spot Weakness"],"picked":"Reaper","floor":4.0},{"not_picked":["Flame Barrier","DemoMod:BlackBlade","hubris:ReadiedAction"],"picked":"SKIP","floor":5.0},{"not_picked":["Evolve","Entrench","Power Through"],"picked":"SKIP","floor":6.0},{"not_picked":["REME_SingleHolding","Clash","Body Slam"],"picked":"SKIP","floor":12.0},{"not_picked":["Wild Strike","Run Through"],"picked":"Armaments","floor":13.0},{"not_picked":["Feed","Life Link"],"picked":"Anger","floor":14.0},{"not_picked":["Berserk","Immolate"],"picked":"Eclipse","floor":16.0},{"not_picked":["Perfected Strike","Replay:Undeath\u0027s Touch+1"],"picked":"Clash+1","floor":18.0},{"not_picked":["DemoMod:Spice","DemoMod:Spice","Run Through"],"picked":"SKIP","floor":20.0},{"not_picked":["Pommel Strike","Warcry"],"picked":"Anger","floor":22.0},{"not_picked":["hubris:SharpeningStone","Havoc+1"],"picked":"REME_Fury","floor":23.0},{"not_picked":["Entrench+1","Clothesline"],"picked":"ReplayTheSpireMod:Muscle Training","floor":25.0},{"not_picked":["Wild Strike","Iron Wave","Combust"],"picked":"SKIP","floor":28.0},{"not_picked":["Sentinel","hubris:ReadiedAction+1","Disarm+1"],"picked":"SKIP","floor":29.0},{"not_picked":["Corruption","hubris:StunningStrike"],"picked":"Offering","floor":33.0},{"not_picked":["Body Slam+1","Perfected Strike+1","Warcry"],"picked":"SKIP","floor":35},{"not_picked":["Rage+1","Armaments+1"],"picked":"Metallicize+1","floor":36},{"not_picked":["ReplayTheSpireMod:Strike From Hell","Reaper","Clash+1"],"picked":"SKIP","floor":37},{"not_picked":["Warcry+1","Clash+1"],"picked":"Headbutt","floor":41},{"not_picked":["Defy Death+1","Iron Wave"],"picked":"Metallicize","floor":42},{"not_picked":["Bloodletting+1","Hemokinesis+1","Feel No Pain"],"picked":"SKIP","floor":44},{"not_picked":["Perfected Strike+1","Pommel Strike+1","Replay:Undeath\u0027s Touch"],"picked":"SKIP","floor":46}],"player_experience":208099,"relics_obtained":[{"floor":6.0,"key":"Pen Nib"},{"floor":9.0,"key":"REME_HourglassOfDeath"},{"floor":23.0,"key":"Pet Ghost"},{"floor":25.0,"key":"Runesmith:AutoHammer"},{"floor":30.0,"key":"Red Skull"},{"floor":42,"key":"War Paint"},{"floor":44,"key":"Ginger"},{"floor":45,"key":"Bag of Preparation"}],"event_choices":[{"damage_healed":0.0,"max_hp_gain":5.0,"max_hp_loss":0.0,"gold_gain":0.0,"event_name":"Big Fish","player_choice":"Donut","floor":0.0,"gold_loss":0.0,"damage_taken":0.0},{"cards_removed":["DemoMod:Spice"],"damage_healed":0.0,"max_hp_gain":0.0,"max_hp_loss":0.0,"gold_gain":0.0,"event_name":"Beggar","player_choice":"Gave Gold","floor":19.0,"gold_loss":75.0,"damage_taken":0.0},{"damage_healed":0.0,"max_hp_gain":0.0,"max_hp_loss":0.0,"gold_gain":0.0,"event_name":"Vampires","player_choice":"Ignored","floor":21.0,"gold_loss":0.0,"damage_taken":0.0},{"cards_removed":["Defend_R"],"damage_healed":0,"gold_gain":0,"player_choice":"Offered Basic","damage_taken":0,"max_hp_gain":0,"max_hp_loss":0,"event_name":"Bonfire Elementals","floor":40,"gold_loss":0},{"damage_healed":0,"gold_gain":0,"player_choice":"Ignored","damage_taken":0,"max_hp_gain":0,"max_hp_loss":0,"event_name":"Mysterious Sphere","floor":48,"gold_loss":0}],"is_beta":false,"boss_relics":[{"not_picked":["Runic Dome","REME_DemonsWealth"],"picked":"Fusion Hammer"},{"not_picked":["aspiration:SecretTechniqueScroll","hubris:CrackedHourglass"],"picked":"Sozu"}],"items_purged_floors":[2,27,27,27,27,27,27,27,27,27,27,31,31,31,31],"is_endless":false,"potions_floor_spawned":[1,3,14,20,23,33,36,37,46],"killed_by":"Time Eater","ascension_level":7}}