{"host":"ku7h2vk4czvj6teb","time":1608760933,"event":{"mods":["2.2 Compatiblity","AchievementEnabler","Aspiration","BaseMod","Better Altar","Better Match","Better Note","Better Sensory Stone","Better Skull","Better Third Choice","Better Vampires","BetterRewards","Block Reminder","Colored Map","Colored Powertips","Conspire","Curses Come First","Downfall","Filter the Spire","Friendly Minions","Highlight Path","Hubris","Ironclad Rager","Minty Spire (QoL Compilation)","Permanent Neow","Quick Restart","Rare Cards Sparkle","Relic Stats","Replay The Spire","Say the Spire","Shop Mod","Spicy Shops","StSLib","SuperFastMode","Swap Starting Deck Mod","The Bladedancer","The Construct","Thieving Mod","Transform Curses","UnlockEverythingMod"],"gold_per_floor":[112,124,24,299,318,381,394,404,451,451,451,451,498,543,543,698,698,712,15,15,70,88,88,128,128,151,170,232,9,27,27,27,150,150,182,182,76,86,86,86],"floor_reached":39,"playtime":2663,"items_purged":["Regret"],"score":437,"play_id":"a7f44b17-8dc3-4e08-a18e-e4247bffa052","local_time":"20201223220213","is_ascension_mode":false,"campfire_choices":[{"floor":10,"key":"REST"},{"floor":12,"key":"REST"},{"floor":15,"key":"REST"},{"floor":23,"key":"REST"},{"floor":25,"key":"RECALL"},{"floor":32,"key":"REST"}],"circlet_count":0,"master_deck":["Strike_G","Strike_G","Strike_G","Strike_G","Strike_G","Defend_G","Defend_G","Defend_G","Defend_G","Defend_G","Survivor","Neutralize","Apotheosis+1","Toxin Wave","Terror","conspire:SpireCoStock","conspire:SpireCoStock","Sucker Punch","Deadly Poison","Blade Dance","Well Laid Plans","Infinite Blades","Atom Bomb","Glass Knife","Dagger Throw+1","Trip","conspire:DoublingDagger","ReplayTheSpireMod:Tripwire","expansioncontent:DashGenerateEvil","ReplayTheSpireMod:Shiv Toss","Deflect+1","Heel Hook+1","Sucker Punch+1","Setup","Armaments","Thunderclap","conspire:ExplosiveBarrier+1","Demon Form","Tactician+1","Fluid Movement","Crippling Poison"],"relics":["Ring of the Snake","Strawberry","Nunchaku","Letter Opener","conspire:TopHat","aspiration:IroncladSkillbook","conspire:TreasureMap","Potion Belt","Akabeko","Regal Pillow","HoveringKite","White Beast Statue"],"acts_visited":["Exordium","TheCity","TheBeyond"],"potions_floor_usage":[6,6,16,16,21,22,27,33,39],"damage_taken":[{"damage":0,"enemies":"2 Louse","floor":1,"turns":4},{"damage":0,"enemies":"Cultist","floor":2,"turns":4},{"damage":7,"enemies":"Jaw Worm","floor":5,"turns":4},{"damage":15,"enemies":"Gremlin Nob","floor":6,"turns":4},{"damage":21,"enemies":"3 Louse","floor":7,"turns":3},{"damage":15,"enemies":"Red Slaver","floor":8,"turns":4},{"damage":3,"enemies":"Exordium Thugs","floor":13,"turns":4},{"damage":11,"enemies":"Lots of Slimes","floor":14,"turns":4},{"damage":18,"enemies":"Hexaghost","floor":16,"turns":10},{"damage":9,"enemies":"Chosen","floor":18,"turns":4},{"damage":24,"enemies":"Spheric Guardian","floor":21,"turns":5},{"damage":8,"enemies":"3 Cultists","floor":22,"turns":4},{"damage":24,"enemies":"Snake Plant","floor":24,"turns":5},{"damage":10,"enemies":"Cultist and Chosen","floor":27,"turns":4},{"damage":18,"enemies":"Chosen and Byrds","floor":28,"turns":5},{"damage":26,"enemies":"Snecko","floor":30,"turns":6},{"damage":21,"enemies":"conspire:MysteriousRune","floor":33,"turns":8},{"damage":35,"enemies":"3 Darklings","floor":35,"turns":5},{"damage":16,"enemies":"Orb Walker","floor":38,"turns":4},{"damage":44,"enemies":"Transient","floor":39,"turns":5}],"seed_played":"3619827004460353448","potions_obtained":[{"floor":2,"key":"Block Potion"},{"floor":5,"key":"CunningPotion"},{"floor":8,"key":"Block Potion"},{"floor":13,"key":"FearPotion"},{"floor":18,"key":"Explosive Potion"},{"floor":21,"key":"Adrenaline Potion"},{"floor":24,"key":"Explosive Potion"},{"floor":30,"key":"Toxic Potion"},{"floor":35,"key":"Death Potion"},{"floor":38,"key":"Poison Potion"}],"is_trial":false,"path_per_floor":["M","M","?","?","M","E","M","M","T","R","?","R","M","M","R","B",null,"M","$","?","M","M","R","M","R","T","M","M","$","M","$","R","B",null,"M","T","$","M","M"],"character_chosen":"THE_SILENT","items_purchased":["Apotheosis","Strawberry","Nunchaku","Letter Opener","conspire:TreasureMap","Potion Belt","Trip","conspire:DoublingDagger","ReplayTheSpireMod:Tripwire","Regal Pillow","Armaments","Thunderclap","Fluid Movement"],"campfire_rested":5,"item_purchase_floors":[0,0,0,0,19,19,19,19,19,29,29,29,37],"current_hp_per_floor":[63,63,63,63,56,41,20,5,5,28,28,51,48,37,60,42,77,72,72,72,52,48,71,51,51,51,45,31,31,9,9,47,30,77,46,46,46,34,0,0],"gold":86,"neow_bonus":"","is_daily":false,"chose_seed":false,"campfire_upgraded":0,"win_rate":0.0,"timestamp":1608760933,"path_taken":["M","M","?","?","?","E","?","M","T","R","?","R","M","M","R","BOSS","M","$","?","M","?","R","M","R","T","M","M","?","?","$","R","BOSS","M","?","?","M","M"],"items_purchased_type":["Card","Relic","Relic","Relic","Relic","Relic","Card","Card","Card","Relic","Card","Card","Card"],"build_version":"2020-12-22","purchased_purges":1,"victory":false,"max_hp_per_floor":[77,77,77,77,77,77,77,77,77,77,77,77,77,77,77,77,77,77,77,77,77,77,77,77,77,77,77,77,77,77,77,77,77,77,77,77,77,77,77,77],"relic_stats":{"Nunchaku":[17],"Regal Pillow":15,"counters":[42,198],"HoveringKite":[2],"Letter Opener":[181],"obtain_stats":[{"Darkstone Periapt":36,"Regal Pillow":9,"Calipers":36,"CeramicFish":26,"Vajra":43,"HoveringKite":34,"Blue Doll":0,"PrismaticShard":19,"sneckomod:SneckoSoul":36,"Burning Blood":0,"conspire:TopHat":6,"Nunchaku":0,"hubris:Icosahedron":3,"Strawberry":11,"HandDrill":39,"Chemical X":0,"Replay:Wax Seal":7,"hubris:ChampionShield":13,"hubris:GlazedTorus":2,"Potion Belt":19,"hubris:DisguiseKit":39,"conspire:TreasureMap":19,"Pear":11,"ReplayTheSpireMod:CursedCoin":36,"aspiration:Nostalgia":36,"aspiration:FetidBarrel":36,"conspire:SlowCooker":17,"conspire:Boomerang":23,"Letter Opener":0,"aspiration:IroncladSkillbook":17,"Akabeko":26,"White Beast Statue":36,"Du-Vu Doll":0,"OrangePellets":11,"Molten Egg 2":39,"hubris:GrandSneckoEye":34,"hubris:ToyBattleship":36,"Membership Card":11,"Grinning Jar":27},{"Darkstone Periapt":16,"Regal Pillow":4,"Calipers":16,"CeramicFish":12,"Vajra":18,"HoveringKite":39,"Blue Doll":0,"PrismaticShard":10,"sneckomod:SneckoSoul":16,"Burning Blood":0,"conspire:TopHat":26,"Nunchaku":22,"hubris:Icosahedron":1,"Strawberry":5,"HandDrill":17,"Chemical X":0,"Replay:Wax Seal":3,"hubris:ChampionShield":7,"hubris:GlazedTorus":1,"Potion Belt":32,"hubris:DisguiseKit":17,"conspire:TreasureMap":32,"Pear":5,"ReplayTheSpireMod:CursedCoin":16,"aspiration:Nostalgia":16,"aspiration:FetidBarrel":16,"conspire:SlowCooker":9,"conspire:Boomerang":12,"Letter Opener":22,"aspiration:IroncladSkillbook":31,"Akabeko":35,"White Beast Statue":40,"Du-Vu Doll":0,"OrangePellets":5,"Molten Egg 2":17,"hubris:GrandSneckoEye":15,"hubris:ToyBattleship":16,"Membership Card":5,"Grinning Jar":13},{"Darkstone Periapt":69,"Regal Pillow":12,"Calipers":69,"CeramicFish":50,"Vajra":77,"HoveringKite":184,"Blue Doll":0,"PrismaticShard":42,"sneckomod:SneckoSoul":69,"Burning Blood":0,"conspire:TopHat":118,"Nunchaku":102,"hubris:Icosahedron":5,"Strawberry":17,"HandDrill":72,"Chemical X":0,"Replay:Wax Seal":10,"hubris:ChampionShield":23,"hubris:GlazedTorus":5,"Potion Belt":147,"hubris:DisguiseKit":72,"conspire:TreasureMap":147,"Pear":17,"ReplayTheSpireMod:CursedCoin":69,"aspiration:Nostalgia":69,"aspiration:FetidBarrel":69,"conspire:SlowCooker":38,"conspire:Boomerang":50,"Letter Opener":102,"aspiration:IroncladSkillbook":143,"Akabeko":161,"White Beast Statue":189,"Du-Vu Doll":0,"OrangePellets":17,"Molten Egg 2":72,"hubris:GrandSneckoEye":66,"hubris:ToyBattleship":69,"Membership Card":17,"Grinning Jar":55}],"Ring of the Snake":[40]},"card_choices":[{"not_picked":["Deadly Poison","All Out Attack"],"picked":"Toxin Wave","floor":1},{"not_picked":["All Out Attack","Underhanded Strike"],"picked":"Terror","floor":2},{"not_picked":["Backstab","Blade Dance"],"picked":"Sucker Punch","floor":5},{"not_picked":["Quick Slash","All Out Attack"],"picked":"Deadly Poison","floor":6},{"not_picked":["Dagger Spray","Dagger Throw"],"picked":"Blade Dance","floor":7},{"not_picked":["Dodge and Roll","Acrobatics"],"picked":"Well Laid Plans","floor":8},{"not_picked":["Blade Dance","ReplayTheSpireMod:Exploit Weakness"],"picked":"Infinite Blades","floor":13},{"not_picked":["hubris:SlightOfHand","Underhanded Strike"],"picked":"Atom Bomb","floor":14},{"not_picked":["ReplayTheSpireMod:Necrosis","Venomology"],"picked":"Glass Knife","floor":16},{"not_picked":["Dropkick","Shrug It Off","Evolve+1"],"picked":"Dagger Throw+1","floor":18},{"not_picked":["Deflect+1","Sucker Punch","Headbutt"],"picked":"ReplayTheSpireMod:Shiv Toss","floor":21},{"not_picked":["Sucker Punch+1","Demonic Infusion","Slice+1"],"picked":"Deflect+1","floor":22},{"not_picked":["Prepared","hubris:ReadiedAction","Blade Dance"],"picked":"Heel Hook+1","floor":24},{"not_picked":["Shrug It Off+1","Run Through","Glass Knife"],"picked":"Sucker Punch+1","floor":27},{"not_picked":["Dark Embrace","Deadly Poison","Run Through"],"picked":"Setup","floor":28},{"not_picked":["True Grit","hubris:ReadiedAction+1","Acrobatics"],"picked":"conspire:ExplosiveBarrier+1","floor":30},{"not_picked":["Corruption","Feed","Venomology"],"picked":"Demon Form","floor":33},{"not_picked":["Deflect+1","Prepared+1","Cleave"],"picked":"Tactician+1","floor":35},{"not_picked":["Quick Slash","Endless Agony+1","Replay:Undeath\u0027s Touch"],"picked":"Crippling Poison","floor":38}],"player_experience":217592,"relics_obtained":[{"floor":6,"key":"conspire:TopHat"},{"floor":26,"key":"Akabeko"},{"floor":36,"key":"White Beast Statue"}],"event_choices":[{"damage_healed":0,"gold_gain":0,"player_choice":"Invest 2","damage_taken":0,"max_hp_gain":0,"max_hp_loss":0,"event_name":"conspire:Investor","floor":3,"gold_loss":0},{"damage_healed":0,"gold_gain":275,"player_choice":"Desecrate","damage_taken":0,"max_hp_gain":0,"max_hp_loss":0,"event_name":"Golden Shrine","floor":4,"gold_loss":0,"cards_obtained":["Regret"]},{"cards_removed":["Toxin Wave"],"damage_healed":0,"gold_gain":0,"player_choice":"Take \u0026 Give","damage_taken":0,"max_hp_gain":0,"max_hp_loss":0,"event_name":"betterNote:BetterNote","floor":20,"gold_loss":0,"cards_obtained":["expansioncontent:DashGenerateEvil"]}],"is_beta":false,"boss_relics":[{"not_picked":["Ectoplasm","ReplayTheSpireMod:DimensionalGlitch"],"picked":"aspiration:IroncladSkillbook"},{"not_picked":["hubris:Backtick","hubris:Stopwatch"],"picked":"HoveringKite"}],"items_purged_floors":[19],"is_endless":false,"potions_floor_spawned":[2,5,8,13,18,21,24,30,35,38],"killed_by":"Transient","ascension_level":0}}