{"host":"m3rs92yjkwi06hli","time":1608687665,"event":{"mods":["Act Like it!","Aspiration","BaseMod","Colored Map","Conspire","Defuse TimeMaze Blight","Downfall","Energized Spire","Hubris","Infinite Spire","Minty Spire (QoL Compilation)","Relic Stats","Replay The Spire","Spicy Shops","StSLib"],"gold_per_floor":[99,109,126,126,226,326,326,326,345,345,345,345,345,372,386,489,489,489,489,518,528,528,528,528,528,559,570,599,617,617,617,637,637,637,637],"floor_reached":33,"playtime":1337,"items_purged":[],"score":281,"play_id":"3fb70117-32df-4dd8-ba15-eb0001aa4a63","local_time":"20201222194105","is_ascension_mode":false,"campfire_choices":[{"data":"champ:Taunt","floor":1,"key":"SMITH"},{"data":"champ:PerfectedStrike","floor":11,"key":"SMITH"},{"data":"champ:CrookedStrike","floor":13,"key":"SMITH"},{"data":"champ:MurderStrike","floor":18,"key":"SMITH"},{"floor":25,"key":"REST"},{"floor":30,"key":"REST"}],"circlet_count":0,"master_deck":["champ:Strike","champ:Strike","champ:Strike","champ:Strike","champ:Defend","champ:Defend","champ:Defend","champ:Defend","champ:Execute","champ:Taunt+1","champ:PerfectedStrike+1","champ:CrookedStrike+1","champ:Encircle+1","Pain","champ:Shatter","Amnesia","champ:MurderStrike+1","champ:BladeFlurry","champ:LastStand","champ:FanOfKnives+1","champ:FanOfKnives+1","infinitespire:NeuralNetwork","champ:IgnorePain","champ:DeathBlow","champ:Balance","Backflip"],"relics":["champ:ChampionCrown","champ:FightingForDummies","Champion Belt","hubris:Metronome","WarpedTongs","Ring of Fangs","Ring of Fury","hubris:Reverence","Busted Crown","Bag of Marbles","hubris:SlimyHat","infinitespire:FocusingShard","Toy Ornithopter","PrismaticShard"],"acts_visited":["Exordium","TheCity"],"potions_floor_usage":[14,28,28],"damage_taken":[{"damage":8,"enemies":"Small Slimes","floor":2,"turns":5},{"damage":5,"enemies":"Jaw Worm","floor":3,"turns":2},{"damage":24,"enemies":"Jaw Worm","floor":5,"turns":4},{"damage":1,"enemies":"2 Louse","floor":9,"turns":2},{"damage":15,"enemies":"Replay:BlueRogue","floor":14,"turns":4},{"damage":31,"enemies":"Gremlin Gang","floor":15,"turns":4},{"damage":40,"enemies":"downfall:Watcher","floor":16,"turns":6},{"damage":0,"enemies":"Chosen","floor":19,"turns":1},{"damage":45,"enemies":"conspire:MimicChest","floor":20,"turns":5},{"damage":2,"enemies":"Shell Parasite","floor":21,"turns":1},{"damage":28,"enemies":"Book of Stabbing","floor":26,"turns":4},{"damage":7,"enemies":"3 Cultists","floor":27,"turns":3},{"damage":22,"enemies":"Slavers","floor":28,"turns":4},{"damage":22,"enemies":"Centurion and Healer","floor":29,"turns":4},{"damage":12,"enemies":"Shelled Parasite and Fungi","floor":32,"turns":2},{"damage":44,"enemies":"downfall:Defect","floor":33,"turns":3}],"seed_played":"2103326294706620472","potions_obtained":[{"floor":2,"key":"champ:UltimateStancePotion"},{"floor":5,"key":"Energy Potion"},{"floor":15,"key":"Weak Potion"},{"floor":16,"key":"SkillPotion"},{"floor":32,"key":"SpeedPotion"}],"is_trial":false,"path_per_floor":["R","M","M","?","?","?","T","?","M","?","R","?","R","E","M","B",null,"R","M","?","M","?","?","T","R","E","M","E","M","R","?","M","B"],"character_chosen":"THE_CHAMP","items_purchased":[],"campfire_rested":2,"item_purchase_floors":[],"current_hp_per_floor":[90,90,90,90,76,76,76,76,75,75,75,75,75,62,40,6,90,90,90,54,54,54,32,32,59,38,33,16,3,30,22,22,0,0,0],"gold":637,"neow_bonus":"RANDOM_COMMON_RELIC","is_daily":false,"chose_seed":false,"campfire_upgraded":4,"win_rate":0.0,"timestamp":1608687665,"path_taken":["R","M","M","?","?","?","T","?","?","?","R","?","R","E","M","BOSS","R","M","?","M","?","?","T","R","E","?","E","M","R","?","M","BOSS"],"items_purchased_type":[],"build_version":"2020-12-13","purchased_purges":0,"victory":false,"max_hp_per_floor":[90,90,90,90,90,90,90,90,90,90,90,90,90,90,90,90,90,90,90,90,90,90,90,90,90,90,90,90,90,90,90,90,90,90,90],"relic_stats":{"Busted Crown":22,"counters":[16,54],"Champion Belt":[13],"obtain_stats":[{"hubris:Metronome":7,"champ:ChampionCrown":0,"infinitespire:FocusingShard":26,"hubris:SlimyHat":24,"PrismaticShard":31,"WarpedTongs":8,"downfall:BrokenWingStatue":4,"Ring of Fangs":10,"Busted Crown":17,"Ring of Fury":10,"Bag of Marbles":20,"Champion Belt":5,"champ:FightingForDummies":0,"Toy Ornithopter":28,"hubris:Reverence":14},{"hubris:Metronome":3,"champ:ChampionCrown":0,"infinitespire:FocusingShard":11,"hubris:SlimyHat":10,"PrismaticShard":14,"WarpedTongs":3,"downfall:BrokenWingStatue":2,"Ring of Fangs":4,"Busted Crown":7,"Ring of Fury":4,"Bag of Marbles":9,"Champion Belt":3,"champ:FightingForDummies":0,"Toy Ornithopter":13,"hubris:Reverence":5},{"hubris:Metronome":11,"champ:ChampionCrown":0,"infinitespire:FocusingShard":38,"hubris:SlimyHat":34,"PrismaticShard":49,"WarpedTongs":11,"downfall:BrokenWingStatue":7,"Ring of Fangs":13,"Busted Crown":27,"Ring of Fury":13,"Bag of Marbles":33,"Champion Belt":11,"champ:FightingForDummies":0,"Toy Ornithopter":45,"hubris:Reverence":17}],"Toy Ornithopter":0,"WarpedTongs":[43]},"card_choices":[{"not_picked":["champ:BladeFlurry","champ:Shatter"],"picked":"champ:PerfectedStrike","floor":2},{"not_picked":["champ:FanOfKnives","champ:DeathBlow"],"picked":"champ:CrookedStrike","floor":3},{"not_picked":["champ:FocusedDefense","champ:StanceDance"],"picked":"champ:Encircle","floor":5},{"not_picked":["champ:Circumvent","champ:Haymaker"],"picked":"champ:Shatter","floor":9},{"not_picked":["champ:CrookedStrike","champ:FaceSlap"],"picked":"champ:MurderStrike","floor":14},{"not_picked":["champ:TornadoPunch","champ:FanOfKnives"],"picked":"champ:BladeFlurry","floor":15},{"not_picked":["champ:CrownThrow","champ:IgnorePain"],"picked":"champ:LastStand","floor":16},{"not_picked":[],"picked":"champ:FanOfKnives+1","floor":19},{"not_picked":[],"picked":"champ:FanOfKnives+1","floor":20},{"not_picked":["champ:AdrenalArmor"],"picked":"SKIP","floor":21},{"not_picked":["hubris:Rewind","ReplayTheSpireMod:Chaos Vortex"],"picked":"infinitespire:NeuralNetwork","floor":23},{"not_picked":["champ:AdrenalArmor"],"picked":"SKIP","floor":26},{"not_picked":["champ:StanceDance"],"picked":"SKIP","floor":27},{"not_picked":[],"picked":"champ:IgnorePain","floor":28},{"not_picked":[],"picked":"champ:DeathBlow","floor":29},{"not_picked":[],"picked":"champ:Balance","floor":31},{"not_picked":[],"picked":"Backflip","floor":32}],"player_experience":866377,"relics_obtained":[{"floor":5,"key":"Champion Belt"},{"floor":7,"key":"hubris:Metronome"},{"floor":10,"key":"Ring of Fangs"},{"floor":10,"key":"Ring of Fury"},{"floor":14,"key":"hubris:Reverence"},{"floor":20,"key":"Bag of Marbles"},{"floor":24,"key":"hubris:SlimyHat"},{"floor":26,"key":"infinitespire:FocusingShard"},{"floor":28,"key":"Toy Ornithopter"},{"floor":31,"key":"PrismaticShard"}],"event_choices":[{"damage_healed":0,"gold_gain":0,"player_choice":"Rummage","damage_taken":0,"relics_obtained":["WarpedTongs"],"max_hp_gain":0,"max_hp_loss":0,"event_name":"Accursed Blacksmith","floor":8,"gold_loss":0,"cards_obtained":["Pain"]}],"is_beta":false,"boss_relics":[{"not_picked":["Replay:Drink Me","energizedSpire:OgreHead"],"picked":"Busted Crown"}],"items_purged_floors":[],"is_endless":false,"potions_floor_spawned":[2,5,15,16,20,26,32],"killed_by":"downfall:Defect","ascension_level":0}}