{"host":"z5s44qp1ule1sbwl","time":1608760757,"event":{"mods":["BaseMod","Downfall","Minty Spire (QoL Compilation)","StSLib"],"gold_per_floor":[99,119,219,59,59,79,105,39,39,50,35,52,52,63,75,172,172,172,186,206,206,226,242,242,254,254,267,117,133,133,168,187,187,187,187],"floor_reached":33,"playtime":1946,"items_purged":[],"score":263,"play_id":"4ce6d97f-3a55-44aa-a23b-e835da3df3c1","local_time":"20201223215917","is_ascension_mode":false,"campfire_choices":[{"data":"Guardian:TwinSlam","floor":1,"key":"SMITH"},{"data":"Guardian:BaubleBeam","floor":9,"key":"SMITH"},{"floor":13,"key":"REST"},{"data":"Guardian:PrismaticBeam","floor":18,"key":"SMITH"},{"floor":26,"key":"RECALL"},{"data":"Guardian:RollAttack","floor":28,"key":"SMITH"}],"circlet_count":0,"master_deck":["Guardian:Strike_Guardian","Guardian:Strike_Guardian","Guardian:Strike_Guardian","Guardian:Defend_Guardian","Guardian:Defend_Guardian","Guardian:Defend_Guardian","Guardian:Defend_Guardian","Guardian:CurlUp","Guardian:TwinSlam+1","Guardian:ChargeUp","Guardian:BaubleBeam+1","Guardian:Incinerate","Guardian:CrystalBeam+1","Guardian:ShieldSpikes","Guardian:PrimingBeam","Guardian:Repulse","Guardian:PrismaticBeam+1","Guardian:CrystalBeam+1","Guardian:RollAttack+1","Guardian:PolyBeam+1","Guardian:SpikerProtocol","Guardian:WalkerClaw","Guardian:Gem_Red"],"relics":["Guardian:ModeShifterPlus","Potion Belt","Smiling Mask","Pantograph","downfall:HeartBlessingBlue","downfall:HeartBlessingRed","Pen Nib"],"acts_visited":["Exordium","TheCity"],"potions_floor_usage":[8,12,16,16,31,33],"damage_taken":[{"damage":0,"enemies":"Jaw Worm","floor":2,"turns":3},{"damage":5,"enemies":"downfall:FleeingMerchant","floor":4,"turns":4},{"damage":0,"enemies":"2 Louse","floor":6,"turns":2},{"damage":10,"enemies":"downfall:FleeingMerchant","floor":8,"turns":4},{"damage":0,"enemies":"Cultist","floor":10,"turns":3},{"damage":0,"enemies":"downfall:FleeingMerchant","floor":11,"turns":4},{"damage":6,"enemies":"Large Slime","floor":12,"turns":5},{"damage":1,"enemies":"Red Slaver","floor":14,"turns":3},{"damage":0,"enemies":"Gremlin Gang","floor":15,"turns":3},{"damage":31,"enemies":"downfall:Silent","floor":16,"turns":9},{"damage":0,"enemies":"Chosen","floor":19,"turns":5},{"damage":2,"enemies":"Shell Parasite","floor":20,"turns":5},{"damage":7,"enemies":"3 Cultists","floor":22,"turns":5},{"damage":23,"enemies":"Centurion and Healer","floor":23,"turns":7},{"damage":2,"enemies":"Sentry and Sphere","floor":25,"turns":4},{"damage":4,"enemies":"Cultist and Chosen","floor":27,"turns":6},{"damage":3,"enemies":"Snake Plant","floor":29,"turns":4},{"damage":11,"enemies":"Book of Stabbing","floor":31,"turns":5},{"damage":3,"enemies":"Centurion and Healer","floor":32,"turns":6},{"damage":92,"enemies":"downfall:Watcher","floor":33,"turns":10}],"seed_played":"-2472814455694838813","potions_obtained":[{"floor":6,"key":"GamblersBrew"},{"floor":10,"key":"champ:CounterPotion"},{"floor":12,"key":"SpeedPotion"},{"floor":15,"key":"CultistPotion"},{"floor":20,"key":"SkillPotion"},{"floor":27,"key":"FairyPotion"},{"floor":31,"key":"Dexterity Potion"}],"is_trial":false,"path_per_floor":["R","M","?","$","?","M","T","$","R","M","$","M","R","M","M","B",null,"R","M","M","?","M","M","T","M","R","M","R","M","?","E","M","B"],"character_chosen":"GUARDIAN","items_purchased":["Guardian:BaubleBeam","Guardian:Gem_Cyan"],"campfire_rested":1,"item_purchase_floors":[4,8],"current_hp_per_floor":[80,80,80,75,42,42,42,32,32,32,32,26,50,49,49,18,80,80,80,78,78,71,48,48,46,46,42,52,49,49,38,35,0,0,0],"gold":187,"neow_bonus":"RANDOM_COMMON_RELIC","is_daily":false,"chose_seed":false,"campfire_upgraded":4,"win_rate":0.0,"timestamp":1608760757,"path_taken":["R","M","?","$","?","M","T","?","R","M","$","?","R","M","M","BOSS","R","M","M","?","?","M","T","M","R","M","R","?","?","E","M","BOSS"],"items_purchased_type":["Card","Card"],"build_version":"2020-12-22","purchased_purges":0,"victory":false,"max_hp_per_floor":[80,80,80,80,80,80,80,80,80,80,80,80,80,80,80,80,80,80,80,80,80,80,80,80,80,80,80,90,90,90,90,90,90,90,90],"card_choices":[{"not_picked":["Guardian:Suspension","Guardian:Planning"],"picked":"Guardian:Gem_White","floor":2},{"not_picked":["Guardian:PiercingHide","Guardian:Gem_Lightblue"],"picked":"Guardian:ChargeUp","floor":4},{"not_picked":["Guardian:Emergency","Guardian:EvasiveProtocol"],"picked":"Guardian:Incinerate","floor":6},{"not_picked":["Guardian:PrismaticBeam","Guardian:Planning"],"picked":"Guardian:CrystalBeam","floor":8},{"not_picked":["Guardian:Gem_Blue","Guardian:PrimingBeam"],"picked":"Guardian:Gem_Orange","floor":10},{"not_picked":["Guardian:RollAttack","Guardian:Gem_Lightblue"],"picked":"Guardian:ShieldSpikes","floor":11},{"not_picked":["Guardian:Gem_Lightblue","Guardian:Reroute"],"picked":"Guardian:PrimingBeam","floor":12},{"not_picked":["Guardian:Gem_Cyan","Guardian:GuardianWhirl"],"picked":"Guardian:Repulse","floor":14},{"not_picked":["Guardian:TemporalStrike","Guardian:PiercingHide"],"picked":"Guardian:PrismaticBeam","floor":15},{"not_picked":["Guardian:ConstructionForm","Guardian:BaubleBeam"],"picked":"Guardian:Gem_Synthetic","floor":16},{"not_picked":["Guardian:TemporalStrike","Guardian:PrimingBeam+1"],"picked":"Guardian:CrystalBeam+1","floor":19},{"not_picked":["Guardian:WalkerClaw+1","Guardian:Gem_Green"],"picked":"Guardian:RollAttack","floor":20},{"not_picked":["Guardian:RefractedBeam","Guardian:VentSteam"],"picked":"Guardian:Gem_Red","floor":22},{"not_picked":["Guardian:Harden+1","Guardian:TemporalStrike"],"picked":"Guardian:PolyBeam+1","floor":23},{"not_picked":["Guardian:ConstructionForm","Guardian:Gem_Purple"],"picked":"Guardian:Gem_Crimson","floor":25},{"not_picked":["Guardian:Gem_Blue","Guardian:Clone"],"picked":"Guardian:Gem_Crimson","floor":27},{"not_picked":["Guardian:BronzeOrb","Guardian:Gem_Cyan"],"picked":"Guardian:SpikerProtocol","floor":29},{"not_picked":["Guardian:Suspension","Guardian:Planning"],"picked":"Guardian:WalkerClaw","floor":31},{"not_picked":["Guardian:BronzeArmor","Guardian:DecasProtection"],"picked":"Guardian:Gem_Red","floor":32}],"player_experience":1125787,"relics_obtained":[{"floor":24,"key":"Pantograph"},{"floor":31,"key":"Pen Nib"}],"event_choices":[{"damage_healed":0,"gold_gain":0,"player_choice":"Success","damage_taken":33,"relics_obtained":["Smiling Mask"],"max_hp_gain":0,"max_hp_loss":0,"event_name":"Scrap Ooze","floor":5,"gold_loss":0},{"cards_removed":["Guardian:Strike_Guardian"],"damage_healed":0,"gold_gain":0,"player_choice":"Offered Basic","damage_taken":0,"max_hp_gain":0,"max_hp_loss":0,"event_name":"Bonfire Elementals","floor":30,"gold_loss":0}],"is_beta":false,"boss_relics":[{"not_picked":["Tiny House","Busted Crown"],"picked":"Guardian:ModeShifterPlus"}],"items_purged_floors":[],"is_endless":false,"potions_floor_spawned":[6,10,12,15,20,27,31],"killed_by":"downfall:Watcher","ascension_level":0}}