{"host":"873t0y8ybyo38pfq","time":1608731226,"event":{"mods":["BaseMod","Colored Map","Highlight Path","Minty Spire (QoL Compilation)","Rare Cards Sparkle","StSLib"],"gold_per_floor":[364,48,65,65,84,84,4,39,39,39,71,71,84,104,104,178,178,196,196,196,121,136,161,174,174,243,243,257,269,25,25,25,102,102,115,1114,287,287,287],"floor_reached":38,"playtime":1104,"items_purged":["Strike_G+1","Normality"],"score":879,"play_id":"f253da4a-2530-477a-ad6e-e561c41d000c","local_time":"20201223084706","is_ascension_mode":true,"campfire_choices":[{"floor":6.0,"key":"REST"},{"data":"Crippling Poison","floor":10.0,"key":"SMITH"},{"floor":15.0,"key":"REST"},{"data":"Noxious Fumes","floor":25.0,"key":"SMITH"},{"data":"Footwork","floor":27.0,"key":"SMITH"},{"data":"Bouncing Flask","floor":32.0,"key":"SMITH"}],"circlet_count":0,"master_deck":["AscendersBane","Strike_G+1","Defend_G+1","Defend_G+1","Defend_G+1","Defend_G+1","Defend_G+1","Survivor","Neutralize","Predator","Die Die Die","Footwork+1","Crippling Poison+1","PiercingWail","Crippling Poison","Noxious Fumes+1","Bullet Time","Bane","Crippling Poison","Acrobatics","Backflip","Leg Sweep","Bouncing Flask+1","Well Laid Plans","Malaise","Normality","Leg Sweep"],"relics":["Ring of the Snake","Snake Skull","White Beast Statue","Singing Bowl","Ancient Tea Set","Snecko Eye","Eternal Feather","Runic Pyramid","ClockworkSouvenir","The Specimen","Bag of Preparation"],"acts_visited":["Exordium","TheCity","TheBeyond"],"potions_floor_usage":[],"damage_taken":[{"damage":1.0,"enemies":"Cultist","floor":1.0,"turns":4.0},{"damage":0.0,"enemies":"2 Louse","floor":3.0,"turns":3.0},{"damage":1.0,"enemies":"Small Slimes","floor":5.0,"turns":3.0},{"damage":17.0,"enemies":"3 Sentries","floor":8.0,"turns":12.0},{"damage":8.0,"enemies":"Lagavulin","floor":11.0,"turns":7.0},{"damage":6.0,"enemies":"3 Louse","floor":13.0,"turns":3.0},{"damage":7.0,"enemies":"Blue Slaver","floor":14.0,"turns":5.0},{"damage":22.0,"enemies":"Slime Boss","floor":16.0,"turns":10.0},{"damage":0.0,"enemies":"Shell Parasite","floor":18.0,"turns":4.0},{"damage":1.0,"enemies":"Spheric Guardian","floor":22.0,"turns":5.0},{"damage":0.0,"enemies":"Gremlin Leader","floor":23.0,"turns":4.0},{"damage":3.0,"enemies":"Snecko","floor":24.0,"turns":4.0},{"damage":2.0,"enemies":"Shelled Parasite and Fungi","floor":28.0,"turns":3.0},{"damage":0.0,"enemies":"Chosen and Byrds","floor":29.0,"turns":3.0},{"damage":29.0,"enemies":"Collector","floor":33.0,"turns":7.0},{"damage":30.0,"enemies":"3 Shapes","floor":35.0,"turns":4.0},{"damage":0,"enemies":"2 Orb Walkers","floor":38,"turns":1}],"seed_played":"-1355411028920128990","potions_obtained":[{"floor":3.0,"key":"ColorlessPotion"},{"floor":5.0,"key":"Block Potion"},{"floor":8.0,"key":"FearPotion"},{"floor":11.0,"key":"GamblersBrew"},{"floor":12.0,"key":"Block Potion"},{"floor":12.0,"key":"Poison Potion"},{"floor":13.0,"key":"DuplicationPotion"},{"floor":16.0,"key":"Energy Potion"},{"floor":18.0,"key":"Weak Potion"},{"floor":22.0,"key":"Poison Potion"},{"floor":28.0,"key":"Regen Potion"},{"floor":29.0,"key":"Strength Potion"},{"floor":33.0,"key":"FearPotion"},{"floor":35.0,"key":"Poison Potion"}],"is_trial":false,"path_per_floor":["M","$","M","?","M","R","$","E","T","R","E","?","M","M","R","B",null,"M","?","?","?","M","E","M","R","T","R","M","M","$","?","R","B",null,"M","?","$","?"],"character_chosen":"THE_SILENT","items_purchased":["Die Die Die","Snake Skull","Crippling Poison","Bouncing Flask","Well Laid Plans","ClockworkSouvenir","The Specimen","Leg Sweep","Bag of Preparation"],"campfire_rested":2,"item_purchase_floors":[2,2,7,30,30,37,37,37,37],"current_hp_per_floor":[43,43,43,43,42,61,61,44,44,44,36,36,32,25,45,23,57,59,59,59,59,58,60,57,57,57,69,67,67,67,67,72,58,69,41,41,41,41,41],"gold":287,"neow_bonus":"TWO_FIFTY_GOLD","is_daily":false,"chose_seed":false,"campfire_upgraded":4,"win_rate":0.0,"timestamp":1608731226,"path_taken":["M","$","M","?","M","R","?","E","T","R","E","?","?","M","R","BOSS","M","?","?","?","M","E","M","R","T","R","?","M","$","?","R","BOSS","M","?","$","?"],"items_purchased_type":["Card","Relic","Card","Card","Card","Relic","Relic","Card","Relic"],"build_version":"2020-12-22","purchased_purges":2,"victory":false,"max_hp_per_floor":[66,66,66,66,66,66,66,66,66,66,66,66,68,68,68,68,68,70,70,70,70,70,72,72,72,72,72,72,72,72,72,72,72,72,74,74,74,74,74],"card_choices":[{"not_picked":["Slice","Underhanded Strike"],"picked":"Predator","floor":1.0},{"not_picked":["Deflect","Cloak And Dagger","Dagger Throw"],"picked":"SKIP","floor":3.0},{"not_picked":["Skewer","Eviscerate"],"picked":"Footwork","floor":5.0},{"not_picked":["Masterful Stab","Bane"],"picked":"PiercingWail","floor":8.0},{"not_picked":["Cloak And Dagger","Prepared"],"picked":"Crippling Poison","floor":11.0},{"not_picked":["PiercingWail","Dagger Spray","Dagger Throw"],"picked":"Singing Bowl","floor":13.0},{"not_picked":["A Thousand Cuts","Accuracy"],"picked":"Noxious Fumes","floor":14.0},{"not_picked":["Storm of Steel","Glass Knife"],"picked":"Bullet Time","floor":16.0},{"not_picked":["Dodge and Roll","Tactician","Escape Plan+1"],"picked":"Singing Bowl","floor":18.0},{"not_picked":["Escape Plan","Endless Agony+1"],"picked":"Crippling Poison","floor":22.0},{"not_picked":["Dodge and Roll","Glass Knife","Eviscerate"],"picked":"Singing Bowl","floor":23.0},{"not_picked":["Distraction","Prepared+1"],"picked":"Acrobatics","floor":24.0},{"not_picked":["Deflect","Accuracy"],"picked":"Backflip","floor":28.0},{"not_picked":["Underhanded Strike+1","Accuracy"],"picked":"Leg Sweep","floor":29.0},{"not_picked":["Phantasmal Killer","Unload"],"picked":"Malaise","floor":33.0},{"not_picked":["Eviscerate","Dagger Spray","Expertise+1"],"picked":"Singing Bowl","floor":35.0}],"player_experience":1332901,"relics_obtained":[{"floor":8.0,"key":"White Beast Statue"},{"floor":9.0,"key":"Singing Bowl"},{"floor":11.0,"key":"Ancient Tea Set"},{"floor":26.0,"key":"Eternal Feather"}],"event_choices":[{"cards_removed":["Strike_G"],"damage_healed":0.0,"max_hp_gain":0.0,"max_hp_loss":0.0,"gold_gain":0.0,"event_name":"Bonfire Elementals","player_choice":"Offered Basic","floor":4.0,"gold_loss":0.0,"damage_taken":0.0},{"damage_healed":0.0,"max_hp_gain":0.0,"max_hp_loss":0.0,"gold_gain":0.0,"event_name":"Lab","player_choice":"Got Potions","floor":12.0,"gold_loss":0.0,"damage_taken":0.0},{"damage_healed":0.0,"max_hp_gain":0.0,"max_hp_loss":0.0,"gold_gain":0.0,"event_name":"Back to Basics","player_choice":"Simplicity","floor":19.0,"gold_loss":0.0,"damage_taken":0.0,"cards_upgraded":["Strike_G","Strike_G","Strike_G","Strike_G","Defend_G","Defend_G","Defend_G","Defend_G","Defend_G"]},{"damage_healed":0.0,"max_hp_gain":0.0,"max_hp_loss":0.0,"gold_gain":0.0,"cards_transformed":["Strike_G","Strike_G"],"event_name":"Drug Dealer","player_choice":"Became Test Subject","floor":20.0,"gold_loss":0.0,"damage_taken":0.0,"cards_obtained":["Bane","Endless Agony"]},{"cards_removed":["Endless Agony"],"damage_healed":0.0,"max_hp_gain":0.0,"max_hp_loss":0.0,"gold_gain":0.0,"event_name":"Beggar","player_choice":"Gave Gold","floor":21.0,"gold_loss":75.0,"damage_taken":0.0},{"damage_healed":0.0,"max_hp_gain":0.0,"max_hp_loss":0.0,"gold_gain":0.0,"event_name":"The Mausoleum","player_choice":"Ignored","floor":31.0,"gold_loss":0.0,"damage_taken":0.0},{"damage_healed":0.0,"max_hp_gain":0.0,"max_hp_loss":0.0,"gold_gain":999.0,"event_name":"MindBloom","player_choice":"Gold","floor":36.0,"gold_loss":0.0,"damage_taken":0.0,"cards_obtained":["Normality","Normality"]},{"damage_healed":0,"gold_gain":0,"player_choice":"Fight","damage_taken":0,"max_hp_gain":0,"max_hp_loss":0,"event_name":"Mysterious Sphere","floor":38,"gold_loss":0}],"is_beta":false,"boss_relics":[{"not_picked":["Ectoplasm","HoveringKite"],"picked":"Snecko Eye"},{"not_picked":["Runic Dome","Sozu"],"picked":"Runic Pyramid"}],"items_purged_floors":[30,37],"is_endless":false,"potions_floor_spawned":[3,5,8,11,13,14,16,18,22,23,24,28,29,33,35],"killed_by":"2 Orb Walkers","ascension_level":20}}