{"host":"12","time":1608743673,"event":{"mods":["ATMod(°¢èªMod)","Act Like it!","BaseMod","Colored Powertips","Minty Spire (QoL Compilation)","StSLib","¡¾¹¦ÄÜMod¡¿»ìãçÖ®»·ÐÞ¸´²¹¶¡"],"gold_per_floor":[113,124,49,61,78,78,98,98,123,153,168,185,185,220,220,220,220],"floor_reached":16,"playtime":369,"items_purged":["Strike_G"],"score":228,"play_id":"37d731f5-9b29-4d9b-82ef-5ad7e9ef201c","local_time":"20201224011433","is_ascension_mode":true,"campfire_choices":[{"data":"AT_WindFlip","floor":6.0,"key":"SMITH"},{"data":"Prepared","floor":8.0,"key":"SMITH"},{"data":"AT_WomanClash","floor":13.0,"key":"SMITH"},{"floor":15,"key":"REST"}],"circlet_count":0,"master_deck":["AscendersBane","Strike_G","Strike_G","Strike_G","Strike_G","Defend_G","Defend_G","Defend_G","Defend_G","Defend_G","Survivor","Neutralize","AT_KingSlayer","AT_WomanClash+1","AT_WindFlip+1","Prepared+1"],"relics":["Ring of the Snake","AT_ATBox","NeowsBlessing","Centennial Puzzle","Omamori","Pen Nib"],"acts_visited":["Exordium"],"potions_floor_usage":[14],"damage_taken":[{"damage":0.0,"enemies":"Cultist","floor":1.0,"turns":1.0},{"damage":0.0,"enemies":"2 Louse","floor":2.0,"turns":1.0},{"damage":0.0,"enemies":"Jaw Worm","floor":4.0,"turns":1.0},{"damage":1.0,"enemies":"Looter","floor":5.0,"turns":3.0},{"damage":3.0,"enemies":"Exordium Wildlife","floor":7.0,"turns":2.0},{"damage":10.0,"enemies":"3 Sentries","floor":10.0,"turns":2.0},{"damage":0.0,"enemies":"Blue Slaver","floor":11.0,"turns":1.0},{"damage":0.0,"enemies":"2 Fungi Beasts","floor":12.0,"turns":2.0},{"damage":36,"enemies":"Gremlin Nob","floor":14,"turns":4},{"damage":29,"enemies":"The Guardian","floor":16,"turns":6}],"seed_played":"2419620054051206660","potions_obtained":[{"floor":1.0,"key":"LiquidBronze"},{"floor":2.0,"key":"Poison Potion"}],"is_trial":false,"path_per_floor":["M","M","$","M","M","R","M","R","T","E","M","M","R","E","R","B"],"character_chosen":"THE_SILENT","items_purchased":[],"campfire_rested":1,"item_purchase_floors":[],"current_hp_per_floor":[59,59,59,59,58,58,55,55,55,45,45,45,45,9,28,0,0],"gold":220,"neow_bonus":"THREE_ENEMY_KILL","is_daily":false,"chose_seed":false,"campfire_upgraded":3,"win_rate":0.0,"timestamp":1608743673,"path_taken":["M","M","?","M","M","R","?","R","T","E","M","M","R","E","R","BOSS"],"items_purchased_type":[],"build_version":"2020-12-18","purchased_purges":1,"victory":false,"max_hp_per_floor":[66,66,66,66,66,66,66,66,66,66,66,66,66,66,66,66,66],"card_choices":[{"not_picked":["Cloak And Dagger","Reflex"],"picked":"AT_WomanClash","floor":1.0},{"not_picked":["AT_TinkerSharpsword","Bane"],"picked":"AT_WindFlip","floor":2.0},{"not_picked":["Underhanded Strike","Bouncing Flask","Deflect"],"picked":"SKIP","floor":4.0},{"not_picked":["Poisoned Stab","Dodge and Roll","Blade Dance"],"picked":"SKIP","floor":5.0},{"not_picked":["Accuracy","Bane"],"picked":"Prepared","floor":7.0},{"not_picked":["PiercingWail","Dagger Throw","Quick Slash"],"picked":"SKIP","floor":10.0},{"not_picked":["Eviscerate","Skewer","Cloak And Dagger"],"picked":"SKIP","floor":11.0},{"not_picked":["AT_ThistleTea","Expertise","Sucker Punch"],"picked":"SKIP","floor":12.0},{"not_picked":["AT_KneejerkReflex","A Thousand Cuts","Blade Dance"],"picked":"SKIP","floor":14}],"player_experience":562312,"relics_obtained":[{"floor":9.0,"key":"Centennial Puzzle"},{"floor":10.0,"key":"Omamori"},{"floor":14,"key":"Pen Nib"}],"event_choices":[],"is_beta":true,"boss_relics":[],"items_purged_floors":[3],"is_endless":false,"potions_floor_spawned":[1,2,7,10],"killed_by":"The Guardian","ascension_level":20}}