{"host":"x8sop9v6zw8yitbt","time":1608765490,"event":{"mods":["BaseMod","Block Reminder","Colored Powertips","DeckTracker","Minty Spire (QoL Compilation)","Permanent Neow","Quick Restart","Relic Stats","Slay-I","StSLib"],"gold_per_floor":[116,116,134,134,145,176,188,227,266,278,307,319,366,388,400,510,522,554,576,82,181,197,197,222,272,272,272,272],"floor_reached":27,"playtime":733,"items_purged":["Strike_G"],"score":290,"play_id":"81e1301d-2917-4a94-8905-290f20acc915","local_time":"20201223181810","is_ascension_mode":true,"campfire_choices":[{"data":"Deadly Poison","floor":7.0,"key":"SMITH"},{"data":"Deadly Poison","floor":10.0,"key":"SMITH"},{"data":"Noxious Fumes","floor":12.0,"key":"SMITH"},{"data":"Footwork","floor":15.0,"key":"SMITH"},{"floor":23,"key":"RECALL"}],"circlet_count":0,"master_deck":["Strike_G","Strike_G+1","Strike_G","Strike_G","Defend_G","Defend_G","Defend_G","Defend_G","Defend_G","Survivor+1","Neutralize+1","Deadly Poison+1","Deadly Poison+1","Bandage Up","Blur","Footwork+1","Noxious Fumes+1","Malaise","Noxious Fumes","Dodge and Roll","Blur","Well Laid Plans","Good Instincts"],"relics":["Ring of the Snake","MawBank","Snake Skull","Bag of Preparation","Mercury Hourglass","Fusion Hammer","TwistedFunnel","Du-Vu Doll","Sundial"],"acts_visited":["Exordium","TheCity"],"potions_floor_usage":[24],"damage_taken":[{"damage":2.0,"enemies":"Jaw Worm","floor":1.0,"turns":7.0},{"damage":0.0,"enemies":"Small Slimes","floor":3.0,"turns":3.0},{"damage":0.0,"enemies":"Cultist","floor":5.0,"turns":3.0},{"damage":10.0,"enemies":"Gremlin Nob","floor":6.0,"turns":4.0},{"damage":21.0,"enemies":"3 Sentries","floor":8.0,"turns":9.0},{"damage":3.0,"enemies":"Looter","floor":11.0,"turns":3.0},{"damage":28.0,"enemies":"Gremlin Nob","floor":13.0,"turns":4.0},{"damage":0.0,"enemies":"3 Louse","floor":14.0,"turns":3.0},{"damage":1.0,"enemies":"The Guardian","floor":16.0,"turns":7.0},{"damage":0.0,"enemies":"Shell Parasite","floor":18.0,"turns":5.0},{"damage":15.0,"enemies":"2 Thieves","floor":19.0,"turns":4.0},{"damage":0,"enemies":"Centurion and Healer","floor":22,"turns":6},{"damage":0,"enemies":"Book of Stabbing","floor":24,"turns":6},{"damage":0,"enemies":"3 Cultists","floor":27,"turns":1}],"seed_played":"3966846949492932003","potions_obtained":[{"floor":3.0,"key":"LiquidBronze"},{"floor":6.0,"key":"Explosive Potion"},{"floor":11.0,"key":"SneckoOil"},{"floor":16.0,"key":"Swift Potion"}],"is_trial":false,"path_per_floor":["M","?","M","?","M","E","R","E","T","R","M","R","E","M","R","B",null,"M","M","$","?","M","R","E","?","T","M"],"character_chosen":"THE_SILENT","items_purchased":["TwistedFunnel","Dodge and Roll","Blur","Well Laid Plans","Good Instincts"],"campfire_rested":0,"item_purchase_floors":[20,20,20,20,20],"current_hp_per_floor":[68,54,54,54,58,52,52,35,35,35,36,36,12,16,16,19,70,70,55,55,55,59,59,63,63,63,63,63],"gold":272,"neow_bonus":"UPGRADE_CARD","is_daily":false,"chose_seed":false,"campfire_upgraded":4,"win_rate":0.0,"timestamp":1608765490,"path_taken":["M","?","M","?","M","E","R","E","T","R","M","R","E","?","R","BOSS","M","M","$","?","M","R","E","?","T","M"],"items_purchased_type":["Relic","Card","Card","Card","Card"],"build_version":"2020-12-22","purchased_purges":1,"victory":false,"max_hp_per_floor":[70,70,70,70,70,70,70,70,70,70,70,70,70,70,70,70,70,70,70,70,70,70,70,70,70,70,70,70],"relic_stats":{"counters":[14,65],"Sundial":[0],"Snake Skull":[59],"Bag of Preparation":[18],"MawBank":168,"obtain_stats":[{"TwistedFunnel":20,"Du-Vu Doll":24,"Sundial":26,"Snake Skull":8,"Fusion Hammer":17,"Bag of Preparation":9,"MawBank":6,"Ring of the Snake":0,"Mercury Hourglass":13},{"TwistedFunnel":11,"Du-Vu Doll":13,"Sundial":13,"Snake Skull":5,"Fusion Hammer":9,"Bag of Preparation":5,"MawBank":4,"Ring of the Snake":0,"Mercury Hourglass":7},{"TwistedFunnel":52,"Du-Vu Doll":64,"Sundial":64,"Snake Skull":26,"Fusion Hammer":43,"Bag of Preparation":26,"MawBank":17,"Ring of the Snake":0,"Mercury Hourglass":33}],"Ring of the Snake":[28],"Mercury Hourglass":[105]},"card_choices":[{"not_picked":["Dagger Spray","PiercingWail"],"picked":"Deadly Poison","floor":1.0},{"not_picked":["Slice","Bane"],"picked":"Deadly Poison","floor":3.0},{"not_picked":["Flechettes","Blade Dance","Cloak And Dagger"],"picked":"SKIP","floor":5.0},{"not_picked":["Dodge and Roll","Slice"],"picked":"Blur","floor":6.0},{"not_picked":["Endless Agony","Outmaneuver"],"picked":"Footwork","floor":8.0},{"not_picked":["Sucker Punch","Underhanded Strike"],"picked":"Noxious Fumes","floor":11.0},{"not_picked":["Quick Slash","Eviscerate","Dagger Throw"],"picked":"SKIP","floor":13.0},{"not_picked":["Choke","Sucker Punch","Deflect"],"picked":"SKIP","floor":14.0},{"not_picked":["Tools of the Trade","Venomology"],"picked":"Malaise","floor":16.0},{"not_picked":["Slice","Acrobatics+1","Masterful Stab"],"picked":"SKIP","floor":18.0},{"not_picked":["Backflip","Bane+1"],"picked":"Noxious Fumes","floor":19.0},{"not_picked":["Prepared+1","Setup+1","Calculated Gamble+1"],"picked":"SKIP","floor":22},{"not_picked":["Expertise+1","Outmaneuver","Eviscerate"],"picked":"SKIP","floor":24}],"player_experience":875042,"relics_obtained":[{"floor":6.0,"key":"MawBank"},{"floor":8.0,"key":"Snake Skull"},{"floor":9.0,"key":"Bag of Preparation"},{"floor":13.0,"key":"Mercury Hourglass"},{"floor":24,"key":"Du-Vu Doll"},{"floor":26,"key":"Sundial"}],"event_choices":[{"damage_healed":0.0,"max_hp_gain":0.0,"max_hp_loss":0.0,"gold_gain":0.0,"event_name":"Shining Light","player_choice":"Entered Light","floor":2.0,"gold_loss":0.0,"damage_taken":14.0,"cards_upgraded":["Strike_G","Survivor"]},{"damage_healed":0.0,"max_hp_gain":0.0,"max_hp_loss":0.0,"gold_gain":0.0,"event_name":"Match and Keep!","player_choice":"1 cards matched","floor":4.0,"gold_loss":0.0,"damage_taken":0.0,"cards_obtained":["Bandage Up"]},{"damage_healed":0,"gold_gain":99,"player_choice":"Stole From Cult","damage_taken":0,"max_hp_gain":0,"max_hp_loss":0,"event_name":"Nest","floor":21,"gold_loss":0},{"damage_healed":0,"gold_gain":100,"player_choice":"Bet on Murderer","damage_taken":0,"max_hp_gain":0,"max_hp_loss":0,"event_name":"The Joust","floor":25,"gold_loss":50}],"is_beta":false,"boss_relics":[{"not_picked":["Pandora\u0027s Box","Astrolabe"],"picked":"Fusion Hammer"}],"items_purged_floors":[20],"is_endless":false,"potions_floor_spawned":[3,6,11,16,19],"killed_by":"3 Cultists","ascension_level":1}}