{"host":"cc187","time":1608729791,"event":{"mods":["AchievementEnabler","BaseMod","Bestiary","Colored Map","Colored Powertips","Highlight Path","Keyboard Shortcuts","Minty Spire (QoL Compilation)","Quick Restart","Rare Cards Sparkle","Relic Stats","StSLib","SuperFastMode","Synergy Search","ojb\u0027s Info Mod"],"gold_per_floor":[113,131,131,181,194,220,220,220,220,220,220],"floor_reached":10,"playtime":148,"items_purged":[],"score":129,"play_id":"3e2113c3-16ae-448d-a845-1970385fc79f","local_time":"20201223132311","is_ascension_mode":true,"campfire_choices":[{"floor":8,"key":"REST"}],"circlet_count":0,"master_deck":["AscendersBane","Strike_G","Strike_G","Strike_G","Strike_G","Strike_G","Defend_G","Defend_G","Defend_G","Defend_G","Defend_G","Survivor","Neutralize","Bouncing Flask","Dagger Throw","Riddle With Holes"],"relics":["Ring of the Snake","NeowsBlessing","Pear","Golden Idol","Smiling Mask"],"acts_visited":["Exordium"],"potions_floor_usage":[6],"damage_taken":[{"damage":0,"enemies":"2 Louse","floor":1,"turns":1},{"damage":0,"enemies":"Jaw Worm","floor":2,"turns":1},{"damage":0,"enemies":"Cultist","floor":5,"turns":1},{"damage":34,"enemies":"Gremlin Nob","floor":6,"turns":4},{"damage":55,"enemies":"Lagavulin","floor":10,"turns":6}],"seed_played":"-6278028161714988837","potions_obtained":[{"floor":2,"key":"Fire Potion"}],"is_trial":false,"path_per_floor":["M","M","?","?","M","E","?","R","T","E"],"character_chosen":"THE_SILENT","items_purchased":[],"campfire_rested":1,"item_purchase_floors":[],"current_hp_per_floor":[59,59,59,59,59,35,35,55,55,0,0],"gold":220,"neow_bonus":"THREE_ENEMY_KILL","is_daily":false,"chose_seed":false,"campfire_upgraded":0,"win_rate":0.0,"timestamp":1608729791,"path_taken":["M","M","?","?","?","E","?","R","T","E"],"items_purchased_type":[],"build_version":"2020-12-18","purchased_purges":0,"victory":false,"max_hp_per_floor":[66,66,66,66,66,76,69,69,69,69,69],"relic_stats":{"counters":[5,13],"Golden Idol":0,"Smiling Mask":0,"obtain_stats":[{"Pear":6,"NeowsBlessing":0,"Golden Idol":7,"Smiling Mask":9,"Ring of the Snake":0},{"Pear":4,"NeowsBlessing":0,"Golden Idol":4,"Smiling Mask":4,"Ring of the Snake":0},{"Pear":7,"NeowsBlessing":0,"Golden Idol":7,"Smiling Mask":7,"Ring of the Snake":0}],"Ring of the Snake":[10]},"card_choices":[{"not_picked":["Outmaneuver","Underhanded Strike"],"picked":"Bouncing Flask","floor":1},{"not_picked":["Choke","Flying Knee"],"picked":"Dagger Throw","floor":2},{"not_picked":["Slice","Tactician"],"picked":"Riddle With Holes","floor":5},{"not_picked":["Calculated Gamble","Storm of Steel","Acrobatics"],"picked":"SKIP","floor":6}],"player_experience":844157,"relics_obtained":[{"floor":6,"key":"Pear"},{"floor":9,"key":"Smiling Mask"}],"event_choices":[{"damage_healed":0,"gold_gain":0,"player_choice":"Ignored","damage_taken":0,"max_hp_gain":0,"max_hp_loss":0,"event_name":"Liars Game","floor":3,"gold_loss":0},{"damage_healed":0,"gold_gain":50,"player_choice":"Pray","damage_taken":0,"max_hp_gain":0,"max_hp_loss":0,"event_name":"Golden Shrine","floor":4,"gold_loss":0},{"damage_healed":0,"gold_gain":0,"player_choice":"Lose Max HP","damage_taken":0,"relics_obtained":["Golden Idol"],"max_hp_gain":0,"max_hp_loss":7,"event_name":"Golden Idol","floor":7,"gold_loss":0}],"is_beta":true,"boss_relics":[],"items_purged_floors":[],"is_endless":false,"potions_floor_spawned":[2],"killed_by":"Lagavulin","ascension_level":19}}