{"host":"chv1qanoipyt46jc","time":1608761609,"event":{"mods":["2.2 Compatiblity","AchievementEnabler","BaseMod","BetterRewards","CapriCore","Card Filter","Conspire","Gold Saver","Grow up Mod","Minty Spire (QoL Compilation)","Rare Cards Sparkle","Relic Filter","Remove Card Discount Mod","Reorder Act Four","StSLib","The Judge"],"gold_per_floor":[827,840,840,840,856,888,888,907,907,907,927,927,939,952,952,1053,1053,1069,1083,1094,1040,1050,1075,1095,1122,1145,1145,1171,1171,1171,1186,1186,1287,1287,1307,981,998,998,1016,1047,1047,1082,1106,1156,1186,1186,1186,1196,1196,1196,1196,1196,1196,1224,1224],"floor_reached":56,"playtime":2538,"items_purged":["WordoMod:StrikeCard","WordoMod:StrikeCard","WordoMod:StrikeCard","WordoMod:StrikeCard","WordoMod:DefendCard","WordoMod:DefendCard","WordoMod:DefendCard","WordoMod:DefendCard","WordoMod:WillOWisp"],"score":1774,"play_id":"4313b020-edd2-4df8-9eee-cfce481f0456","local_time":"20201223161329","is_ascension_mode":false,"campfire_choices":[{"data":"WordoMod:LanternFlame","floor":7,"key":"SMITH"},{"data":"WordoMod:ICurseThee","floor":12,"key":"SMITH"},{"floor":15,"key":"RECALL"},{"data":"WordoMod:Repent","floor":29,"key":"SMITH"},{"data":"WordoMod:Vulgarity","floor":32,"key":"SMITH"},{"data":"WordoMod:DarkForm","floor":41,"key":"SMITH"},{"data":"WordoMod:Resurrection","floor":46,"key":"SMITH"},{"data":"WordoMod:Cataclysm","floor":49,"key":"SMITH"},{"data":"WordoMod:IllWill","floor":53,"key":"SMITH"}],"circlet_count":0,"master_deck":["WordoMod:Accursed","WordoMod:IllWill+1","WordoMod:SoulSpear","WordoMod:MementoMori","WordoMod:LanternFlame+1","WordoMod:Accursed","WordoMod:Cataclysm+1","WordoMod:ICurseThee+1","WordoMod:FoggyMind","WordoMod:CurseBuckler","Parasite","WordoMod:Vulgarity+1","Clumsy","WordoMod:BreakChains","WordoMod:Repent+1","Clumsy","WordoMod:Repent+1","WordoMod:Vulgarity+1","WordoMod:LanternFlame","WordoMod:Resurrection+1","WordoMod:MementoMori+1","WordoMod:DarkForm+1","Injury","WordoMod:Resurrection+1","WordoMod:Resurrection+1","WordoMod:Accursed","WordoMod:MementoMori+1"],"relics":["WordoMod:Obsidian","WordoMod:Effigy","conspire:GlowingRock","PreservedInsect","Medical Kit","Thread and Needle","Black Star","Sundial","conspire:DecoderRing","WingedGreaves","Potion Belt","Omamori","Question Card","Matryoshka","SacredBark","Blue Candle","Bronze Scales","Ancient Tea Set","Juzu Bracelet","Ginger","Strawberry","conspire:Dentures","conspire:GiftBox","Ice Cream","Toxic Egg 2","CaptainsWheel","Oddly Smooth Stone"],"acts_visited":["Exordium","TheCity","TheBeyond","TheEnding"],"potions_floor_usage":[54,55,55,55],"damage_taken":[{"damage":0,"enemies":"2 Louse","floor":1,"turns":1},{"damage":4,"enemies":"Jaw Worm","floor":2,"turns":2},{"damage":0,"enemies":"Cultist","floor":5,"turns":2},{"damage":0,"enemies":"Gremlin Nob","floor":6,"turns":2},{"damage":0,"enemies":"Large Slime","floor":8,"turns":3},{"damage":0,"enemies":"Blue Slaver","floor":11,"turns":3},{"damage":0,"enemies":"Exordium Wildlife","floor":13,"turns":1},{"damage":0,"enemies":"Large Slime","floor":14,"turns":3},{"damage":24,"enemies":"The Guardian","floor":16,"turns":7},{"damage":17,"enemies":"2 Thieves","floor":18,"turns":3},{"damage":6,"enemies":"Chosen","floor":19,"turns":3},{"damage":11,"enemies":"3 Cultists","floor":20,"turns":3},{"damage":2,"enemies":"Cultist and Chosen","floor":22,"turns":4},{"damage":0,"enemies":"conspire:Head Lice","floor":23,"turns":3},{"damage":6,"enemies":"Snecko","floor":24,"turns":4},{"damage":3,"enemies":"Book of Stabbing","floor":25,"turns":3},{"damage":7,"enemies":"conspire:SneckoGhost","floor":28,"turns":4},{"damage":4,"enemies":"conspire:HollyBat","floor":31,"turns":5},{"damage":39,"enemies":"Automaton","floor":33,"turns":9},{"damage":0,"enemies":"3 Shapes","floor":35,"turns":3},{"damage":7,"enemies":"Orb Walker","floor":37,"turns":2},{"damage":13,"enemies":"Sphere and 2 Shapes","floor":39,"turns":4},{"damage":6,"enemies":"Nemesis","floor":40,"turns":5},{"damage":14,"enemies":"Giant Head","floor":42,"turns":6},{"damage":10,"enemies":"Mind Bloom Boss Battle","floor":44,"turns":6},{"damage":6,"enemies":"Reptomancer","floor":45,"turns":4},{"damage":35,"enemies":"Spire Growth","floor":48,"turns":5},{"damage":27,"enemies":"Awakened One","floor":50,"turns":7},{"damage":25,"enemies":"Shield and Spear","floor":54,"turns":3},{"damage":61,"enemies":"The Heart","floor":55,"turns":7}],"seed_played":"8998475305032698972","potions_obtained":[{"floor":6,"key":"SpeedPotion"},{"floor":13,"key":"BlessingOfTheForge"},{"floor":14,"key":"Swift Potion"},{"floor":25,"key":"GamblersBrew"},{"floor":28,"key":"Weak Potion"},{"floor":54,"key":"Fruit Juice"}],"is_trial":false,"path_per_floor":["M","M","?","?","M","E","R","M","T","$","M","R","M","M","R","B",null,"M","M","M","$","M","E","M","E","T","$","E","R","?","M","R","B",null,"M","$","M","?","M","E","R","E","T","?","E","R","?","M","R","B",null,"$","R","E","B",null],"character_chosen":"JUDGE_CLASS","items_purchased":["conspire:GlowingRock","WordoMod:SoulSpear","PreservedInsect","WordoMod:MementoMori","WordoMod:LanternFlame","Medical Kit","WordoMod:WillOWisp","WordoMod:BreakChains","Blue Candle","WordoMod:Resurrection","WordoMod:SoulSpear"],"campfire_rested":0,"item_purchase_floors":[0,0,0,0,0,0,0,21,36,36,36],"current_hp_per_floor":[55,61,76,86,96,106,116,126,136,146,156,166,176,186,196,182,260,253,257,256,266,274,284,288,295,305,315,318,328,338,344,354,325,430,440,450,453,463,460,464,474,470,487,487,491,501,511,486,496,479,607,617,627,622,571],"gold":1224,"neow_bonus":"","is_daily":false,"chose_seed":false,"campfire_upgraded":8,"win_rate":0.0,"timestamp":1608761609,"path_taken":["M","M","?","?","M","E","R","?","T","$","M","R","M","M","R","BOSS","M","M","M","$","?","E","M","E","T","$","E","R","?","M","R","BOSS","M","$","M","?","M","E","R","E","T","?","E","R","?","M","R","BOSS","$","R","E","BOSS"],"items_purchased_type":["Relic","Card","Relic","Card","Card","Relic","Card","Card","Relic","Card","Card"],"build_version":"2020-12-22","purchased_purges":9,"victory":true,"max_hp_per_floor":[95,105,120,130,140,150,160,170,180,190,200,210,220,230,240,250,260,270,280,290,300,310,320,330,340,350,360,370,380,390,400,410,420,430,440,450,460,470,480,490,500,510,527,537,547,557,567,577,587,597,607,617,627,647,657],"card_choices":[{"not_picked":["WordoMod:Reading","WordoMod:SecondChance","WordoMod:Sacrilege"],"picked":"SKIP","floor":1},{"not_picked":["WordoMod:CloudOfDust","WordoMod:BreakChains","WordoMod:AfflictedWeapon"],"picked":"SKIP","floor":2},{"not_picked":["conspire:NecroticWound","Shame"],"picked":"WordoMod:Accursed","floor":5},{"not_picked":["WordoMod:Pestilence","WordoMod:Unchained"],"picked":"WordoMod:Cataclysm","floor":5},{"not_picked":["WordoMod:Penitence","WordoMod:BadMemories","WordoMod:Unchained"],"picked":"SKIP","floor":6},{"not_picked":["WordoMod:ScatterAshes","WordoMod:BurdenOfSin"],"picked":"WordoMod:ICurseThee","floor":8},{"not_picked":["Doubt","Parasite"],"picked":"WordoMod:FoggyMind","floor":11},{"not_picked":["WordoMod:BurdenOfSin","WordoMod:Sickness","WordoMod:Penitence"],"picked":"SKIP","floor":11},{"not_picked":["WordoMod:Sacrilege","WordoMod:MorbidFascination"],"picked":"WordoMod:CurseBuckler","floor":13},{"not_picked":["WordoMod:ScatterAshes","WordoMod:Rise","WordoMod:WillOWisp"],"picked":"SKIP","floor":14},{"not_picked":["conspire:NecroticWound","Pain"],"picked":"Parasite","floor":16},{"not_picked":["WordoMod:Retaliate","WordoMod:Sickness"],"picked":"WordoMod:Vulgarity+1","floor":18},{"not_picked":["WordoMod:Retaliate","WordoMod:MaliceSoul","WordoMod:SoulSpear+1"],"picked":"SKIP","floor":19},{"not_picked":["Shame","conspire:NecroticWound"],"picked":"Clumsy","floor":20},{"not_picked":["WordoMod:Retaliate","WordoMod:Spite+1","WordoMod:UltimateSacrifice"],"picked":"SKIP","floor":20},{"not_picked":["WordoMod:BreakChains","WordoMod:Malice"],"picked":"WordoMod:Repent+1","floor":22},{"not_picked":["WordoMod:Reading","WordoMod:BadMemories+1","WordoMod:CloudOfDust"],"picked":"SKIP","floor":23},{"not_picked":["Pain","conspire:NecroticWound"],"picked":"Clumsy","floor":24},{"not_picked":["WordoMod:Malice+1","WordoMod:RiskTaker+1"],"picked":"WordoMod:Repent","floor":24},{"not_picked":["WordoMod:BreakChains","WordoMod:BurdenOfSin"],"picked":"WordoMod:Vulgarity","floor":25},{"not_picked":["WordoMod:ConjureTheDamned","WordoMod:Combo","WordoMod:BurdenOfSin"],"picked":"SKIP","floor":28},{"not_picked":["conspire:NecroticWound","Doubt"],"picked":"Injury","floor":31},{"not_picked":["WordoMod:BadMemories","WordoMod:MementoMori","WordoMod:MentalFortitude","WordoMod:BoundlessGreed"],"picked":"SKIP","floor":31},{"not_picked":["WordoMod:ScatterAshes","WordoMod:BadMemories+1","WordoMod:Unchained"],"picked":"WordoMod:LanternFlame","floor":35},{"not_picked":["Clumsy","Writhe"],"picked":"WordoMod:Accursed","floor":37},{"not_picked":["WordoMod:Sickness+1","WordoMod:BloodThinning+1","WordoMod:Unchained+1","WordoMod:FamousTechnique"],"picked":"SKIP","floor":37},{"not_picked":["WordoMod:Spite+1","WordoMod:Repent+1","WordoMod:RiskTaker"],"picked":"WordoMod:MementoMori+1","floor":39},{"not_picked":["WordoMod:ProfanedFlame+1","WordoMod:Sickness","WordoMod:MentalFortitude+1"],"picked":"WordoMod:DarkForm","floor":40},{"not_picked":["Shame","WordoMod:FoggyMind"],"picked":"Injury","floor":42},{"not_picked":["WordoMod:SacRite+1","WordoMod:Retaliate","WordoMod:Pestilence+1"],"picked":"WordoMod:Resurrection+1","floor":42},{"not_picked":["WordoMod:PurgeDisease","WordoMod:Retaliate+1","WordoMod:BurdenOfSin"],"picked":"WordoMod:Resurrection+1","floor":45},{"not_picked":["Doubt","conspire:Blindness"],"picked":"WordoMod:Accursed","floor":48},{"not_picked":["WordoMod:Unchained","WordoMod:Exorcism+1","WordoMod:BreakChains+1"],"picked":"WordoMod:MementoMori+1","floor":48},{"not_picked":["WordoMod:Retaliate","WordoMod:GivesYouHell+1","WordoMod:Spite","WordoMod:Parry+1"],"picked":"SKIP","floor":54}],"player_experience":329606,"relics_obtained":[{"floor":6,"key":"Thread and Needle"},{"floor":23,"key":"Sundial"},{"floor":23,"key":"conspire:DecoderRing"},{"floor":25,"key":"WingedGreaves"},{"floor":25,"key":"Potion Belt"},{"floor":26,"key":"Omamori"},{"floor":28,"key":"Question Card"},{"floor":28,"key":"Matryoshka"},{"floor":40,"key":"Bronze Scales"},{"floor":40,"key":"Ancient Tea Set"},{"floor":42,"key":"Juzu Bracelet"},{"floor":42,"key":"Ginger"},{"floor":43,"key":"Strawberry"},{"floor":43,"key":"conspire:Dentures"},{"floor":44,"key":"conspire:GiftBox"},{"floor":45,"key":"Ice Cream"},{"floor":45,"key":"Toxic Egg 2"},{"floor":54,"key":"CaptainsWheel"},{"floor":54,"key":"Oddly Smooth Stone"}],"event_choices":[{"damage_healed":0,"gold_gain":0,"player_choice":"Donut","damage_taken":0,"max_hp_gain":5,"max_hp_loss":0,"event_name":"Big Fish","floor":3,"gold_loss":0},{"damage_healed":0,"gold_gain":0,"player_choice":"0 cards matched","damage_taken":0,"max_hp_gain":0,"max_hp_loss":0,"event_name":"Match and Keep!","floor":4,"gold_loss":0,"cards_obtained":[]},{"damage_healed":0,"gold_gain":0,"player_choice":"Simplicity","damage_taken":0,"max_hp_gain":0,"max_hp_loss":0,"event_name":"Back to Basics","floor":30,"gold_loss":0,"cards_upgraded":[]},{"cards_removed":["WordoMod:SoulSpear"],"damage_healed":0,"gold_gain":0,"player_choice":"Removed Attack","damage_taken":0,"max_hp_gain":0,"max_hp_loss":0,"event_name":"Falling","floor":38,"gold_loss":0},{"damage_healed":0,"gold_gain":0,"player_choice":"Fight","damage_taken":0,"max_hp_gain":0,"max_hp_loss":0,"event_name":"MindBloom","floor":44,"gold_loss":0},{"damage_healed":0,"gold_gain":0,"player_choice":"Ignored","damage_taken":0,"max_hp_gain":0,"max_hp_loss":0,"event_name":"Tomb of Lord Red Mask","floor":47,"gold_loss":0}],"is_beta":false,"boss_relics":[{"not_picked":["Pandora\u0027s Box","conspire:RoyalGoblet"],"picked":"Black Star"},{"not_picked":["Runic Dome","conspire:RunicOctahedron"],"picked":"SacredBark"}],"items_purged_floors":[0,0,0,0,0,0,0,0,21],"is_endless":false,"potions_floor_spawned":[6,13,14,18,24,25,28,33,37,44,48,54],"ascension_level":0}}