{"host":"r5cycnjhcbwgkpkf","time":1608704661,"event":{"mods":["2.2 Compatiblity","AchievementEnabler","BaseMod","Bestiary","Better Match","Better Note","Better Skull","Better Third Choice","BetterRewards","Colored Map","Colored Powertips","Downfall","Googly Eyes","Infinite Spire","Minty Spire (QoL Compilation)","Replay The Spire","Spicy Shops","StSLib"],"gold_per_floor":[99,111,111,111,124,124,124,224,240,254,283,105,105,123,141,245,245,245,265,281,281,295,295,295,295,395,395,407,421,421,444,459,562,612,612,632,0,10,60,60,87,105,123,137,156,174,174,174,191,191],"floor_reached":51,"playtime":4570,"items_purged":["champ:Defend"],"score":705,"play_id":"fe7d2255-9818-4f79-8f1c-61fe4f4b92fc","local_time":"20201222222421","is_ascension_mode":false,"campfire_choices":[{"data":"champ:Taunt","floor":1.0,"key":"SMITH"},{"data":"champ:Execute","floor":6.0,"key":"SMITH"},{"floor":13.0,"key":"REST"},{"data":"champ:FanOfKnives","floor":18.0,"key":"SMITH"},{"data":"champ:EnragedBash","floor":23.0,"key":"SMITH"},{"data":"champ:RecklessLeap","floor":27.0,"key":"SMITH"},{"data":"champ:AdrenalArmor","floor":30.0,"key":"SMITH"},{"data":"champ:PerfectForm","floor":35.0,"key":"SMITH"},{"data":"champ:Encircle","floor":47,"key":"SMITH"}],"circlet_count":0,"master_deck":["champ:Strike","champ:Strike","champ:Strike","champ:Defend","champ:Defend","champ:Defend+1","champ:Execute+1","champ:Taunt+1","champ:AdrenalArmor+1","champ:Encircle+1","champ:FanOfKnives+1","champ:CalledShot","champ:FaceSlap","champ:ViciousMockery","champ:VampiricStrike+1","champ:RecklessLeap+1","champ:Backstep","champ:EnragedBash+1","champ:CheapShot+1","champ:EnGarde+1","champ:PerfectForm+1","champ:GutPunch+1"],"relics":["champ:ChampionCrown","Bottled Lightning","Replay:Bottled Steam","CloakClasp","ReplayTheSpireMod:Ninjato","Black Star","Boot","Busted Crown","White Beast Statue","infinitespire:ShieldingShard","champ:BlackKnightHelmet","infinitespire:Lucky Rock","Tiny House","Omamori","Mirror","Guide Book","Lantern","CaptainsWheel","Regal Pillow"],"acts_visited":["Exordium","TheCity","TheBeyond"],"potions_floor_usage":[50],"damage_taken":[{"damage":18.0,"enemies":"Cultist","floor":2.0,"turns":5.0},{"damage":10.0,"enemies":"2 Louse","floor":5.0,"turns":3.0},{"damage":57.0,"enemies":"2 Louse","floor":8.0,"turns":9.0},{"damage":9.0,"enemies":"Small Slimes","floor":9.0,"turns":3.0},{"damage":12.0,"enemies":"2 Fungi Beasts","floor":10.0,"turns":3.0},{"damage":34.0,"enemies":"Lagavulin","floor":11.0,"turns":6.0},{"damage":21.0,"enemies":"downfall:FleeingMerchant","floor":12.0,"turns":4.0},{"damage":12.0,"enemies":"Red Slaver","floor":14.0,"turns":5.0},{"damage":13.0,"enemies":"Large Slime","floor":15.0,"turns":4.0},{"damage":132.0,"enemies":"downfall:Defect","floor":16.0,"turns":7.0},{"damage":29.0,"enemies":"3 Byrds","floor":19.0,"turns":5.0},{"damage":71.0,"enemies":"Centurion and Healer","floor":20.0,"turns":11.0},{"damage":29.0,"enemies":"Chosen and Byrds","floor":22.0,"turns":4.0},{"damage":48.0,"enemies":"Chosen and Byrds","floor":26.0,"turns":6.0},{"damage":45.0,"enemies":"Snecko","floor":28.0,"turns":5.0},{"damage":45.0,"enemies":"Snake Plant","floor":29.0,"turns":3.0},{"damage":50.0,"enemies":"Sentry and Sphere","floor":32.0,"turns":4.0},{"damage":86.0,"enemies":"downfall:Silent","floor":33.0,"turns":7.0},{"damage":23.0,"enemies":"3 Darklings","floor":36.0,"turns":4.0},{"damage":39.0,"enemies":"downfall:FleeingMerchant","floor":37.0,"turns":5.0},{"damage":31.0,"enemies":"Orb Walker","floor":38.0,"turns":3.0},{"damage":54,"enemies":"Mind Bloom Boss Battle","floor":39,"turns":7},{"damage":55,"enemies":"Sphere and 2 Shapes","floor":42,"turns":3},{"damage":21,"enemies":"4 Shapes","floor":43,"turns":2},{"damage":53,"enemies":"Transient","floor":44,"turns":5},{"damage":37,"enemies":"Sphere and 2 Shapes","floor":45,"turns":4},{"damage":38,"enemies":"Spire Growth","floor":46,"turns":5},{"damage":65,"enemies":"Transient","floor":49,"turns":5},{"damage":119,"enemies":"downfall:Ironclad","floor":50,"turns":10}],"seed_played":"5378032800453499367","potions_obtained":[{"floor":2.0,"key":"SkillPotion"},{"floor":10.0,"key":"Weak Potion"},{"floor":14.0,"key":"LifebloodPotion"},{"floor":19.0,"key":"EssenceOfSteel"},{"floor":26.0,"key":"Adrenaline Potion"},{"floor":33.0,"key":"Guardian:BlockOnCardUsePotion"},{"floor":45,"key":"FairyPotion"}],"is_trial":false,"path_per_floor":["R","M","?","?","M","R","T","?","M","M","E","$","R","M","M","B",null,"R","M","M","AVR","M","R","T","?","?","R","M","M","R","T","M","B",null,"R","M","$","M","?","?","T","M","M","M","M","M","R","?","M","B",null],"character_chosen":"THE_CHAMP","items_purchased":["champ:RecklessLeap","champ:Backstep","Omamori","Mirror","Guide Book","Lantern"],"campfire_rested":1,"item_purchase_floors":[12,12,37,37,37,37],"current_hp_per_floor":[90,86,86,86,86,86,86,66,66,60,45,42,69,81,81,9,90,90,90,65,65,78,78,78,78,78,78,88,76,76,76,83,61,95,95,88,82,88,95,95,95,68,63,90,91,95,95,95,95,95],"gold":191,"neow_bonus":"TRANSFORM_CARD","is_daily":false,"chose_seed":false,"campfire_upgraded":8,"win_rate":0.0,"timestamp":1608704661,"path_taken":["R","M","?","?","M","R","T","?","M","M","E","$","R","M","M","BOSS","R","M","M","AVR","M","R","T","?","?","R","M","M","R","?","M","BOSS","R","M","$","M","?","?","T","M","?","M","M","M","R","?","M","BOSS"],"items_purchased_type":["Card","Card","Relic","Relic","Relic","Relic"],"build_version":"2020-12-22","purchased_purges":1,"victory":true,"max_hp_per_floor":[90,90,90,90,90,90,90,90,90,90,90,90,90,90,90,90,90,90,90,90,90,90,90,90,90,90,90,90,90,90,90,90,90,95,95,95,95,95,95,95,95,95,95,95,95,95,95,95,95,95],"card_choices":[{"not_picked":["champ:Circumvent","champ:CrookedStrike"],"picked":"champ:Encircle","floor":2.0},{"not_picked":["champ:GladiatorsShout","champ:BladeFlurry"],"picked":"champ:FanOfKnives","floor":5.0},{"not_picked":["champ:ShieldSlam","champ:GladiatorsShout"],"picked":"champ:CalledShot","floor":8.0},{"not_picked":["champ:PreciseThrust","champ:DefensiveShout"],"picked":"champ:FaceSlap","floor":9.0},{"not_picked":["champ:AdrenalArmor","champ:FanOfKnives"],"picked":"champ:ViciousMockery","floor":10.0},{"not_picked":["champ:ShieldWall","champ:RapidStrikes"],"picked":"champ:VampiricStrike","floor":11.0},{"not_picked":["champ:GladiatorsShout","champ:PerfectedStrike","champ:Encircle"],"picked":"SKIP","floor":12.0},{"not_picked":["champ:CrookedStrike","champ:ViciousMockery"],"picked":"champ:EnragedBash","floor":14.0},{"not_picked":["champ:Encircle","champ:BladeFlurry","champ:DefensiveShout"],"picked":"SKIP","floor":15.0},{"not_picked":["champ:CrownThrow","champ:VampiricStrike"],"picked":"champ:CheapShot","floor":16.0},{"not_picked":["champ:Circumvent","champ:CrookedStrike","champ:FalseCounter"],"picked":"SKIP","floor":19.0},{"not_picked":["champ:GladiatorStyle","champ:PreciseThrust","champ:DefensiveShout+1"],"picked":"SKIP","floor":20.0},{"not_picked":[],"picked":"champ:EnGarde+1","floor":22.0},{"not_picked":["champ:Encircle"],"picked":"SKIP","floor":28.0},{"not_picked":["champ:BladeFlurry"],"picked":"SKIP","floor":29.0},{"not_picked":["champ:BerserkersShout"],"picked":"SKIP","floor":32.0},{"not_picked":[],"picked":"champ:PerfectForm","floor":33.0},{"not_picked":["champ:Haymaker"],"picked":"SKIP","floor":36.0},{"not_picked":["champ:FaceSlap"],"picked":"SKIP","floor":37.0},{"not_picked":["champ:GladiatorsShout"],"picked":"SKIP","floor":38.0},{"not_picked":[],"picked":"champ:GutPunch+1","floor":39},{"not_picked":["champ:TornadoPunch+1"],"picked":"SKIP","floor":42},{"not_picked":["champ:CrookedStrike+1"],"picked":"SKIP","floor":43},{"not_picked":["champ:EnGarde+1"],"picked":"SKIP","floor":44},{"not_picked":["champ:PerfectedStrike+1"],"picked":"SKIP","floor":45},{"not_picked":["champ:StanceDance+1"],"picked":"SKIP","floor":46},{"not_picked":["champ:EndlessRage+1"],"picked":"SKIP","floor":49}],"player_experience":369802,"relics_obtained":[{"floor":4.0,"key":"Bottled Lightning"},{"floor":7.0,"key":"Replay:Bottled Steam"},{"floor":8.0,"key":"CloakClasp"},{"floor":11.0,"key":"ReplayTheSpireMod:Ninjato"},{"floor":24.0,"key":"White Beast Statue"},{"floor":26.0,"key":"infinitespire:ShieldingShard"},{"floor":26.0,"key":"champ:BlackKnightHelmet"},{"floor":31.0,"key":"infinitespire:Lucky Rock"},{"floor":39,"key":"CaptainsWheel"},{"floor":41,"key":"Regal Pillow"}],"event_choices":[{"damage_healed":0.0,"max_hp_gain":0.0,"max_hp_loss":0.0,"gold_gain":0.0,"event_name":"betterNote:BetterNote","player_choice":"Ignored","floor":25.0,"gold_loss":0.0,"damage_taken":0.0,"cards_obtained":["infinitespire:Collect"]},{"damage_healed":0,"gold_gain":0,"player_choice":"Ignored","damage_taken":0,"max_hp_gain":0,"max_hp_loss":0,"event_name":"Purifier","floor":40,"gold_loss":0}],"is_beta":false,"boss_relics":[{"not_picked":["Coffee Dripper","Snecko Eye"],"picked":"Black Star"},{"not_picked":["Pandora\u0027s Box","Runic Pyramid"],"picked":"Tiny House"}],"items_purged_floors":[12],"is_endless":false,"potions_floor_spawned":[2,10,14,19,26,28,29,32,33,36,37,38,39,42,43,44,45,46,49],"ascension_level":0}}