{"host":"jn0ak8pel44mihsi","time":1608707065,"event":{"mods":["BaseMod","Colored Map","Downfall","Minty Spire (QoL Compilation)","StSLib"],"gold_per_floor":[99,99,99,99,99,99,99,134,44,78,78,78,92,110,120,120,120,120],"floor_reached":16,"playtime":1200,"items_purged":["Regret"],"score":106,"play_id":"b7fa45af-ffb3-4a1e-ac43-2f2d8e2c9e60","local_time":"20201223010425","is_ascension_mode":false,"campfire_choices":[{"data":"Guardian:CurlUp","floor":1,"key":"SMITH"},{"data":"Guardian:HyperBeam_Guardian","floor":11,"key":"SMITH"}],"circlet_count":0,"master_deck":["Guardian:Strike_Guardian","Guardian:Strike_Guardian","Guardian:Strike_Guardian","Guardian:Strike_Guardian","Guardian:Defend_Guardian+1","Guardian:Defend_Guardian+1","Guardian:Defend_Guardian","Guardian:Defend_Guardian","Guardian:CurlUp+1","Guardian:TwinSlam","Guardian:ChargeCore+1","Guardian:PrismaticBarrier","Guardian:ShieldSpikes","Guardian:HyperBeam_Guardian+1","Guardian:TemporalStrike","Guardian:TemporalShield","Guardian:RevengeProtocol"],"relics":["Guardian:ModeShifter","downfall:HeartsMalice","Shuriken","Anchor","Bottled Flame","downfall:BrokenWingStatue"],"acts_visited":["Exordium"],"potions_floor_usage":[16],"damage_taken":[{"damage":0,"enemies":"Small Slimes","floor":2,"turns":1},{"damage":0,"enemies":"Jaw Worm","floor":3,"turns":1},{"damage":0,"enemies":"2 Louse","floor":6,"turns":1},{"damage":20,"enemies":"Lagavulin","floor":8,"turns":9},{"damage":2,"enemies":"downfall:FleeingMerchant","floor":9,"turns":4},{"damage":24,"enemies":"Gremlin Nob","floor":10,"turns":5},{"damage":0,"enemies":"2 Fungi Beasts","floor":13,"turns":3},{"damage":10,"enemies":"Exordium Thugs","floor":14,"turns":4},{"damage":1,"enemies":"Lots of Slimes","floor":15,"turns":3},{"damage":25,"enemies":"downfall:Watcher","floor":16,"turns":15}],"seed_played":"-644105084341564035","potions_obtained":[{"floor":8,"key":"Ancient Potion"},{"floor":10,"key":"PowerPotion"},{"floor":15,"key":"Energy Potion"}],"is_trial":false,"path_per_floor":["R","M","M","?","?","M","T","E","$","E","R","?","M","M","M","B"],"character_chosen":"GUARDIAN","items_purchased":[],"campfire_rested":0,"item_purchase_floors":[],"current_hp_per_floor":[80,80,80,80,80,80,80,60,58,34,34,34,34,24,23,0,0,0],"gold":120,"neow_bonus":"THREE_ENEMY_KILL","is_daily":false,"chose_seed":false,"campfire_upgraded":2,"win_rate":0.0,"timestamp":1608707065,"path_taken":["R","M","M","?","?","M","T","E","$","E","R","?","M","M","M","BOSS"],"items_purchased_type":[],"build_version":"2020-12-22","purchased_purges":1,"victory":false,"max_hp_per_floor":[80,80,80,80,80,80,80,80,80,80,80,80,80,80,80,80,80,80],"card_choices":[{"not_picked":["Guardian:ArmoredProtocol","Guardian:Gem_Red"],"picked":"Guardian:TimeCapacitor","floor":2},{"not_picked":["Guardian:CrystalBeam","Guardian:Incinerate"],"picked":"Guardian:ChargeCore","floor":3},{"not_picked":["Guardian:Gem_Blue","Guardian:FloatingOrbs"],"picked":"Guardian:Gem_Crimson","floor":6},{"not_picked":["Guardian:Gem_Green","Guardian:DecasProtection"],"picked":"Guardian:PrismaticBarrier","floor":8},{"not_picked":["Guardian:PiercingHide","Guardian:PolyBeam"],"picked":"Guardian:ShieldSpikes","floor":9},{"not_picked":["Guardian:Gem_Green","Guardian:EvasiveProtocol"],"picked":"Guardian:HyperBeam_Guardian","floor":10},{"not_picked":["Guardian:ChargeCore","Guardian:SentryBeam"],"picked":"Guardian:TemporalStrike","floor":13},{"not_picked":["Guardian:Clone","Guardian:Planning"],"picked":"Guardian:TemporalShield","floor":14},{"not_picked":["Guardian:ChargeCore","Guardian:GuardianWhirl"],"picked":"Guardian:RevengeProtocol","floor":15}],"player_experience":466840,"relics_obtained":[{"floor":7,"key":"Shuriken"},{"floor":8,"key":"Anchor"},{"floor":10,"key":"Bottled Flame"}],"event_choices":[],"is_beta":false,"boss_relics":[],"items_purged_floors":[9],"is_endless":false,"potions_floor_spawned":[8,10,15],"killed_by":"downfall:Watcher","ascension_level":0}}