{"host":"adv1uqz3812gqgbw","time":1608688184,"event":{"mods":["BaseMod","Better Note","Better Third Choice","Colored Powertips","Custom Start","Dio Mod","GifTheSpireLib","Hermit","Minty Spire (QoL Compilation)","Robot Space Explorer","StSLib","The Runesmith","Transform Curses","Uncapped"],"gold_per_floor":[114,128,144,109,126,155,155,155,155,173,200,215,246,257,257,362,362,376,391,50,68,79,113,113,113,113,124,139,139,157,175,175,274,274,291,51,96,96,6,39,39,52,52,52,52,68,395,445,445,445],"floor_reached":51,"playtime":3736,"items_purged":[],"score":1710,"play_id":"06548666-49d2-4094-87e2-72cd501ab93c","local_time":"20201222234944","is_ascension_mode":true,"campfire_choices":[{"floor":8,"key":"REST"},{"floor":15,"key":"REST"},{"floor":24,"key":"REST"},{"floor":29,"key":"REST"},{"floor":32,"key":"REST"},{"floor":41,"key":"REST"},{"floor":49,"key":"REST"}],"circlet_count":0,"master_deck":["Runesmith:LithiumIon+1","Runesmith:LithiumIon+1","Runesmith:CraftIncendium+1","Runesmith:CraftIncendium+1","Deep Breath+1","Deep Breath+1","Runesmith:CraftVitae+1","Deep Breath+1","Runesmith:Refine","Runesmith:CraftMagma+1"],"relics":["Runesmith:BrokenRuby","Bag of Preparation","Runesmith:PocketReactor","Runesmith:MiniCore","Runesmith:Nanobots","RobotSpaceExplorer:BottledGravity","Bottled Tornado","Bottled Lightning","Bag of Marbles","Ginger","Frozen Eye","Pear","Letter Opener","Lantern","Membership Card","Runesmith:AutoHammer","Mango","Paper Frog","The Courier","StrikeDummy","Potion Belt","Toy Ornithopter","Fusion Hammer","Boot","Orichalcum","Unceasing Top","Question Card","Ancient Tea Set","Ornamental Fan","Black Star","Bronze Scales","Regal Pillow","Vajra","Strawberry","War Paint","Runesmith:EmergencyProvisions","Turnip","Blue Candle","Singing Bowl","Old Coin","Incense Burner"],"acts_visited":["Exordium","TheCity","TheBeyond"],"potions_floor_usage":[],"damage_taken":[{"damage":0,"enemies":"Small Slimes","floor":1,"turns":1},{"damage":0,"enemies":"Jaw Worm","floor":2,"turns":1},{"damage":0,"enemies":"2 Louse","floor":3,"turns":1},{"damage":0,"enemies":"Gremlin Gang","floor":5,"turns":1},{"damage":0,"enemies":"Lagavulin","floor":6,"turns":2},{"damage":0,"enemies":"2 Fungi Beasts","floor":10,"turns":1},{"damage":0,"enemies":"Gremlin Nob","floor":11,"turns":1},{"damage":0,"enemies":"3 Louse","floor":12,"turns":1},{"damage":0,"enemies":"Lagavulin","floor":13,"turns":1},{"damage":0,"enemies":"Blue Slaver","floor":14,"turns":1},{"damage":0,"enemies":"The Guardian","floor":16,"turns":1},{"damage":0,"enemies":"Chosen","floor":18,"turns":1},{"damage":0,"enemies":"Spheric Guardian","floor":19,"turns":1},{"damage":0,"enemies":"Snecko","floor":21,"turns":1},{"damage":0,"enemies":"Shelled Parasite and Fungi","floor":22,"turns":1},{"damage":0,"enemies":"Slavers","floor":23,"turns":1},{"damage":0,"enemies":"Sentry and Sphere","floor":27,"turns":1},{"damage":0,"enemies":"Cultist and Chosen","floor":28,"turns":1},{"damage":0,"enemies":"Centurion and Healer","floor":30,"turns":1},{"damage":0,"enemies":"Sentry and Sphere","floor":31,"turns":1},{"damage":0,"enemies":"Collector","floor":33,"turns":1},{"damage":0,"enemies":"Orb Walker","floor":35,"turns":1},{"damage":0,"enemies":"2 Orb Walkers","floor":37,"turns":1},{"damage":0,"enemies":"Reptomancer","floor":40,"turns":1},{"damage":0,"enemies":"3 Darklings","floor":42,"turns":1},{"damage":0,"enemies":"Transient","floor":46,"turns":3},{"damage":0,"enemies":"Nemesis","floor":47,"turns":1},{"damage":0,"enemies":"Mind Bloom Boss Battle","floor":48,"turns":1},{"damage":0,"enemies":"Time Eater","floor":50,"turns":3}],"seed_played":"-6411751624693463166","potions_obtained":[{"floor":2,"key":"Regen Potion"},{"floor":6,"key":"FearPotion"},{"floor":10,"key":"DuplicationPotion"},{"floor":11,"key":"SneckoOil"},{"floor":12,"key":"Explosive Potion"},{"floor":13,"key":"GamblersBrew"},{"floor":18,"key":"Dexterity Potion"},{"floor":19,"key":"FearPotion"},{"floor":21,"key":"Fire Potion"},{"floor":35,"key":"Swift Potion"}],"is_trial":true,"path_per_floor":["M","M","M","?","M","E","?","R","T","M","E","M","E","M","R","B",null,"M","M","$","M","M","E","R","?","T","M","M","R","M","M","R","B",null,"M","$","?","?","$","E","R","M","T","?","?","M","E","?","R","B",null],"character_chosen":"RUNESMITH_CLASS","items_purchased":["Boot","Orichalcum","Unceasing Top","Question Card","Bronze Scales","Regal Pillow","Vajra","Strawberry","War Paint","Runesmith:Refine"],"campfire_rested":7,"item_purchase_floors":[20,20,20,20,36,36,36,36,39,39],"current_hp_per_floor":[87,87,87,94,94,94,94,94,94,94,94,94,94,94,94,94,94,94,94,94,94,94,94,94,94,94,94,94,94,94,94,94,94,94,94,101,101,96,96,96,96,96,96,96,96,96,96,98,98,98],"gold":445,"neow_bonus":"","is_daily":false,"chose_seed":false,"campfire_upgraded":0,"win_rate":0.0,"timestamp":1608688184,"path_taken":["M","M","M","?","M","E","?","R","T","M","E","?","E","M","R","BOSS","M","M","$","M","M","E","R","?","T","M","M","R","?","M","R","BOSS","M","$","?","?","$","E","R","M","T","?","?","?","E","?","R","BOSS"],"items_purchased_type":["Relic","Relic","Relic","Relic","Relic","Relic","Relic","Relic","Relic","Card"],"build_version":"2020-12-13","purchased_purges":0,"victory":true,"max_hp_per_floor":[94,94,94,94,94,94,94,94,94,94,94,94,94,94,94,94,94,94,94,94,94,94,94,94,94,94,94,94,94,94,94,94,94,94,94,101,101,96,96,96,96,96,96,96,96,96,96,98,98,98],"card_choices":[{"not_picked":["Runesmith:Grindstone","Runesmith:ChiselStab","Runesmith:RuneHurl"],"picked":"SKIP","floor":1},{"not_picked":["Runesmith:Attraction","Runesmith:EnergizedChisel","Runesmith:CraftIncendium"],"picked":"SKIP","floor":2},{"not_picked":["Runesmith:ShiftingStrike","Runesmith:Grindstone","Runesmith:Accelerate"],"picked":"SKIP","floor":3},{"not_picked":["Runesmith:ChiselStab","Runesmith:RuneHurl","Runesmith:CraftVitae"],"picked":"SKIP","floor":5},{"not_picked":["Runesmith:Supernova","Runesmith:StaticCage","Runesmith:HammerAndChisel"],"picked":"SKIP","floor":6},{"not_picked":["Runesmith:Discharge","Runesmith:CraftMagma","Runesmith:StaticCage"],"picked":"SKIP","floor":10},{"not_picked":["Runesmith:EarthShield","Runesmith:CraftObretio","Runesmith:HammerAndChisel"],"picked":"SKIP","floor":11},{"not_picked":["Runesmith:RunicBlueprint","Runesmith:NanitesCloud","Runesmith:OneForEveryone"],"picked":"SKIP","floor":12},{"not_picked":["Runesmith:FissionHammer","Runesmith:BackupBattery","Runesmith:HammerTime"],"picked":"SKIP","floor":13},{"not_picked":["Runesmith:HammerThrow","Runesmith:EnergizedChisel","Runesmith:BackupBattery"],"picked":"SKIP","floor":14},{"not_picked":["Runesmith:HammerAndChisel","Runesmith:HeatExchange","Runesmith:RuneHurl"],"picked":"SKIP","floor":18},{"not_picked":["Runesmith:HeatedChisel","Runesmith:Empowerment+1"],"picked":"Runesmith:CraftVitae","floor":19},{"not_picked":["Runesmith:Reinforce","Runesmith:CraftProtectio","Runesmith:NanitesCloud+1"],"picked":"Runesmith:CraftSpiculum","floor":21},{"not_picked":["Runesmith:RunicBlueprint","Runesmith:MakeshiftArmor","Runesmith:CraftProtectio","Runesmith:ShiftingStrike+1"],"picked":"SKIP","floor":22},{"not_picked":["Runesmith:Repurpose","Runesmith:MakeshiftArmor","Runesmith:DoubleUp","Runesmith:ChaoticBlast"],"picked":"SKIP","floor":23},{"not_picked":["Runesmith:EnergizedChisel+1","Runesmith:Electrocute","Runesmith:EarthShield","Runesmith:PoweredAnvil"],"picked":"SKIP","floor":27},{"not_picked":["Runesmith:Firestorm+1","Runesmith:MakeshiftArmor","Runesmith:HammerTime","Runesmith:Overpower"],"picked":"SKIP","floor":28},{"not_picked":["Runesmith:HammerAndChisel","Runesmith:Augment","Runesmith:HeatExchange","Runesmith:MetallurgicalResearch"],"picked":"SKIP","floor":30},{"not_picked":["Runesmith:Repurpose","Runesmith:Overpower","Runesmith:CraftProtectio","Runesmith:EarthShield"],"picked":"SKIP","floor":31},{"not_picked":["Runesmith:Malloc","Runesmith:HeatExchange","Runesmith:Accelerate+1","Runesmith:Grindstone"],"picked":"SKIP","floor":35},{"not_picked":["Runesmith:CraftReservo","Runesmith:MakeshiftArmor","Runesmith:Attraction","Runesmith:BackupBattery+1"],"picked":"SKIP","floor":40},{"not_picked":["Runesmith:UnstableHammer+1","Runesmith:Grindstone+1","Runesmith:Overpower+1","Runesmith:Empowerment+1"],"picked":"SKIP","floor":42},{"not_picked":["Runesmith:CraftObretio","Runesmith:CraftReservo+1","Runesmith:HeatExchange","Runesmith:EnergizedChisel+1"],"picked":"SKIP","floor":46},{"not_picked":["Runesmith:ShiftingStrike+1","Runesmith:Overpower+1","Runesmith:ChiselStab+1"],"picked":"Runesmith:CraftMagma+1","floor":47},{"not_picked":["Runesmith:CraftProtectio+1","Runesmith:Empowerment","Runesmith:HeatExchange+1","Runesmith:Repurpose+1"],"picked":"Singing Bowl","floor":48}],"player_experience":308785,"relics_obtained":[{"floor":6,"key":"The Courier"},{"floor":9,"key":"StrikeDummy"},{"floor":11,"key":"Potion Belt"},{"floor":13,"key":"Toy Ornithopter"},{"floor":23,"key":"Ancient Tea Set"},{"floor":26,"key":"Ornamental Fan"},{"floor":40,"key":"Runesmith:EmergencyProvisions"},{"floor":40,"key":"Turnip"},{"floor":43,"key":"Blue Candle"},{"floor":47,"key":"Singing Bowl"},{"floor":47,"key":"Old Coin"},{"floor":48,"key":"Incense Burner"}],"event_choices":[{"damage_healed":23,"gold_gain":0,"player_choice":"Healed","damage_taken":0,"max_hp_gain":0,"max_hp_loss":0,"event_name":"The Cleric","floor":4,"gold_loss":35},{"cards_removed":["Runesmith:CraftIncendium"],"damage_healed":0,"gold_gain":0,"player_choice":"Forget","damage_taken":0,"max_hp_gain":0,"max_hp_loss":0,"event_name":"Living Wall","floor":7,"gold_loss":0},{"damage_healed":0,"gold_gain":0,"player_choice":"Copied","damage_taken":0,"max_hp_gain":0,"max_hp_loss":0,"event_name":"Duplicator","floor":25,"gold_loss":0,"cards_obtained":["Deep Breath"]},{"damage_healed":0,"gold_gain":0,"player_choice":"Fight","damage_taken":0,"max_hp_gain":0,"max_hp_loss":0,"event_name":"Mysterious Sphere","floor":37,"gold_loss":0},{"damage_healed":0,"gold_gain":0,"player_choice":"Max HP","damage_taken":0,"max_hp_gain":0,"max_hp_loss":5,"event_name":"Winding Halls","floor":38,"gold_loss":0},{"cards_removed":["Runesmith:CraftSpiculum"],"damage_healed":0,"gold_gain":0,"player_choice":"Removed Skill","damage_taken":0,"max_hp_gain":0,"max_hp_loss":0,"event_name":"Falling","floor":44,"gold_loss":0},{"damage_healed":0,"gold_gain":0,"player_choice":"Memory 1","damage_taken":0,"max_hp_gain":0,"max_hp_loss":0,"event_name":"SensoryStone","floor":45,"gold_loss":0},{"damage_healed":0,"gold_gain":0,"player_choice":"Fight","damage_taken":0,"max_hp_gain":0,"max_hp_loss":0,"event_name":"MindBloom","floor":48,"gold_loss":0}],"is_beta":false,"boss_relics":[{"not_picked":["Runesmith:PocketReactor","Runic Dome"],"picked":"Fusion Hammer"},{"not_picked":["Cursed Key","Busted Crown"],"picked":"Black Star"}],"items_purged_floors":[],"is_endless":false,"potions_floor_spawned":[2,6,10,11,12,13,18,19,21,28,30,35,46,48],"ascension_level":9}}