{"host":"uflv0e3ja7hvnij7","time":1608717928,"event":{"mods":["BaseMod","Conspire","Hubris","Minty Spire (QoL Compilation)","Replay The Spire","StSLib","The Bug Knight"],"gold_per_floor":[109,129,145,44,60,60,60,60,60,60,73,88,120,133,133,232,232,232,232],"floor_reached":18,"playtime":1199,"items_purged":["Strike_R"],"score":189,"play_id":"415f2189-cef5-481c-b9cc-de0b9de2b982","local_time":"20201223050528","is_ascension_mode":true,"campfire_choices":[{"data":"Demonic Infusion","floor":6,"key":"SMITH"},{"data":"Blind","floor":8,"key":"SMITH"},{"data":"Shrug It Off","floor":15,"key":"SMITH"}],"circlet_count":0,"master_deck":["Strike_R","Strike_R","Strike_R","Strike_R","Defend_R","Defend_R","Defend_R","Defend_R","Bash","Demonic Infusion+1","Clothesline","Cleave","Shrug It Off+1","Iron Wave","Bash","Blind+1","Anger","Disarm","Body Slam","hubris:StunningStrike"],"relics":["Burning Blood","Paper Frog","Mango","hubris:GrandSneckoEye"],"acts_visited":["Exordium","TheCity"],"potions_floor_usage":[13,13,16],"damage_taken":[{"damage":9,"enemies":"2 Louse","floor":1,"turns":3},{"damage":0,"enemies":"Cultist","floor":2,"turns":3},{"damage":7,"enemies":"Small Slimes","floor":3,"turns":2},{"damage":6,"enemies":"Gremlin Gang","floor":5,"turns":4},{"damage":8,"enemies":"Blue Slaver","floor":11,"turns":4},{"damage":13,"enemies":"3 Louse","floor":12,"turns":4},{"damage":15,"enemies":"3 Sentries","floor":13,"turns":7},{"damage":3,"enemies":"Looter","floor":14,"turns":2},{"damage":41,"enemies":"Fading Forest","floor":16,"turns":11},{"damage":0,"enemies":"3 Byrds","floor":18,"turns":2}],"seed_played":"3004005924811021238","potions_obtained":[{"floor":5,"key":"Swift Potion"},{"floor":11,"key":"Block Potion"},{"floor":12,"key":"LiquidBronze"},{"floor":13,"key":"BloodPotion"},{"floor":14,"key":"Ancient Potion"}],"is_trial":false,"path_per_floor":["M","M","M","$","M","R","?","R","T","$","M","M","E","M","R","B",null,"M"],"character_chosen":"IRONCLAD","items_purchased":["Shrug It Off"],"campfire_rested":0,"item_purchase_floors":[4],"current_hp_per_floor":[53,59,58,58,58,58,58,58,58,58,56,49,54,57,57,22,94,94,94],"gold":232,"neow_bonus":"THREE_RARE_CARDS","is_daily":false,"chose_seed":false,"campfire_upgraded":3,"win_rate":0.0,"timestamp":1608717928,"path_taken":["M","M","M","$","M","R","?","R","T","$","M","M","E","M","R","BOSS","M"],"items_purchased_type":["Card"],"build_version":"2020-12-22","purchased_purges":1,"victory":false,"max_hp_per_floor":[80,80,80,80,80,80,80,80,80,80,80,80,94,94,94,94,94,94,94],"card_choices":[{"not_picked":["conspire:HitWhereItHurts","Juggernaut"],"picked":"Demonic Infusion","floor":0},{"not_picked":["Armaments","Warcry"],"picked":"Clothesline","floor":1},{"not_picked":["hubris:ReadiedAction","Clothesline"],"picked":"Cleave","floor":2},{"not_picked":["Heavy Blade","Bludgeon","ReplayTheSpireMod:Strike From Hell"],"picked":"SKIP","floor":3},{"not_picked":["Perfected Strike","Blood for Blood"],"picked":"Iron Wave","floor":5},{"not_picked":["Dual Wield","ReplayTheSpireMod:Strike From Hell"],"picked":"Anger","floor":11},{"not_picked":["Flex","Spot Weakness"],"picked":"Disarm","floor":12},{"not_picked":["Perfected Strike","ReplayTheSpireMod:Strike From Hell"],"picked":"Body Slam","floor":13},{"not_picked":["Sword Boomerang","Armaments","Clash"],"picked":"SKIP","floor":14},{"not_picked":["Impervious","Bludgeon"],"picked":"hubris:StunningStrike","floor":16}],"player_experience":290720,"relics_obtained":[{"floor":9,"key":"Paper Frog"},{"floor":13,"key":"Mango"}],"event_choices":[{"damage_healed":0,"gold_gain":0,"player_choice":"2 cards matched","damage_taken":0,"max_hp_gain":0,"max_hp_loss":0,"event_name":"Match and Keep!","floor":7,"gold_loss":0,"cards_obtained":["Bash","Blind"]},{"damage_healed":0,"gold_gain":0,"player_choice":"2 cards matched","damage_taken":0,"max_hp_gain":0,"max_hp_loss":0,"event_name":"Match and Keep!","floor":7,"gold_loss":0,"cards_obtained":["Bash","Blind"]}],"is_beta":false,"boss_relics":[{"not_picked":["ReplayTheSpireMod:DimensionalGlitch","Cursed Key"],"picked":"hubris:GrandSneckoEye"}],"items_purged_floors":[4],"is_endless":false,"potions_floor_spawned":[5,11,12,13,14],"killed_by":"3 Byrds","ascension_level":3}}