{"host":"2461dio7vetlq1z3","time":1608698886,"event":{"mods":["2.2 Compatiblity","AchievementEnabler","BaseMod","Better Third Choice","Hermit","Marisa????????","Minty Spire (QoL Compilation)","Relic Stats","Replay The Spire","Spicy Shops","StSLib","The Runesmith","Waifu the Spire"],"gold_per_floor":[113,113,113,164,185,185,246,10,37,37,106,106,171,190,190,190,190],"floor_reached":16,"playtime":522,"items_purged":["Amnesia"],"score":200,"play_id":"c477800c-25c3-429d-b1f7-2fbcd5d419bc","local_time":"20201223054806","is_ascension_mode":true,"campfire_choices":[{"floor":6,"key":"REST"},{"floor":10,"key":"REST"},{"data":"Perfected Strike","floor":12,"key":"SMITH"},{"floor":15,"key":"DIG"}],"circlet_count":0,"master_deck":["AscendersBane","Strike_R","Strike_R","Strike_R","Strike_R","Strike_R","Defend_R","Defend_R","Defend_R","Defend_R","Bash","Perfected Strike+1","Combust","Dual Wield","Shrug It Off","Anger","Flex","Havoc"],"relics":["Electric Blood","Golden Idol","ReplayTheSpireMod:Ring of Challenge","ReplayTheSpireMod:Ring of Exchange","Self Forming Clay","Sundial","Regal Pillow","Replay:Wax Seal","Frozen Egg 2"],"acts_visited":["Exordium"],"potions_floor_usage":[7,7],"damage_taken":[{"damage":11,"enemies":"Small Slimes","floor":1,"turns":4},{"damage":12,"enemies":"Jaw Worm","floor":5,"turns":2},{"damage":37,"enemies":"3 Sentries","floor":7,"turns":6},{"damage":8,"enemies":"2 Louse","floor":11,"turns":3},{"damage":15,"enemies":"Large Slime","floor":13,"turns":5},{"damage":3,"enemies":"2 Fungi Beasts","floor":14,"turns":3},{"damage":35,"enemies":"The Guardian","floor":16,"turns":4}],"seed_played":"-40533899368741032","potions_obtained":[{"floor":1,"key":"Strength Potion"},{"floor":4,"key":"Regen Potion"},{"floor":7,"key":"Languid Potion"},{"floor":11,"key":"SteroidPotion"},{"floor":14,"key":"CultistPotion"}],"is_trial":false,"path_per_floor":["M","?","?","?","M","R","E","$","T","R","M","R","M","M","R","B"],"character_chosen":"IRONCLAD","items_purchased":["Regal Pillow"],"campfire_rested":2,"item_purchase_floors":[8],"current_hp_per_floor":[57,57,57,35,23,43,21,21,21,56,48,48,33,30,30,0,0],"gold":190,"neow_bonus":"BOSS_RELIC","is_daily":false,"chose_seed":false,"campfire_upgraded":1,"win_rate":0.0,"timestamp":1608698886,"path_taken":["M","?","?","?","M","R","E","$","T","R","M","R","M","M","R","BOSS"],"items_purchased_type":["Relic"],"build_version":"2020-12-13","purchased_purges":1,"victory":false,"max_hp_per_floor":[75,68,68,68,68,68,68,68,68,68,68,68,68,68,68,68,68],"relic_stats":{"Regal Pillow":15,"counters":[7,27],"Golden Idol":33,"Self Forming Clay":[111],"Sundial":[0],"obtain_stats":[{"ReplayTheSpireMod:Ring of Exchange":3,"Regal Pillow":8,"Golden Idol":2,"Self Forming Clay":4,"Sundial":7,"ReplayTheSpireMod:Ring of Challenge":3,"Replay:Wax Seal":9,"Frozen Egg 2":15,"Electric Blood":0,"Burning Blood":0},{"ReplayTheSpireMod:Ring of Exchange":1,"Regal Pillow":3,"Golden Idol":1,"Self Forming Clay":1,"Sundial":3,"ReplayTheSpireMod:Ring of Challenge":1,"Replay:Wax Seal":3,"Frozen Egg 2":6,"Electric Blood":0,"Burning Blood":0},{"ReplayTheSpireMod:Ring of Exchange":4,"Regal Pillow":12,"Golden Idol":4,"Self Forming Clay":4,"Sundial":12,"ReplayTheSpireMod:Ring of Challenge":4,"Replay:Wax Seal":12,"Frozen Egg 2":23,"Electric Blood":0,"Burning Blood":0}]},"card_choices":[{"not_picked":["Disarm","Flex"],"picked":"Perfected Strike","floor":1},{"not_picked":["Rupture","Wild Strike"],"picked":"Combust","floor":4},{"not_picked":["Seeing Red","Massacre"],"picked":"Dual Wield","floor":5},{"not_picked":["Offering","Headbutt"],"picked":"Shrug It Off","floor":7},{"not_picked":["Sword Boomerang","Wild Strike"],"picked":"Anger","floor":11},{"not_picked":["Flame Barrier","Searing Blow"],"picked":"Flex","floor":13},{"not_picked":["Rage","Reckless Charge"],"picked":"Havoc","floor":14}],"player_experience":963540,"relics_obtained":[{"floor":3,"key":"ReplayTheSpireMod:Ring of Challenge"},{"floor":3,"key":"ReplayTheSpireMod:Ring of Exchange"},{"floor":4,"key":"Self Forming Clay"},{"floor":7,"key":"Sundial"},{"floor":9,"key":"Replay:Wax Seal"},{"floor":15,"key":"Frozen Egg 2"}],"event_choices":[{"damage_healed":0,"gold_gain":0,"player_choice":"Lose Max HP","damage_taken":0,"relics_obtained":["Golden Idol"],"max_hp_gain":0,"max_hp_loss":7,"event_name":"Golden Idol","floor":2,"gold_loss":0}],"is_beta":false,"boss_relics":[],"items_purged_floors":[8],"is_endless":false,"potions_floor_spawned":[1,7,11,14],"killed_by":"The Guardian","ascension_level":20}}