{"host":"n7mxhpjy89lltbhc","time":1608714096,"event":{"mods":["2.2 Compatiblity","Act Like it!","Bard","BaseMod","Better Match","Better Sensory Stone","Better Synergies","Better Third Choice","Better Vampires","BetterRewards","Challenge The Spire","Colored Map","Colored Powertips","Downfall","Hubris","Infinite Spire","Jedi Mod","Marisa????????","Marked Mod","Minty Spire (QoL Compilation)","Permanent Neow","Rare Cards Sparkle","Relic Sorter","Relic Stats","Replay The Spire","Shop Mod","Spicy Shops","StSLib","Strawberry Spire","The Blue Laboratory","The Disciple","The Servant 0.9.4","Uncapped","Waifu the Spire"],"gold_per_floor":[113,128,128,78,91,124,158,158,182,182,38,38,67,96,96,201,201,214,214,214,214,228,261,274,274,326,326,357,357,392,404,404,502,502,516,516,516,28,28,28,28,47,47,74,90,120,120,120,120,120],"floor_reached":51,"playtime":3586,"items_purged":["Strike_Br","Strike_Br","Pain"],"score":1186,"play_id":"283f6ce6-da3b-4afe-9872-d27961d6185d","local_time":"25631223160136","is_ascension_mode":true,"campfire_choices":[{"data":"LockedThread","floor":10,"key":"SMITH"},{"data":"BeatsPerMinute","floor":12,"key":"SMITH"},{"data":"CrunchTime","floor":15,"key":"SMITH"},{"floor":25,"key":"REST"},{"floor":27,"key":"REST"},{"floor":29,"key":"REST"},{"floor":32,"key":"REST"},{"floor":40,"key":"REST"},{"data":"RageCommand","floor":47,"key":"SMITH"},{"floor":49,"key":"REST"}],"circlet_count":0,"master_deck":["Lento+1","Moderato+1","Strike_Br","Strike_Br","Defend_Br","Defend_Br+1","Defend_Br","Defend_Br","SecondHand","PatternShift","WakeUpCall","WindUp+1","LockedThread+1","CrunchTime+1","LockedTornado","HandsUpB","Goo","BeatsPerMinute+1","LockedAnchor","RageCommand+1","LockedThread+1","Blind","BiteCommand","Echoward+1","HandsUpC+1","LockedThread+1","Stagnate+1","OldTimer","LockedBlood","ExoVibe+7","LockedThread","BlueShift","BlueShift","LockedThread+1","LockedThread","Replay:SS_forest_6","HandsUpB+1","Parity+1"],"relics":["Chronometer","WingedGreaves","Medicine?","Ancient Tea Set","ReplayTheSpireMod:TigerMarble","hubris:Towel","Strawberry","Pantograph","Calipers","strawberrySpire:Dictionifier","Strange Spoon","WarpedTongs","SpringShield","hexamod:BolsterEngine","Blue Doll","strawberrySpire:ElefentMask","Metronome","BargainBundle","Juzu Bracelet","Oddly Smooth Stone","Gremlin Food","Sling","CaptainsWheel","Replay:Mystery Machine","ReplayTheSpireMod:Shallot"],"acts_visited":["Exordium","TheCity","TheBeyond"],"potions_floor_usage":[7,13,18,23,28],"damage_taken":[{"damage":0,"enemies":"Small Slimes","floor":1,"turns":4},{"damage":0,"enemies":"Jaw Worm","floor":2,"turns":4},{"damage":0,"enemies":"2 Louse","floor":5,"turns":2},{"damage":11,"enemies":"Lagavulin","floor":6,"turns":6},{"damage":18,"enemies":"Gremlin Nob","floor":7,"turns":5},{"damage":17,"enemies":"Lagavulin","floor":13,"turns":5},{"damage":16,"enemies":"Gremlin Nob","floor":14,"turns":3},{"damage":7,"enemies":"Slime Boss","floor":16,"turns":11},{"damage":45,"enemies":"3 Byrds","floor":18,"turns":6},{"damage":1,"enemies":"Shell Parasite","floor":22,"turns":7},{"damage":18,"enemies":"Gremlin Leader","floor":23,"turns":9},{"damage":3,"enemies":"Snake Plant","floor":24,"turns":10},{"damage":29,"enemies":"Slavers","floor":28,"turns":6},{"damage":10,"enemies":"Book of Stabbing","floor":30,"turns":6},{"damage":0,"enemies":"Sentry and Sphere","floor":31,"turns":4},{"damage":11,"enemies":"Champ","floor":33,"turns":10},{"damage":32,"enemies":"3 Darklings","floor":35,"turns":6},{"damage":0,"enemies":"Orb Walker","floor":42,"turns":6},{"damage":4,"enemies":"Nightmare","floor":44,"turns":11},{"damage":14,"enemies":"4 Shapes","floor":45,"turns":5},{"damage":41,"enemies":"Reptomancer","floor":46,"turns":11},{"damage":30,"enemies":"Awakened One","floor":50,"turns":16}],"seed_played":"1558331054020134990","potions_obtained":[{"floor":1,"key":"WardPotion"},{"floor":5,"key":"DuplicationPotion"},{"floor":6,"key":"Energy Potion"},{"floor":16,"key":"PowerPotion"},{"floor":22,"key":"blueLaboratory:HorrorPotion"},{"floor":24,"key":"blueLaboratory:BubblePotion"},{"floor":31,"key":"blueLaboratory:BottleOfRum"},{"floor":33,"key":"blueLaboratory:TrueEctoplasm"}],"is_trial":false,"path_per_floor":["M","M","?","$","M","E","E","?","T","R","$","R","E","E","R","B",null,"M","AVR","?","?","M","E","M","R","T","R","E","R","E","M","R_BF","B",null,"M","?","?","$","?","R","?","M","T","NM","M","E","R","?","R","B",null],"character_chosen":"CHRONO_CLASS","items_purchased":["WakeUpCall","WingedGreaves","CrunchTime","BeatsPerMinute","BargainBundle","Juzu Bracelet","ExoVibe+1","Oddly Smooth Stone","LockedThread","BlueShift","SpeedPotion","Gremlin Food","Sling"],"campfire_rested":6,"item_purchase_floors":[0,0,4,11,38,38,38,38,38,38,38,38,38],"current_hp_per_floor":[65,65,65,65,65,54,36,36,43,43,43,43,26,10,10,28,72,27,27,27,27,26,8,6,27,27,48,19,40,30,30,51,61,72,40,40,40,40,16,37,37,49,49,51,51,23,23,23,44,45],"gold":120,"neow_bonus":"","is_daily":false,"chose_seed":false,"campfire_upgraded":4,"win_rate":0.0,"timestamp":1608714096,"path_taken":["M","M","?","?","?","E","E","?","T","R","?","R","E","E","R","BOSS","M","AVR","?","?","M","E","M","R","T","R","E","R","E","?","R_BF","BOSS","M","?","?","$","?","R","?","M","T","NM","M","E","R","?","R","BOSS"],"items_purchased_type":["Card","Relic","Card","Card","Relic","Relic","Card","Relic","Card","Card","Potion","Relic","Relic"],"build_version":"2020-12-13","purchased_purges":3,"victory":true,"max_hp_per_floor":[65,65,65,65,65,65,65,65,72,72,72,72,72,72,72,72,72,72,72,72,72,72,72,72,72,72,72,72,72,72,72,72,72,72,72,72,72,72,72,72,72,72,72,72,72,72,72,72,72,72],"relic_stats":{"Strange Spoon":[12],"counters":[55,293],"Pantograph":71,"Juzu Bracelet":1,"obtain_stats":[{"Golden Egg":5,"Lantern":24,"Calipers":14,"Metronome":34,"champ:ChampionCrown":0,"downfall:HeartBlessingGreen":12,"Blue Doll":28,"Medicine?":3,"Juzu Bracelet":38,"hubris:EmptyBottle":53,"Replay:Mystery Machine":44,"Ancient Tea Set":6,"Sling":38,"downfall:HeartBlessingBlue":18,"Strawberry":9,"Pantograph":13,"strawberrySpire:MawJerky":29,"strawberrySpire:InflatableHammer":31,"Iron Hammer":6,"Fusion Hammer":34,"hubris:CuriousFeather":45,"WingedGreaves":0,"strawberrySpire:ElefentMask":30,"Gremlin Food":38,"hubris:DisguiseKit":11,"BargainBundle":38,"downfall:HeartBlessingRed":12,"Oddly Smooth Stone":40,"infinitespire:Beetle Shell":8,"SpringShield":23,"hubris:Towel":22,"champ:PowerArmor":17,"champ:GladiatorsBookOfMartialProwess":48,"strawberrySpire:Dictionifier":17,"WarpedTongs":21,"Du-Vu Doll":0,"jedi:heavyjacket":37,"OrangePellets":46,"Strange Spoon":19,"Replay:Baseball":47,"CaptainsWheel":43,"ReplayTheSpireMod:Shallot":46,"champ:SignatureFinisher":52,"hubris:ToyBattleship":23,"ReplayTheSpireMod:TigerMarble":7,"Grinning Jar":25,"hexamod:BolsterEngine":26,"StrikeDummy":41},{"Golden Egg":3,"Lantern":14,"Calipers":40,"Metronome":49,"champ:ChampionCrown":0,"downfall:HeartBlessingGreen":7,"Blue Doll":46,"Medicine?":35,"Juzu Bracelet":50,"hubris:EmptyBottle":32,"Replay:Mystery Machine":52,"Ancient Tea Set":37,"Sling":50,"downfall:HeartBlessingBlue":10,"Strawberry":38,"Pantograph":39,"strawberrySpire:MawJerky":18,"strawberrySpire:InflatableHammer":19,"Iron Hammer":4,"Fusion Hammer":21,"hubris:CuriousFeather":28,"WingedGreaves":33,"strawberrySpire:ElefentMask":47,"Gremlin Food":50,"hubris:DisguiseKit":7,"BargainBundle":50,"downfall:HeartBlessingRed":7,"Oddly Smooth Stone":26,"infinitespire:Beetle Shell":5,"SpringShield":44,"hubris:Towel":13,"champ:PowerArmor":10,"champ:GladiatorsBookOfMartialProwess":29,"strawberrySpire:Dictionifier":41,"WarpedTongs":42,"Du-Vu Doll":0,"jedi:heavyjacket":23,"OrangePellets":28,"Strange Spoon":42,"Replay:Baseball":29,"CaptainsWheel":51,"ReplayTheSpireMod:Shallot":54,"champ:SignatureFinisher":32,"hubris:ToyBattleship":14,"ReplayTheSpireMod:TigerMarble":38,"Grinning Jar":15,"hexamod:BolsterEngine":45,"StrikeDummy":26},{"Golden Egg":12,"Lantern":53,"Calipers":171,"Metronome":240,"champ:ChampionCrown":0,"downfall:HeartBlessingGreen":27,"Blue Doll":220,"Medicine?":150,"Juzu Bracelet":246,"hubris:EmptyBottle":125,"Replay:Mystery Machine":262,"Ancient Tea Set":158,"Sling":246,"downfall:HeartBlessingBlue":38,"Strawberry":163,"Pantograph":168,"strawberrySpire:MawJerky":70,"strawberrySpire:InflatableHammer":75,"Iron Hammer":19,"Fusion Hammer":85,"hubris:CuriousFeather":110,"WingedGreaves":142,"strawberrySpire:ElefentMask":226,"Gremlin Food":246,"hubris:DisguiseKit":27,"BargainBundle":246,"downfall:HeartBlessingRed":27,"Oddly Smooth Stone":104,"infinitespire:Beetle Shell":23,"SpringShield":204,"hubris:Towel":49,"champ:PowerArmor":38,"champ:GladiatorsBookOfMartialProwess":112,"strawberrySpire:Dictionifier":182,"WarpedTongs":188,"Du-Vu Doll":0,"jedi:heavyjacket":89,"OrangePellets":110,"Strange Spoon":188,"Replay:Baseball":112,"CaptainsWheel":252,"ReplayTheSpireMod:Shallot":278,"champ:SignatureFinisher":125,"hubris:ToyBattleship":53,"ReplayTheSpireMod:TigerMarble":163,"Grinning Jar":58,"hexamod:BolsterEngine":214,"StrikeDummy":104}],"WarpedTongs":[96]},"card_choices":[{"not_picked":["WatchCommand","BlueShift"],"picked":"WindUp","floor":1},{"not_picked":["PrimeTime","LockedAnchor"],"picked":"LockedThread","floor":2},{"not_picked":["LockedBlood","LockedMedicine"],"picked":"LockedTornado","floor":5},{"not_picked":["Cuckoo","LockedBlood"],"picked":"HandsUpB","floor":6},{"not_picked":["EscortCommand","Recurrance"],"picked":"Goo","floor":7},{"not_picked":["LockedMawBank","Stagnate"],"picked":"LockedAnchor","floor":13},{"not_picked":["PrimeTime","WindUp","LockedBell"],"picked":"SKIP","floor":14},{"not_picked":["Fragmentalize","MasterKey"],"picked":"RageCommand","floor":16},{"not_picked":["Backlash","Facsimile"],"picked":"LockedThread+1","floor":18},{"not_picked":["Trip","expansioncontent:AwakenDeath"],"picked":"Blind","floor":20},{"not_picked":["LockedTurtyl","HandsUpB+1"],"picked":"BiteCommand","floor":22},{"not_picked":["MasterKey","ReapSow+1","LockedMawBank+1"],"picked":"SKIP","floor":23},{"not_picked":["Recurrance","Accruing+1"],"picked":"Echoward+1","floor":24},{"not_picked":["MasterKey","Cuckoo"],"picked":"HandsUpC+1","floor":28},{"not_picked":["CrunchTime+1","Engulf"],"picked":"LockedThread+1","floor":30},{"not_picked":["FormalWear","BiteCommand"],"picked":"Stagnate+1","floor":31},{"not_picked":["BackFourSeconds","Echonomics"],"picked":"OldTimer","floor":33},{"not_picked":["LockedTornado","WindUp"],"picked":"LockedBlood","floor":35},{"not_picked":["expansioncontent:DonusPower","Panache"],"picked":"Replay:SS_forest_6","floor":41},{"not_picked":["AlternateTimeline","BlueShift","LockedScales"],"picked":"SKIP","floor":42},{"not_picked":["Cuckoo+1","EscortCommand+1"],"picked":"HandsUpB+1","floor":44},{"not_picked":["LockedAnchor","ReapSow+1"],"picked":"Parity+1","floor":45},{"not_picked":["Facsimile+1","Backlash+1","PrimeTime"],"picked":"SKIP","floor":46}],"player_experience":1000620,"relics_obtained":[{"floor":6,"key":"Ancient Tea Set"},{"floor":7,"key":"ReplayTheSpireMod:TigerMarble"},{"floor":9,"key":"Strawberry"},{"floor":13,"key":"Pantograph"},{"floor":14,"key":"Calipers"},{"floor":23,"key":"SpringShield"},{"floor":26,"key":"hexamod:BolsterEngine"},{"floor":28,"key":"Blue Doll"},{"floor":30,"key":"strawberrySpire:ElefentMask"},{"floor":43,"key":"CaptainsWheel"},{"floor":44,"key":"Replay:Mystery Machine"},{"floor":46,"key":"ReplayTheSpireMod:Shallot"}],"event_choices":[{"damage_healed":0,"gold_gain":2,"player_choice":"1","damage_taken":0,"max_hp_gain":0,"max_hp_loss":0,"event_name":"betterStone:BetterStone","floor":20,"gold_loss":0},{"damage_healed":0,"gold_gain":0,"player_choice":"Rummage","damage_taken":0,"relics_obtained":["WarpedTongs"],"max_hp_gain":0,"max_hp_loss":0,"event_name":"Accursed Blacksmith","floor":21,"gold_loss":0,"cards_obtained":["Pain"]},{"damage_healed":0,"gold_gain":0,"player_choice":"Ignored","damage_taken":0,"max_hp_gain":0,"max_hp_loss":0,"event_name":"Tomb of Lord Red Mask","floor":36,"gold_loss":0},{"damage_healed":0,"gold_gain":0,"player_choice":"Random: Blue","damage_taken":0,"max_hp_gain":0,"max_hp_loss":0,"event_name":"betterThird:BetterPortal","floor":41,"gold_loss":0},{"damage_healed":0,"gold_gain":3,"player_choice":"1","damage_taken":0,"max_hp_gain":0,"max_hp_loss":0,"event_name":"betterStone:BetterStone","floor":41,"gold_loss":0},{"cards_removed":["Allegro"],"damage_healed":0,"gold_gain":0,"player_choice":"Removed Attack","damage_taken":0,"max_hp_gain":0,"max_hp_loss":0,"event_name":"Falling","floor":48,"gold_loss":0}],"is_beta":false,"boss_relics":[{"not_picked":["Runic Dome","Fusion Hammer"],"picked":"strawberrySpire:Dictionifier"},{"not_picked":["Kintsugi","hubris:RunicObelisk"],"picked":"Metronome"}],"items_purged_floors":[11,19,38],"is_endless":false,"potions_floor_spawned":[1,5,6,16,22,24,31,33,35],"ascension_level":1}}