{"host":"qrlp59d4kykmw4mt","time":1608690761,"event":{"mods":["Act Like it!","BaseMod","Colored Map","Downfall","Friendly Minions","Highlight Path","Minty Spire (QoL Compilation)","Permanent Neow","Random Character Button","Rare Cards Sparkle","SacredBarkPlus","StSLib","SuperFastMode","everything is the same but u backflip on backflip"],"gold_per_floor":[99,110,125,137,148,178,178,178,190,223,223,235,85,114,127,228,228,228,239,259,259,276,201,201,218,83,83,83,94,94,94,109,209,209,209,221,235,252,263,291,291,291,29,29,49,59,21,55,67,67,67,67,67,67],"floor_reached":52,"playtime":2878,"items_purged":["Slimebound:Schlurp","Slimebound:MegaLick","Slimebound:Strike_Slimebound"],"score":705,"play_id":"f541d7ad-5044-4f79-b341-19f12cf8fbb6","local_time":"20201222213241","is_ascension_mode":false,"campfire_choices":[{"data":"Slimebound:Split","floor":1,"key":"SMITH"},{"data":"Slimebound:Chomp","floor":13,"key":"SMITH"},{"floor":18,"key":"RECALL"},{"data":"Slimebound:SlimeBrawl","floor":23,"key":"SMITH"},{"data":"Slimebound:SamplingLick","floor":27,"key":"SMITH"},{"data":"Slimebound:FinishingTackle","floor":30,"key":"SMITH"},{"data":"Slimebound:Recycling","floor":35,"key":"SMITH"},{"data":"Slimebound:DuplicatedForm","floor":44,"key":"SMITH"}],"circlet_count":0,"master_deck":["Slimebound:Strike_Slimebound","Slimebound:Tackle","Slimebound:Defend_Slimebound","Slimebound:Defend_Slimebound","Slimebound:Defend_Slimebound","Slimebound:Defend_Slimebound","Slimebound:Split+1","Slimebound:CorrosiveSpit","Slimebound:RollThrough","Slimebound:FinishingTackle+1","Slimebound:Replication","Slimebound:FirmFortitude","Slimebound:Chomp+1","Slimebound:SlimeBrawl+1","Slimebound:Recycling+1","Slimebound:SamplingLick+1","Slimebound:Prepare+1","Slimebound:FlameTackle","Slimebound:DuplicatedForm+1","Slimebound:LivingWall+1"],"relics":["Slimebound:AbsorbEndCombatUpgraded","Blood Vial","Pantograph","Slimebound:MaxSlimesRelic","Mummified Hand","downfall:HeartBlessingGreen","downfall:HeartBlessingBlue","HornCleat","Sozu","Art of War","downfall:HeartBlessingRed","White Beast Statue","Boot","Shovel","Omamori","Medical Kit","Membership Card","Slimebound:AggressiveSlimeRelic","Akabeko","Strawberry"],"acts_visited":["Exordium","TheCity","TheBeyond","TheEnding"],"potions_floor_usage":[38],"damage_taken":[{"damage":13,"enemies":"Small Slimes","floor":2,"turns":3},{"damage":11,"enemies":"2 Louse","floor":3,"turns":3},{"damage":10,"enemies":"Jaw Worm","floor":4,"turns":3},{"damage":10,"enemies":"2 Fungi Beasts","floor":5,"turns":3},{"damage":25,"enemies":"Exordium Wildlife","floor":9,"turns":6},{"damage":38,"enemies":"3 Sentries","floor":10,"turns":8},{"damage":16,"enemies":"3 Louse","floor":12,"turns":3},{"damage":28,"enemies":"Lagavulin","floor":14,"turns":6},{"damage":22,"enemies":"Gremlin Gang","floor":15,"turns":4},{"damage":26,"enemies":"downfall:Watcher","floor":16,"turns":10},{"damage":21,"enemies":"Shell Parasite","floor":19,"turns":5},{"damage":44,"enemies":"3 Byrds","floor":20,"turns":4},{"damage":12,"enemies":"Snecko","floor":22,"turns":4},{"damage":16,"enemies":"Sentry and Sphere","floor":25,"turns":5},{"damage":12,"enemies":"downfall:FleeingMerchant","floor":26,"turns":4},{"damage":22,"enemies":"Centurion and Healer","floor":29,"turns":7},{"damage":13,"enemies":"Snake Plant","floor":32,"turns":4},{"damage":19,"enemies":"downfall:Defect","floor":33,"turns":8},{"damage":32,"enemies":"Orb Walker","floor":36,"turns":4},{"damage":12,"enemies":"3 Shapes","floor":37,"turns":4},{"damage":44,"enemies":"Jaw Worm Horde","floor":38,"turns":6},{"damage":27,"enemies":"Transient","floor":39,"turns":5},{"damage":38,"enemies":"Reptomancer","floor":40,"turns":8},{"damage":24,"enemies":"Reptomancer","floor":42,"turns":4},{"damage":13,"enemies":"downfall:FleeingMerchant","floor":43,"turns":4},{"damage":26,"enemies":"Sphere and 2 Shapes","floor":45,"turns":6},{"damage":27,"enemies":"Maw","floor":46,"turns":7},{"damage":24,"enemies":"downfall:FleeingMerchant","floor":47,"turns":3},{"damage":58,"enemies":"Nemesis","floor":48,"turns":9},{"damage":16,"enemies":"Transient","floor":49,"turns":5},{"damage":54,"enemies":"downfall:Ironclad","floor":50,"turns":10},{"damage":90,"enemies":"downfall:CharBossMerchant","floor":52,"turns":3}],"seed_played":"928488106836580329","potions_obtained":[{"floor":5,"key":"GamblersBrew"},{"floor":9,"key":"Slimebound:SlimedPotion"},{"floor":12,"key":"Swift Potion"},{"floor":16,"key":"hexamod:EctoCoolerPotion"}],"is_trial":false,"path_per_floor":["R","M","M","M","M","?","T","?","M","E","T","M","R","E","M","B",null,"R","M","M","?","M","R","T","M","$","R","T","M","R","?","M","B",null,"R","M","M","M","M","E","T","?","$","R","M","M","$","E","M","B",null,"E"],"character_chosen":"SLIMEBOUND","items_purchased":["Slimebound:SamplingLick","Medical Kit","Membership Card","Slimebound:AggressiveSlimeRelic","Akabeko"],"campfire_rested":0,"item_purchase_floors":[26,43,47,47,47],"current_hp_per_floor":[60,59,60,60,60,60,60,60,57,41,41,45,55,49,45,68,70,70,68,48,48,60,60,60,66,70,70,70,70,70,70,69,70,70,70,62,70,70,56,62,62,70,69,69,68,70,70,62,77,67,77,0,0,0],"gold":67,"neow_bonus":"RANDOM_COMMON_RELIC","is_daily":false,"chose_seed":false,"campfire_upgraded":7,"win_rate":0.0,"timestamp":1608690761,"path_taken":["R","M","M","M","M","?","T","?","M","E","?","M","R","E","M","BOSS","R","M","M","?","M","R","T","M","$","R","?","M","R","?","M","BOSS","R","M","M","M","?","E","T","?","$","R","M","M","$","E","M","BOSS","E"],"items_purchased_type":["Card","Relic","Relic","Relic","Relic"],"build_version":"2020-12-13","purchased_purges":3,"victory":false,"max_hp_per_floor":[60,60,60,60,60,60,60,60,60,60,60,60,70,70,70,70,70,70,70,70,70,70,70,70,70,70,70,70,70,70,70,70,70,70,70,70,70,70,70,70,70,70,70,70,70,70,70,77,77,77,77,77,77,77],"card_choices":[{"not_picked":["Slimebound:GoopSpray","Slimebound:PressTheAttack"],"picked":"Slimebound:RollThrough","floor":2},{"not_picked":["Slimebound:LeechEnergy","Slimebound:DivideAndConquer"],"picked":"Slimebound:FinishingTackle","floor":3},{"not_picked":["Slimebound:HungryTackle","Slimebound:SlimeBarrage","Slimebound:RainOfGoop"],"picked":"SKIP","floor":4},{"not_picked":["Slimebound:Grow","Slimebound:GoopSpray"],"picked":"Slimebound:Replication","floor":5},{"not_picked":["Slimebound:RollThrough","Slimebound:DivideAndConquer"],"picked":"Slimebound:FirmFortitude","floor":9},{"not_picked":["Slimebound:GoopTackle","Slimebound:OozeBath"],"picked":"Slimebound:Chomp","floor":10},{"not_picked":["Slimebound:SplitLeeching","Slimebound:GoopSpray","Slimebound:GrowthPunch"],"picked":"SKIP","floor":12},{"not_picked":["Slimebound:LevelUp","Slimebound:MegaLick","Slimebound:LeechEnergy"],"picked":"SKIP","floor":14},{"not_picked":["Slimebound:SplitLeeching","Slimebound:RollThrough"],"picked":"Slimebound:SlimeBrawl","floor":15},{"not_picked":["Slimebound:OozeBath","Slimebound:RallyTheTroops"],"picked":"Slimebound:Recycling","floor":16},{"not_picked":["Slimebound:LeechingTouch","Slimebound:SamplingLick","Slimebound:SpikyOuterGoop"],"picked":"SKIP","floor":19},{"not_picked":["Slimebound:Dissolve","Slimebound:Equalize"],"picked":"Slimebound:Schlurp","floor":20},{"not_picked":["Slimebound:GoopSpray","Slimebound:LeechLife","Slimebound:SplitAcid"],"picked":"SKIP","floor":22},{"not_picked":["Slimebound:LeechingTouch","Slimebound:GoopSpray+1","Slimebound:Gluttony+1"],"picked":"SKIP","floor":25},{"not_picked":["Slimebound:Schlurp","Slimebound:LevelUp","Slimebound:SplitBruiser"],"picked":"SKIP","floor":26},{"not_picked":["Slimebound:SlimeBrawl","Slimebound:GrowthPunch"],"picked":"Slimebound:Prepare+1","floor":29},{"not_picked":["Slimebound:LeechingTouch+1","Slimebound:OneTwoCombo","Slimebound:SlimeBarrage"],"picked":"SKIP","floor":32},{"not_picked":["Slimebound:RollThrough","Slimebound:GrowthPunch+1","Slimebound:Recollect"],"picked":"SKIP","floor":36},{"not_picked":["Slimebound:Repurpose","Slimebound:SplitBruiser","Slimebound:SplitMire"],"picked":"SKIP","floor":37},{"not_picked":["Slimebound:LeechingTouch+1","Slimebound:SplitBruiser","Slimebound:ComboTackle+1"],"picked":"SKIP","floor":38},{"not_picked":["Slimebound:SplitAcid","Slimebound:DivideAndConquer","Slimebound:RainOfGoop+1"],"picked":"SKIP","floor":39},{"not_picked":["Slimebound:RainOfGoop","Slimebound:MinionMaster","Slimebound:PressTheAttack"],"picked":"SKIP","floor":40},{"not_picked":["Slimebound:ComboTackle+1","Slimebound:GoopSpray"],"picked":"Slimebound:FlameTackle","floor":42},{"not_picked":["Slimebound:SplitMire","Slimebound:SpikyOuterGoop"],"picked":"Slimebound:DuplicatedForm","floor":43},{"not_picked":["Slimebound:SplitBruiser","Slimebound:ComboTackle+1","Slimebound:Schlurp"],"picked":"SKIP","floor":45},{"not_picked":["Slimebound:SlimeSpikes","Slimebound:ViciousTackle","Slimebound:ComboTackle"],"picked":"SKIP","floor":46},{"not_picked":["Slimebound:SlimeTap","Slimebound:ComboTackle+1","Slimebound:Recollect+1"],"picked":"SKIP","floor":47},{"not_picked":["Slimebound:ComboTackle+1","Slimebound:SplitLeeching+1"],"picked":"Slimebound:LivingWall+1","floor":48},{"not_picked":["Slimebound:GrowthPunch+1","Slimebound:SplitMire","Slimebound:RollThrough"],"picked":"SKIP","floor":49}],"player_experience":283946,"relics_obtained":[{"floor":7,"key":"Slimebound:MaxSlimesRelic"},{"floor":10,"key":"Mummified Hand"},{"floor":14,"key":"HornCleat"},{"floor":24,"key":"White Beast Statue"},{"floor":28,"key":"Boot"},{"floor":40,"key":"Shovel"},{"floor":41,"key":"Omamori"},{"floor":48,"key":"Strawberry"}],"event_choices":[{"damage_healed":0,"gold_gain":0,"cards_transformed":["Slimebound:Strike_Slimebound"],"player_choice":"Transformed","damage_taken":0,"max_hp_gain":0,"max_hp_loss":0,"event_name":"Transmorgrifier","floor":31,"gold_loss":0,"cards_obtained":["Slimebound:MegaLick"]}],"is_beta":false,"boss_relics":[{"not_picked":["Busted Crown","Runic Pyramid"],"picked":"Sozu"},{"not_picked":["Velvet Choker","SacredBark"],"picked":"Slimebound:AbsorbEndCombatUpgraded"}],"items_purged_floors":[26,43,47],"is_endless":false,"potions_floor_spawned":[5,9,12,16,20,25,26,29,32,33,36,37,38,39,40,42,43,45,46,47,48,49],"killed_by":"downfall:CharBossMerchant","ascension_level":0}}