{"host":"kh1j1cf337zr4nij","time":1608699470,"event":{"mods":["2.2 Compatiblity","AchievementEnabler","Act Like it!","Aspiration","BaseMod","Beaked The Cultist","Bestiary","CCEM","Colored Map","Colored Powertips","Conspire","Downfall","Energized Spire","Friendly Minions","FruityMod","GifTheSpireLib","Halation","Hermit","Highlight Path","Hubris","Jedi Mod","Minty Spire (QoL Compilation)","Quick Restart","Random Character Button","Relic Stats","Replay The Spire","StSLib","Stuff the Spire","SuperFastMode","Synergy Search","The Mystic","The Necromancer","TheFirefly","Trackpad","vexMod"],"gold_per_floor":[99,115,125,187,123,123,204,204,224,63,63,97,97,115,128,128,128,128],"floor_reached":16,"playtime":714,"items_purged":[],"score":150,"play_id":"a435a255-2b6d-4a1a-ab0f-18e26a989aed","local_time":"20201222235750","is_ascension_mode":false,"campfire_choices":[{"data":"hexamod:Float","floor":8,"key":"SMITH"},{"floor":11,"key":"REST"}],"circlet_count":0,"master_deck":["conspire:GhostlyStrike","conspire:GhostlyStrike","conspire:GhostlyStrike","conspire:GhostlyStrike","conspire:GhostlyDefend","conspire:GhostlyDefend","conspire:GhostlyDefend","conspire:GhostlyDefend","hexamod:Float+1","hexamod:CrushingStance","hexamod:HauntingEcho","hexamod:NightmareGuise","hexamod:SpectersWail","hexamod:NightmareStrike","hexamod:SwordOfDarkness","hexamod:AdvancingGuard","hexamod:InspiringFlames","hexamod:UnleashSpirits","hexamod:ShieldOfDarkness","hexamod:GhostShield"],"relics":["hexamod:SpiritBrand","jedi:gremlinknob","InkBottle","Replay:Mystery Machine","halation:BlueSoulGem"],"acts_visited":["Exordium"],"potions_floor_usage":[4,10],"damage_taken":[{"damage":0,"enemies":"Jaw Worm","floor":2,"turns":4},{"damage":0,"enemies":"Small Slimes","floor":3,"turns":3},{"damage":44,"enemies":"Gremlin Nob","floor":4,"turns":5},{"damage":0,"enemies":"downfall:FleeingMerchant","floor":5,"turns":4},{"damage":0,"enemies":"2 Louse","floor":9,"turns":2},{"damage":0,"enemies":"downfall:FleeingMerchant","floor":10,"turns":4},{"damage":3,"enemies":"3 Sentries","floor":12,"turns":5},{"damage":0,"enemies":"Lots of Slimes","floor":14,"turns":3},{"damage":6,"enemies":"Blue Slaver","floor":15,"turns":3},{"damage":6,"enemies":"downfall:Silent","floor":16,"turns":2}],"seed_played":"-1983657583599654981","potions_obtained":[{"floor":2,"key":"jedi:tentaclejuice"},{"floor":4,"key":"jedi:tentaclejuice"},{"floor":12,"key":"Venom Potion"},{"floor":15,"key":"Adrenaline Potion"}],"is_trial":false,"path_per_floor":["R_BF","M","M","?","$","?","T","R","M","$","R","E","?","M","M","B"],"character_chosen":"THE_SPIRIT","items_purchased":["hexamod:SwordOfDarkness","hexamod:UnleashSpirits"],"campfire_rested":1,"item_purchase_floors":[5,10],"current_hp_per_floor":[77,77,77,33,33,33,33,33,33,33,56,53,53,7,1,0,0,0],"gold":128,"neow_bonus":"TEN_PERCENT_HP_BONUS","is_daily":false,"chose_seed":false,"campfire_upgraded":1,"win_rate":0.0,"timestamp":1608699470,"path_taken":["R_BF","M","M","?","$","?","T","R","M","$","R","E","?","?","M","BOSS"],"items_purchased_type":["Card","Card"],"build_version":"2020-12-13","purchased_purges":0,"victory":false,"max_hp_per_floor":[77,77,77,77,77,77,77,77,77,77,77,77,77,7,7,7,7,7],"relic_stats":{"counters":[10,34],"obtain_stats":[{"jedi:gremlinknob":4,"Replay:Mystery Machine":12,"hexamod:SpiritBrand":0,"InkBottle":7,"halation:BlueSoulGem":13},{"jedi:gremlinknob":3,"Replay:Mystery Machine":7,"hexamod:SpiritBrand":0,"InkBottle":4,"halation:BlueSoulGem":7},{"jedi:gremlinknob":11,"Replay:Mystery Machine":26,"hexamod:SpiritBrand":0,"InkBottle":15,"halation:BlueSoulGem":26}],"InkBottle":[4]},"card_choices":[{"not_picked":["hexamod:SoulSteal","hexamod:GhostShield"],"picked":"hexamod:HauntingEcho","floor":2},{"not_picked":["hexamod:DynamicBlow","hexamod:BacktrackSmack"],"picked":"hexamod:NightmareGuise","floor":3},{"not_picked":["hexamod:GhostLash","hexamod:BacktrackSmack"],"picked":"hexamod:SpectersWail","floor":4},{"not_picked":["hexamod:SearingWound","hexamod:BacktrackSmack"],"picked":"hexamod:NightmareStrike","floor":5},{"not_picked":["hexamod:Firestarter","hexamod:SecondSeal"],"picked":"hexamod:AdvancingGuard","floor":9},{"not_picked":["hexamod:StepThrough","hexamod:ChargedBarrage"],"picked":"hexamod:InspiringFlames","floor":10},{"not_picked":["hexamod:CatchUp","hexamod:SwordOfDarkness"],"picked":"hexamod:ShieldOfDarkness","floor":12},{"not_picked":["hexamod:RainOfEmbers","hexamod:SwordOfDarkness","hexamod:NightmareGuise"],"picked":"SKIP","floor":14},{"not_picked":["hexamod:FastForward","hexamod:HeatCrush"],"picked":"hexamod:GhostShield","floor":15}],"player_experience":24776,"relics_obtained":[{"floor":4,"key":"jedi:gremlinknob"},{"floor":7,"key":"InkBottle"},{"floor":12,"key":"Replay:Mystery Machine"}],"event_choices":[{"damage_healed":0,"gold_gain":0,"player_choice":"Agree","damage_taken":0,"max_hp_gain":0,"max_hp_loss":0,"event_name":"conspire:LoneGhost","floor":6,"gold_loss":0}],"is_beta":false,"boss_relics":[],"items_purged_floors":[],"is_endless":false,"potions_floor_spawned":[2,4,12,15],"killed_by":"downfall:Silent","ascension_level":0}}