{"host":"j06fkfseroga8i8e","time":1608744109,"event":{"mods":["BaseMod","Bestiary","Colored Map","Colored Powertips","Minty Spire (QoL Compilation)","Relic Stats","StSLib","everything is the same but u backflip on backflip"],"gold_per_floor":[113,113,61,61,61,104,104,135,147,23,23,41,41,76,76,207,207,230,230,244,244,244,244,277,202,202,202,301,301,322,64,64,183,183,197,48,66,132,32,32,71,71,71,111,130,23,23,38,38,38],"floor_reached":51,"playtime":1562,"items_purged":["Strike_B","Gash"],"score":1250,"play_id":"976a38d6-5940-442c-9b4f-56babac1447b","local_time":"20201223122149","is_ascension_mode":true,"campfire_choices":[{"data":"Dualcast","floor":7.0,"key":"SMITH"},{"data":"Creative AI","floor":11.0,"key":"SMITH"},{"floor":15.0,"key":"REST"},{"floor":23.0,"key":"REST"},{"floor":27.0,"key":"REST"},{"floor":29.0,"key":"REST"},{"floor":32.0,"key":"REST"},{"floor":40.0,"key":"REST"},{"floor":42.0,"key":"REST"},{"floor":47.0,"key":"REST"},{"floor":49.0,"key":"REST"}],"circlet_count":0,"master_deck":["AscendersBane","Defend_B","Defend_B","Defend_B","Defend_B+1","Zap+1","Dualcast+1","Glacier","Turbo+1","Conserve Battery+1","Static Discharge","Creative AI+1","Electrodynamics","Static Discharge","Echo Form","FTL","Turbo+1","Creative AI","Ghostly+1","Ghostly","Ghostly","Ghostly","Ghostly","Melter","Hyperbeam","Thunder Strike","Loop+1","Ghostly","Lockon+1","Parasite","Double Energy+1"],"relics":["Cracked Core","NeowsBlessing","Golden Idol","Incense Burner","MawBank","Bag of Preparation","StoneCalendar","Fusion Hammer","Nilry\u0027s Codex","Ancient Tea Set","Matryoshka","Busted Crown","DollysMirror","Ice Cream","War Paint","Shuriken","Lantern","Thread and Needle","Pen Nib"],"acts_visited":["Exordium","TheCity","TheBeyond"],"potions_floor_usage":[50],"damage_taken":[{"damage":0.0,"enemies":"2 Louse","floor":1.0,"turns":1.0},{"damage":0.0,"enemies":"3 Sentries","floor":6.0,"turns":1.0},{"damage":0.0,"enemies":"Gremlin Nob","floor":8.0,"turns":1.0},{"damage":2.0,"enemies":"Small Slimes","floor":12.0,"turns":4.0},{"damage":33.0,"enemies":"Lagavulin","floor":14.0,"turns":6.0},{"damage":34.0,"enemies":"The Guardian","floor":16.0,"turns":8.0},{"damage":19.0,"enemies":"Chosen","floor":18.0,"turns":6.0},{"damage":15.0,"enemies":"2 Thieves","floor":20.0,"turns":3.0},{"damage":5.0,"enemies":"Book of Stabbing","floor":24.0,"turns":7.0},{"damage":0.0,"enemies":"Snake Plant","floor":30.0,"turns":6.0},{"damage":2.0,"enemies":"Champ","floor":33.0,"turns":7.0},{"damage":4.0,"enemies":"3 Darklings","floor":35.0,"turns":4.0},{"damage":0.0,"enemies":"3 Shapes","floor":37.0,"turns":6.0},{"damage":2.0,"enemies":"2 Orb Walkers","floor":38.0,"turns":4.0},{"damage":25.0,"enemies":"Reptomancer","floor":41.0,"turns":7.0},{"damage":1.0,"enemies":"Giant Head","floor":44.0,"turns":6.0},{"damage":0.0,"enemies":"Spire Growth","floor":45.0,"turns":7.0},{"damage":0.0,"enemies":"Writhing Mass","floor":48.0,"turns":6.0},{"damage":0,"enemies":"Time Eater","floor":50,"turns":8}],"seed_played":"7205425960010110366","potions_obtained":[{"floor":8.0,"key":"AttackPotion"},{"floor":14.0,"key":"Swift Potion"},{"floor":18.0,"key":"FearPotion"},{"floor":20.0,"key":"SneckoOil"},{"floor":24.0,"key":"BlessingOfTheForge"},{"floor":33.0,"key":"FairyPotion"},{"floor":37.0,"key":"ColorlessPotion"},{"floor":44.0,"key":"PotionOfCapacity"}],"is_trial":false,"path_per_floor":["M","?","$","?","?","E","R","E","T","$","R","M","$","E","R","B",null,"M","?","M","?","?","R","E","?","T","R","?","R","M","$","R","B",null,"M","$","M","?","$","R","E","R","T","E","M","?","R","M","R","B",null],"character_chosen":"DEFECT","items_purchased":["Turbo","Creative AI","Melter","Hyperbeam","DollysMirror"],"campfire_rested":9,"item_purchase_floors":[3,10,31,31,36],"current_hp_per_floor":[68,68,68,68,54,54,54,54,54,54,54,52,52,19,39,5,53,34,18,3,3,3,13,8,8,8,18,18,28,28,28,34,32,34,30,30,30,28,28,34,9,19,19,18,18,18,28,28,34,34],"gold":38,"neow_bonus":"THREE_ENEMY_KILL","is_daily":false,"chose_seed":false,"campfire_upgraded":2,"win_rate":0.0,"timestamp":1608744109,"path_taken":["M","?","$","?","?","E","R","E","T","$","R","M","$","E","R","BOSS","M","?","M","?","?","R","E","?","T","R","?","R","M","?","R","BOSS","M","$","M","?","$","R","E","R","T","E","M","?","R","M","R","BOSS"],"items_purchased_type":["Card","Card","Card","Card","Relic"],"build_version":"2020-12-22","purchased_purges":2,"victory":true,"max_hp_per_floor":[75,69,69,69,69,69,69,69,69,69,69,69,69,69,69,69,69,69,69,69,69,34,34,34,34,34,34,34,34,34,34,34,34,34,34,34,34,34,34,34,34,34,34,34,34,34,34,34,34,34],"relic_stats":{"Busted Crown":14,"counters":[19,95],"Golden Idol":163,"Shuriken":[0],"StoneCalendar":[190],"Pen Nib":[1],"Bag of Preparation":[32],"War Paint":["Conserve Battery","Ghostly"],"MawBank":24,"obtain_stats":[{"Ice Cream":38,"Lantern":43,"NeowsBlessing":0,"Golden Idol":2,"Nilry\u0027s Codex":19,"StoneCalendar":14,"Thread and Needle":44,"Pen Nib":46,"Incense Burner":6,"Bag of Preparation":9,"War Paint":41,"MawBank":8,"Ancient Tea Set":24,"Matryoshka":26,"Busted Crown":34,"DollysMirror":36,"Shuriken":43,"Fusion Hammer":17,"Cracked Core":0},{"Ice Cream":14,"Lantern":15,"NeowsBlessing":0,"Golden Idol":1,"Nilry\u0027s Codex":7,"StoneCalendar":5,"Thread and Needle":16,"Pen Nib":17,"Incense Burner":2,"Bag of Preparation":3,"War Paint":15,"MawBank":3,"Ancient Tea Set":9,"Matryoshka":9,"Busted Crown":11,"DollysMirror":12,"Shuriken":15,"Fusion Hammer":6,"Cracked Core":0},{"Ice Cream":61,"Lantern":68,"NeowsBlessing":0,"Golden Idol":1,"Nilry\u0027s Codex":26,"StoneCalendar":13,"Thread and Needle":74,"Pen Nib":81,"Incense Burner":2,"Bag of Preparation":3,"War Paint":68,"MawBank":3,"Ancient Tea Set":36,"Matryoshka":36,"Busted Crown":49,"DollysMirror":53,"Shuriken":68,"Fusion Hammer":20,"Cracked Core":0}]},"card_choices":[{"not_picked":["Steam","Leap"],"picked":"Glacier","floor":1.0},{"not_picked":["Stack","Skim"],"picked":"Conserve Battery","floor":6.0},{"not_picked":["Compile Driver","Redo"],"picked":"Static Discharge","floor":8.0},{"not_picked":["Stack","Rebound"],"picked":"Electrodynamics","floor":12.0},{"not_picked":["Leap","Darkness"],"picked":"Static Discharge","floor":14.0},{"not_picked":["Fission","Machine Learning"],"picked":"Echo Form","floor":16.0},{"not_picked":["Capacitor","Streamline"],"picked":"FTL","floor":18.0},{"not_picked":["Rip and Tear+1","Rebound+1"],"picked":"Turbo+1","floor":20.0},{"not_picked":["Leap","Go for the Eyes","Gash+1"],"picked":"SKIP","floor":24.0},{"not_picked":["Go for the Eyes","Amplify","Rebound"],"picked":"SKIP","floor":30.0},{"not_picked":["Buffer","All For One"],"picked":"Thunder Strike","floor":33.0},{"not_picked":[],"picked":"Loop+1","floor":35.0},{"not_picked":["Redo+1"],"picked":"SKIP","floor":37.0},{"not_picked":["Turbo"],"picked":"SKIP","floor":41.0},{"not_picked":[],"picked":"Lockon+1","floor":44.0},{"not_picked":["Genetic Algorithm+1"],"picked":"SKIP","floor":45.0},{"not_picked":[],"picked":"Double Energy+1","floor":48.0}],"player_experience":552180,"relics_obtained":[{"floor":6.0,"key":"Incense Burner"},{"floor":8.0,"key":"MawBank"},{"floor":9.0,"key":"Bag of Preparation"},{"floor":14.0,"key":"StoneCalendar"},{"floor":19.0,"key":"Nilry\u0027s Codex"},{"floor":24.0,"key":"Ancient Tea Set"},{"floor":26.0,"key":"Matryoshka"},{"floor":38.0,"key":"Ice Cream"},{"floor":41.0,"key":"War Paint"},{"floor":43.0,"key":"Shuriken"},{"floor":43.0,"key":"Lantern"},{"floor":44.0,"key":"Thread and Needle"}],"event_choices":[{"damage_healed":0.0,"max_hp_gain":0.0,"max_hp_loss":6.0,"gold_gain":0.0,"event_name":"Golden Idol","player_choice":"Lose Max HP","floor":2.0,"gold_loss":0.0,"damage_taken":0.0,"relics_obtained":["Golden Idol"]},{"damage_healed":0.0,"max_hp_gain":0.0,"max_hp_loss":0.0,"gold_gain":0.0,"event_name":"Living Wall","player_choice":"Grow","floor":4.0,"gold_loss":0.0,"damage_taken":0.0,"cards_upgraded":["Turbo"]},{"damage_healed":0.0,"max_hp_gain":0.0,"max_hp_loss":0.0,"gold_gain":0.0,"event_name":"Shining Light","player_choice":"Entered Light","floor":5.0,"gold_loss":0.0,"damage_taken":14.0,"cards_upgraded":["Defend_B","Zap"]},{"damage_healed":0.0,"max_hp_gain":0.0,"max_hp_loss":0.0,"gold_gain":0.0,"event_name":"Cursed Tome","player_choice":"Obtained Book","floor":19.0,"gold_loss":0.0,"damage_taken":16.0},{"damage_healed":0.0,"max_hp_gain":0.0,"max_hp_loss":0.0,"gold_gain":0.0,"cards_transformed":["Strike_B","Strike_B"],"event_name":"Drug Dealer","player_choice":"Became Test Subject","floor":21.0,"gold_loss":0.0,"damage_taken":0.0,"cards_obtained":["Gash","Creative AI"]},{"damage_healed":0.0,"max_hp_gain":0.0,"max_hp_loss":35.0,"gold_gain":0.0,"event_name":"Ghosts","player_choice":"Became a Ghost","floor":22.0,"gold_loss":0.0,"damage_taken":0.0,"cards_obtained":["Ghostly","Ghostly","Ghostly","Ghostly","Ghostly"]},{"cards_removed":["Strike_B"],"damage_healed":0.0,"max_hp_gain":0.0,"max_hp_loss":0.0,"gold_gain":0.0,"event_name":"Beggar","player_choice":"Gave Gold","floor":25.0,"gold_loss":75.0,"damage_taken":0.0},{"damage_healed":0.0,"max_hp_gain":0.0,"max_hp_loss":0.0,"gold_gain":99.0,"event_name":"Nest","player_choice":"Stole From Cult","floor":28.0,"gold_loss":0.0,"damage_taken":0.0},{"damage_healed":0.0,"max_hp_gain":0.0,"max_hp_loss":0.0,"gold_gain":0.0,"event_name":"Mysterious Sphere","player_choice":"Fight","floor":38.0,"gold_loss":0.0,"damage_taken":0.0},{"damage_healed":0.0,"max_hp_gain":0.0,"max_hp_loss":0.0,"gold_gain":0.0,"event_name":"WeMeetAgain","player_choice":"Paid Gold","floor":46.0,"gold_loss":107.0,"damage_taken":0.0,"relics_obtained":["Pen Nib"]}],"is_beta":false,"boss_relics":[{"not_picked":["Black Star","SlaversCollar"],"picked":"Fusion Hammer"},{"not_picked":["FrozenCore","Cursed Key"],"picked":"Busted Crown"}],"items_purged_floors":[31,39],"is_endless":false,"potions_floor_spawned":[8,14,18,20,24,33,37,44],"ascension_level":10}}