{"host":"ifd7sfhtlbe34qll","time":1608718660,"event":{"mods":["2.2 Compatiblity","Act Like it!","BaseMod","Block Reminder","Colored Map","Curses Come First","Downfall","Highlight Path","Minty Spire (QoL Compilation)","Potion Indicator Mod","Quick Restart","Random Character Button","Relic Stats","StSLib"],"gold_per_floor":[99,133,133,133,144,144,144,177,177,212,229,256,275,286,298,396,396,296,325,337,368,382,382,382,400,400,428,443,443,443,456,471,567,567,467,467,367,39,49,76,127,152,172,172,172,219,219,219,236,236,236,263,18,18,18],"floor_reached":56,"playtime":5429,"items_purged":["hexamod:Strike"],"score":1837,"play_id":"54e24bbc-473d-479e-b241-42a91a5b769a","local_time":"20201223041740","is_ascension_mode":true,"campfire_choices":[{"data":"hexamod:Sear","floor":1.0,"key":"SMITH"},{"data":"hexamod:SuperheatedStrike","floor":6.0,"key":"SMITH"},{"data":"hexamod:EmpoweringStance","floor":9.0,"key":"SMITH"},{"data":"hexamod:EmpoweredFlame","floor":18.0,"key":"SMITH"},{"floor":23,"key":"REST"},{"floor":26,"key":"REST"},{"floor":35,"key":"RECALL"},{"data":"hexamod:GiftsFromTheDead","floor":37,"key":"SMITH"},{"floor":44,"key":"REST"},{"data":"hexamod:ApocalypticArmor","floor":54,"key":"SMITH"}],"circlet_count":0,"master_deck":["hexamod:Strike","hexamod:Strike","hexamod:Strike","hexamod:Defend","hexamod:Defend","hexamod:Defend","hexamod:Defend","hexamod:Sear+1","hexamod:Float+1","hexamod:EmpoweredFlame+1","hexamod:Hexaguard","hexamod:PhantomFireball","hexamod:HeatMetal","hexamod:GhostOfSpireFuture","hexamod:SuperheatedStrike+1","hexamod:GhostLash","hexamod:EmpoweringStance+1","hexamod:RecurringNightmare","hexamod:ExtraCrispy","hexamod:ApocalypticArmor+1","hexamod:NightmareGuise","hexamod:GhostflameInferno","hexamod:EmpoweredFlame","hexamod:EmpoweredFlame","hexamod:CatchUp","hexamod:Toasty","hexamod:EtherealExpedition+1","hexamod:Hexaguard","hexamod:GiftsFromTheDead+1","hexamod:SpectralAdrenaline","hexamod:PhantomCloak","hexamod:TimeWarp","hexamod:HauntingEcho+1","hexamod:HeatShield","hexamod:HexaLevel","hexamod:Hexaguard+1","hexamod:NightmareStrike+1","Doubt","hexamod:Incineration+1","hexamod:GhostflameBarrier","hexamod:EmpoweringStance"],"relics":["hexamod:SpiritBrand","downfall:HeartsMalice","Prayer Wheel","Mummified Hand","Blood Vial","Black Star","downfall:HeartBlessingBlue","Regal Pillow","Du-Vu Doll","hexamod:MatchstickCase","MealTicket","TungstenRod","Bag of Preparation","Centennial Puzzle","downfall:RedIOU","Singing Bowl","Cursed Key","downfall:HeartBlessingGreen","downfall:HeartBlessingRed","Membership Card","hexamod:InflammatoryLetter","Kunai","Pantograph","Nunchaku","Sundial","Guardian:GemstoneGun","champ:DuelingGlove","HornCleat","Letter Opener","champ:DeflectingBracers","Lantern"],"acts_visited":["Exordium","TheCity","TheBeyond","TheEnding"],"potions_floor_usage":[40,40,55],"damage_taken":[{"damage":0.0,"enemies":"Gremlin Nob","floor":2.0,"turns":1.0},{"damage":0.0,"enemies":"Cultist","floor":3.0,"turns":1.0},{"damage":0.0,"enemies":"Small Slimes","floor":4.0,"turns":1.0},{"damage":0.0,"enemies":"2 Louse","floor":5.0,"turns":3.0},{"damage":0.0,"enemies":"Lagavulin","floor":8.0,"turns":6.0},{"damage":20.0,"enemies":"3 Sentries","floor":10.0,"turns":6.0},{"damage":0.0,"enemies":"Exordium Thugs","floor":11.0,"turns":5.0},{"damage":0.0,"enemies":"Large Slime","floor":13.0,"turns":4.0},{"damage":3.0,"enemies":"2 Fungi Beasts","floor":14.0,"turns":3.0},{"damage":8.0,"enemies":"Red Slaver","floor":15.0,"turns":2.0},{"damage":18.0,"enemies":"downfall:Defect","floor":16.0,"turns":7.0},{"damage":43.0,"enemies":"Gremlin Leader","floor":19.0,"turns":8.0},{"damage":11.0,"enemies":"Spheric Guardian","floor":20.0,"turns":4.0},{"damage":15.0,"enemies":"Book of Stabbing","floor":21.0,"turns":4.0},{"damage":0,"enemies":"3 Byrds","floor":22,"turns":4},{"damage":7,"enemies":"Snake Plant","floor":25,"turns":3},{"damage":17,"enemies":"Slavers","floor":27,"turns":5},{"damage":0,"enemies":"3 Cultists","floor":28,"turns":4},{"damage":2,"enemies":"Cultist and Chosen","floor":31,"turns":5},{"damage":12,"enemies":"Snake Plant","floor":32,"turns":4},{"damage":6,"enemies":"downfall:Silent","floor":33,"turns":8},{"damage":0,"enemies":"downfall:FleeingMerchant","floor":38,"turns":4},{"damage":5,"enemies":"Orb Walker","floor":39,"turns":4},{"damage":2,"enemies":"Nemesis","floor":40,"turns":8},{"damage":72,"enemies":"Giant Head","floor":42,"turns":8},{"damage":0,"enemies":"3 Darklings","floor":43,"turns":5},{"damage":5,"enemies":"2 Orb Walkers","floor":46,"turns":6},{"damage":3,"enemies":"Writhing Mass","floor":49,"turns":5},{"damage":0,"enemies":"downfall:Watcher","floor":50,"turns":5},{"damage":55,"enemies":"downfall:CharBossMerchant","floor":52,"turns":8},{"damage":0,"enemies":"downfall:FleeingMerchant","floor":53,"turns":4},{"damage":56,"enemies":"downfall:NeowBoss","floor":55,"turns":20}],"seed_played":"661518534060717899","potions_obtained":[{"floor":2.0,"key":"SpeedPotion"},{"floor":5.0,"key":"Weak Potion"},{"floor":8.0,"key":"SkillPotion"},{"floor":16.0,"key":"PowerPotion"},{"floor":20.0,"key":"SkillPotion"},{"floor":22,"key":"Explosive Potion"},{"floor":28,"key":"SpeedPotion"},{"floor":31,"key":"Block Potion"},{"floor":40,"key":"hexamod:DoubleChargePotion"},{"floor":43,"key":"Fire Potion"}],"is_trial":false,"path_per_floor":["R","E","M","M","M","R","T","E","R","E","M","T","M","M","M","B",null,"R","E","M","E","M","R","T","M","R","E","M","?","?","M","M","B",null,"R","?","R","$","M","E","T","E","M","R","?","?","?","?","M","B",null,"E","$","R","B",null],"character_chosen":"THE_SPIRIT","items_purchased":["Membership Card","hexamod:InflammatoryLetter","champ:DeflectingBracers","Lantern"],"campfire_rested":3,"item_purchase_floors":[38,38,53,53],"current_hp_per_floor":[63,63,63,63,63,63,63,63,63,43,45,45,47,46,40,24,59,69,28,19,6,8,47,47,42,80,63,65,65,65,67,61,57,79,79,79,79,88,83,85,85,17,19,61,61,60,60,60,63,90,96,45,62,62,33],"gold":18,"neow_bonus":"THREE_ENEMY_KILL","is_daily":false,"chose_seed":false,"campfire_upgraded":6,"win_rate":0.0,"timestamp":1608718660,"path_taken":["R","E","M","M","M","R","T","E","R","E","M","?","M","M","M","BOSS","R","E","M","E","M","R","T","M","R","E","M","?","?","M","M","BOSS","R","?","R","$","M","E","T","E","?","R","?","?","?","?","M","BOSS","E","$","R","BOSS"],"items_purchased_type":["Relic","Relic","Relic","Relic"],"build_version":"2020-12-22","purchased_purges":1,"victory":true,"max_hp_per_floor":[70,70,70,70,70,70,70,70,70,70,70,70,70,70,70,70,70,80,80,80,80,80,80,80,80,80,80,80,80,80,82,86,86,86,86,86,86,88,88,90,90,92,92,92,92,94,94,94,98,98,98,100,100,100,100],"relic_stats":{"Regal Pillow":44,"Singing Bowl":20,"counters":[32,162],"Bag of Preparation":[30],"Letter Opener":[35],"Cursed Key":1,"Blood Vial":46,"Centennial Puzzle":[30],"Nunchaku":[12],"Mummified Hand":[182],"Sundial":[4],"Pantograph":50,"Prayer Wheel":16,"MealTicket":22,"Black Star":6,"Kunai":[21],"obtain_stats":[{"champ:DuelingGlove":46,"Regal Pillow":19,"Lantern":53,"Singing Bowl":30,"downfall:HeartBlessingGreen":35,"Bag of Preparation":27,"Cursed Key":34,"Blood Vial":10,"Centennial Puzzle":27,"Nunchaku":41,"HornCleat":52,"Mummified Hand":7,"downfall:HeartBlessingBlue":18,"Sundial":42,"Pantograph":40,"Prayer Wheel":2,"MealTicket":21,"downfall:RedIOU":29,"Kunai":40,"hexamod:SpiritBrand":0,"downfall:HeartBlessingRed":37,"Guardian:GemstoneGun":42,"downfall:HeartsMalice":0,"hexamod:InflammatoryLetter":38,"champ:DeflectingBracers":53,"Letter Opener":52,"hexamod:MatchstickCase":21,"Du-Vu Doll":19,"Black Star":17,"Membership Card":38,"hexamod:BolsterEngine":8,"TungstenRod":24},{"champ:DuelingGlove":27,"Regal Pillow":12,"Lantern":31,"Singing Bowl":18,"downfall:HeartBlessingGreen":21,"Bag of Preparation":17,"Cursed Key":21,"Blood Vial":6,"Centennial Puzzle":17,"Nunchaku":24,"HornCleat":30,"Mummified Hand":4,"downfall:HeartBlessingBlue":11,"Sundial":25,"Pantograph":24,"Prayer Wheel":1,"MealTicket":14,"downfall:RedIOU":18,"Kunai":24,"hexamod:SpiritBrand":0,"downfall:HeartBlessingRed":21,"Guardian:GemstoneGun":25,"downfall:HeartsMalice":0,"hexamod:InflammatoryLetter":22,"champ:DeflectingBracers":31,"Letter Opener":30,"hexamod:MatchstickCase":14,"Du-Vu Doll":12,"Black Star":11,"Membership Card":22,"hexamod:BolsterEngine":5,"TungstenRod":15},{"champ:DuelingGlove":120,"Regal Pillow":44,"Lantern":142,"Singing Bowl":68,"downfall:HeartBlessingGreen":85,"Bag of Preparation":64,"Cursed Key":85,"Blood Vial":15,"Centennial Puzzle":64,"Nunchaku":101,"HornCleat":138,"Mummified Hand":3,"downfall:HeartBlessingBlue":36,"Sundial":109,"Pantograph":101,"Prayer Wheel":0,"MealTicket":52,"downfall:RedIOU":68,"Kunai":101,"hexamod:SpiritBrand":0,"downfall:HeartBlessingRed":85,"Guardian:GemstoneGun":109,"downfall:HeartsMalice":0,"hexamod:InflammatoryLetter":89,"champ:DeflectingBracers":142,"Letter Opener":138,"hexamod:MatchstickCase":52,"Du-Vu Doll":44,"Black Star":36,"Membership Card":89,"hexamod:BolsterEngine":9,"TungstenRod":56}],"TungstenRod":26},"card_choices":[{"not_picked":["hexamod:Again","hexamod:FourthSeal"],"picked":"hexamod:EmpoweredFlame","floor":2.0},{"not_picked":["hexamod:AdvancingGuard","hexamod:InspiringFlames"],"picked":"hexamod:Hexaguard","floor":3.0},{"not_picked":["hexamod:RainOfEmbers","hexamod:ShieldOfDarkness"],"picked":"hexamod:PhantomFireball","floor":3.0},{"not_picked":["hexamod:FlamesFromBeyond","hexamod:Firestarter"],"picked":"hexamod:HeatMetal","floor":4.0},{"not_picked":["hexamod:SkipABeat","hexamod:ShieldOfDarkness"],"picked":"hexamod:GhostOfSpireFuture","floor":4.0},{"not_picked":["hexamod:HauntingEcho","hexamod:GhostOfSpirePresent"],"picked":"hexamod:SuperheatedStrike","floor":5.0},{"not_picked":["hexamod:Again","hexamod:Haunt"],"picked":"hexamod:GhostLash","floor":5.0},{"not_picked":["hexamod:Again","hexamod:ThirdSeal"],"picked":"hexamod:EmpoweringStance","floor":8.0},{"not_picked":["hexamod:GhostOfSpirePresent","hexamod:ThermalTransfer"],"picked":"hexamod:RecurringNightmare","floor":10.0},{"not_picked":["hexamod:InspiringFlames","hexamod:BacktrackSmack"],"picked":"hexamod:ExtraCrispy","floor":11.0},{"not_picked":["hexamod:Firestarter","hexamod:ShieldOfDarkness"],"picked":"hexamod:ApocalypticArmor","floor":11.0},{"not_picked":["hexamod:FastForward","hexamod:ShieldOfDarkness"],"picked":"hexamod:NightmareGuise","floor":13.0},{"not_picked":["hexamod:SpectersWail","hexamod:GhostOfSpirePresent","hexamod:BurningTouch"],"picked":"SKIP","floor":13.0},{"not_picked":["hexamod:HeatCrush","hexamod:InspiringFlames"],"picked":"hexamod:GhostflameInferno","floor":14.0},{"not_picked":["hexamod:SpectralAdrenaline","hexamod:FlamesFromBeyond"],"picked":"hexamod:EmpoweredFlame","floor":14.0},{"not_picked":["hexamod:NightmareGuise","hexamod:Haunt"],"picked":"hexamod:EmpoweredFlame","floor":15.0},{"not_picked":["hexamod:SpectersWail","hexamod:RecurringNightmare"],"picked":"hexamod:CatchUp","floor":15.0},{"not_picked":["hexamod:SearingWound","hexamod:TurnItUp"],"picked":"hexamod:Toasty","floor":16.0},{"not_picked":["hexamod:NightmareGuise","hexamod:RainOfEmbers"],"picked":"hexamod:EtherealExpedition+1","floor":19.0},{"not_picked":["hexamod:InspiringFlames","hexamod:EtherealExpedition"],"picked":"hexamod:Hexaguard","floor":20.0},{"not_picked":["hexamod:ShieldOfDarkness","hexamod:GhostShield","hexamod:AdvancingGuard"],"picked":"SKIP","floor":20.0},{"not_picked":["hexamod:CatchUp","hexamod:HeatCrush"],"picked":"hexamod:GiftsFromTheDead","floor":21.0},{"not_picked":["hexamod:HeatMetal","hexamod:AdvancingGuard"],"picked":"hexamod:SpectralAdrenaline","floor":22},{"not_picked":["hexamod:NightmareGuise","hexamod:ThermalTransfer","hexamod:HauntingEcho"],"picked":"SKIP","floor":22},{"not_picked":["hexamod:BurningTouch","hexamod:NightmareGuise"],"picked":"hexamod:PhantomCloak","floor":25},{"not_picked":["hexamod:FastForward","hexamod:RainOfEmbers","hexamod:HeatMetal+1"],"picked":"SKIP","floor":25},{"not_picked":["hexamod:InspiringFlames","hexamod:Haunt"],"picked":"hexamod:TimeWarp","floor":27},{"not_picked":["hexamod:Again+1","hexamod:NecessarySacrifice+1"],"picked":"hexamod:HauntingEcho+1","floor":28},{"not_picked":["hexamod:Firestarter","hexamod:GhostOfSpireFuture","hexamod:ChargedBarrage"],"picked":"SKIP","floor":28},{"not_picked":["hexamod:SpectersWail","hexamod:ThermalTransfer","hexamod:GhostOfSpirePresent"],"picked":"Singing Bowl","floor":31},{"not_picked":["hexamod:ThermalTransfer","hexamod:PowerFromBeyond"],"picked":"hexamod:HeatShield","floor":31},{"not_picked":["hexamod:ThermalTransfer","hexamod:UnlimitedPower","hexamod:SwordOfDarkness"],"picked":"Singing Bowl","floor":32},{"not_picked":["hexamod:HauntingEcho","hexamod:Hexaguard","hexamod:GhostLash+1"],"picked":"Singing Bowl","floor":32},{"not_picked":["hexamod:GiftsFromTheDead","hexamod:TimeOfNeed"],"picked":"hexamod:HexaLevel","floor":33},{"not_picked":["hexamod:SpectersWail+1","hexamod:CatchUp","hexamod:BacktrackSmack"],"picked":"Singing Bowl","floor":38},{"not_picked":["hexamod:HauntingEcho","hexamod:FirstSeal"],"picked":"hexamod:Hexaguard+1","floor":39},{"not_picked":["hexamod:Firestarter","hexamod:SoulSteal+1"],"picked":"hexamod:NightmareStrike+1","floor":39},{"not_picked":["hexamod:BurningTouch","hexamod:GhostShield+1","hexamod:NecessarySacrifice+1"],"picked":"Singing Bowl","floor":40},{"not_picked":["hexamod:HeatMetal+1","hexamod:GhostLash+1","hexamod:GhostShield+1"],"picked":"Singing Bowl","floor":42},{"not_picked":["hexamod:PhantomFireball","hexamod:FirstSeal"],"picked":"hexamod:Incineration+1","floor":43},{"not_picked":["hexamod:RainOfEmbers","hexamod:HauntingEcho"],"picked":"hexamod:GhostflameBarrier","floor":43},{"not_picked":["hexamod:ThermalTransfer","hexamod:SpectersWail+1","hexamod:SwordOfDarkness+1"],"picked":"Singing Bowl","floor":46},{"not_picked":["hexamod:SwordOfDarkness+1","hexamod:Firestarter+1","hexamod:AdvancingGuard+1"],"picked":"Singing Bowl","floor":49},{"not_picked":["hexamod:ChargedBarrage+1","hexamod:GhostShield","hexamod:HauntingEcho+1"],"picked":"Singing Bowl","floor":49},{"not_picked":["hexamod:NightmareGuise","hexamod:FourthSeal","hexamod:Haunt"],"picked":"Singing Bowl","floor":52},{"not_picked":["hexamod:NecessarySacrifice","hexamod:BacktrackSmack+1"],"picked":"hexamod:EmpoweringStance","floor":53}],"player_experience":1608442,"relics_obtained":[{"floor":2.0,"key":"Prayer Wheel"},{"floor":7.0,"key":"Mummified Hand"},{"floor":8.0,"key":"hexamod:BolsterEngine"},{"floor":10.0,"key":"Blood Vial"},{"floor":19.0,"key":"Regal Pillow"},{"floor":19.0,"key":"Du-Vu Doll"},{"floor":21.0,"key":"hexamod:MatchstickCase"},{"floor":21.0,"key":"MealTicket"},{"floor":24,"key":"TungstenRod"},{"floor":27,"key":"Bag of Preparation"},{"floor":27,"key":"Centennial Puzzle"},{"floor":30,"key":"Singing Bowl"},{"floor":40,"key":"Kunai"},{"floor":40,"key":"Pantograph"},{"floor":41,"key":"Nunchaku"},{"floor":42,"key":"Sundial"},{"floor":42,"key":"Guardian:GemstoneGun"},{"floor":46,"key":"champ:DuelingGlove"},{"floor":52,"key":"HornCleat"},{"floor":52,"key":"Letter Opener"}],"event_choices":[{"damage_healed":0,"gold_gain":0,"player_choice":"Relic","damage_taken":0,"max_hp_gain":0,"max_hp_loss":0,"event_name":"Wheel of Change","floor":30,"gold_loss":0},{"damage_healed":0,"gold_gain":0,"player_choice":"Upgraded","damage_taken":0,"max_hp_gain":0,"max_hp_loss":0,"event_name":"Upgrade Shrine","floor":36,"gold_loss":0,"cards_upgraded":["hexamod:Float"]},{"damage_healed":0,"gold_gain":0,"player_choice":"Fight","damage_taken":0,"max_hp_gain":0,"max_hp_loss":0,"event_name":"Mysterious Sphere","floor":46,"gold_loss":0}],"is_beta":false,"boss_relics":[{"not_picked":["Empty Cage","Fusion Hammer"],"picked":"Black Star"},{"not_picked":["Pandora\u0027s Box","Tiny House"],"picked":"Cursed Key"}],"items_purged_floors":[38],"is_endless":false,"potions_floor_spawned":[2,5,8,16,20,22,28,31,40,43,49],"ascension_level":7}}