{"host":"3zmyosrb19tilrsv","time":1608688424,"event":{"mods":["AchievementEnabler","BaseMod","Colored Powertips","Marisa????????","Minty Spire (QoL Compilation)","Permanent Neow","StSLib","The Cursed","The Disciple","The Servant 0.9.4"],"gold_per_floor":[10,30,41,56,73,73,73,105,153,153,183,38,51,66,66,163,163,103,120,134,59,79,79,94,94,94],"floor_reached":25,"playtime":2383,"items_purged":["Strike_Br"],"score":207,"play_id":"d625e0ff-545c-40f1-95fa-1ceed4b48b02","local_time":"20201222175344","is_ascension_mode":false,"campfire_choices":[{"data":"HandsUpC","floor":6,"key":"SMITH"},{"data":"SecondHand","floor":15,"key":"SMITH"},{"floor":23,"key":"REST"}],"circlet_count":0,"master_deck":["Accelerando+1","Strike_Br","Strike_Br","Defend_Br","Defend_Br","Defend_Br","Defend_Br","SecondHand+1","PatternShift","PrimeTime","Parity","BlueShift","HandsUpC+1","LockedWhetstone","ReapSow","Rallentando","AlternateTimeline","RageCommand","WindUp+1","BeatsPerMinute+1","Backlash","LockedFlame"],"relics":["Chronometer","Torii","Question Card","Centennial Puzzle","InkBottle","Odd Mushroom","Lee\u0027s Waffle","Sozu"],"acts_visited":["Exordium","TheCity"],"potions_floor_usage":[8,8,18,22],"damage_taken":[{"damage":0,"enemies":"Small Slimes","floor":1,"turns":6},{"damage":0,"enemies":"2 Louse","floor":2,"turns":3},{"damage":9,"enemies":"Jaw Worm","floor":3,"turns":6},{"damage":1,"enemies":"Large Slime","floor":4,"turns":7},{"damage":10,"enemies":"Exordium Thugs","floor":5,"turns":6},{"damage":9,"enemies":"Lagavulin","floor":8,"turns":8},{"damage":13,"enemies":"The Mushroom Lair","floor":11,"turns":6},{"damage":0,"enemies":"Exordium Wildlife","floor":13,"turns":4},{"damage":0,"enemies":"Looter","floor":14,"turns":4},{"damage":14,"enemies":"Hexaghost","floor":16,"turns":8},{"damage":2,"enemies":"2 Thieves","floor":18,"turns":4},{"damage":3,"enemies":"Shell Parasite","floor":19,"turns":6},{"damage":12,"enemies":"Snecko","floor":20,"turns":5},{"damage":8,"enemies":"Centurion and Healer","floor":22,"turns":5},{"damage":13,"enemies":"Cultist and Chosen","floor":24,"turns":8},{"damage":61,"enemies":"Slavers","floor":25,"turns":5}],"seed_played":"1152810323362707816","potions_obtained":[{"floor":2,"key":"Block Potion"},{"floor":3,"key":"Energy Potion"},{"floor":4,"key":"DuplicationPotion"},{"floor":16,"key":"Block Potion"}],"is_trial":false,"path_per_floor":["M","M","M","M","M","R","?","E","T","?","?","$","M","M","R","B",null,"M","M","M","$","M","R","M","E"],"character_chosen":"CHRONO_CLASS","items_purchased":["Lee\u0027s Waffle"],"campfire_rested":1,"item_purchase_floors":[12],"current_hp_per_floor":[65,65,56,55,45,45,38,29,29,26,13,72,72,72,72,58,72,70,67,55,55,47,68,55,0,0],"gold":94,"neow_bonus":"ONE_RARE_RELIC","is_daily":false,"chose_seed":false,"campfire_upgraded":2,"win_rate":0.0,"timestamp":1608688424,"path_taken":["M","M","M","M","M","R","?","E","T","?","?","$","M","M","R","BOSS","M","M","M","$","M","R","M","E"],"items_purchased_type":["Relic"],"build_version":"2020-12-13","purchased_purges":1,"victory":false,"max_hp_per_floor":[65,65,65,65,65,65,65,65,65,65,65,72,72,72,72,72,72,72,72,72,72,72,72,72,72,72],"card_choices":[{"not_picked":["Engulf","LockedTornado"],"picked":"PrimeTime","floor":1},{"not_picked":["PrimeTime","BeatsPerMinute"],"picked":"Parity","floor":2},{"not_picked":["Engulf","Parity"],"picked":"BlueShift","floor":3},{"not_picked":["Stagnate","SlimeSpray"],"picked":"HandsUpC","floor":4},{"not_picked":["Echoward","PrimeTime"],"picked":"LockedWhetstone","floor":5},{"not_picked":["LockedUrn","BlueShift"],"picked":"ReapSow","floor":8},{"not_picked":["WindUp","Parity","MasterKey"],"picked":"Tempo","floor":11},{"not_picked":["Accruing","Tempo","LockedMedicine"],"picked":"AlternateTimeline","floor":13},{"not_picked":["ShortSighted","EscortCommand","Keepsakes","WakeUpCall"],"picked":"SKIP","floor":14},{"not_picked":["OracleForm","Pendulum","Fragmentalize"],"picked":"RageCommand","floor":16},{"not_picked":["WakeUpCall","Tempo","Engulf"],"picked":"WindUp+1","floor":18},{"not_picked":["LockedMedicine","Break","Echoward"],"picked":"BeatsPerMinute+1","floor":19},{"not_picked":["Echoward","Recurrance","Facsimile","LockedUrn"],"picked":"SKIP","floor":20},{"not_picked":["ShortSighted+1","CrunchTime","Tempo"],"picked":"Backlash","floor":22},{"not_picked":["BlueShift","WakeUpCall","BeatsPerMinute"],"picked":"LockedFlame","floor":24}],"player_experience":13200,"relics_obtained":[{"floor":8,"key":"Question Card"},{"floor":9,"key":"Centennial Puzzle"},{"floor":11,"key":"Odd Mushroom"}],"event_choices":[{"cards_removed":["Strike_Br"],"damage_healed":0,"gold_gain":0,"player_choice":"Card Removal","damage_taken":7,"max_hp_gain":0,"max_hp_loss":0,"event_name":"Golden Wing","floor":7,"gold_loss":0},{"damage_healed":0,"gold_gain":0,"player_choice":"Success","damage_taken":3,"relics_obtained":["InkBottle"],"max_hp_gain":0,"max_hp_loss":0,"event_name":"Scrap Ooze","floor":10,"gold_loss":0},{"damage_healed":0,"gold_gain":0,"player_choice":"Fought Mushrooms","damage_taken":0,"max_hp_gain":0,"max_hp_loss":0,"event_name":"Mushrooms","floor":11,"gold_loss":0}],"is_beta":false,"boss_relics":[{"not_picked":["Tiny House","Runic Pyramid"],"picked":"Sozu"}],"items_purged_floors":[21],"is_endless":false,"potions_floor_spawned":[2,3,4,16],"killed_by":"Slavers","ascension_level":0}}