{"host":"02w9hl92h62kgkzk","time":1608716628,"event":{"mods":["2.2 Compatiblity","AchievementEnabler","Act Like it!","AlwaysNeverKeys","Aspiration","Bard","BaseMod","Better Altar","Better Match","Better Note","Better Sensory Stone","Better Skull","Better Third Choice","Better Vampires","BetterRewards","Block Reminder","CCEM","ChefMod","Colored Map","Colored Powertips","Conspire","Downfall","Ekko","Elementarium","Emptier Cage","Energized Spire","Friendly Minions","FruityMod","Gensokyo","GifTheSpireLib","Halation","Hallownest","Hermit","Hubris","Jorbs\u0027s Wanderer Trilogy","Magitek Elite","Marisa????????","Marked Mod","Minty Spire (QoL Compilation)","Permanent Neow","QueenMod","Quick Restart","Random Character Mod","Rare Cards Sparkle","Replay The Spire","Retaliation","Reworked Bosses","Robot Space Explorer","SIMod","Shade Mod","Shop Mod","Spicy Shops","Spikes Relics","StSLib","Stuff the Spire","Synergy Search","The Administrix","The Animator","The Blackbeard","The Blue Laboratory","The Bug Knight","The Construct","The Cursed","The Death Knight","The Disciple","The Factory","The Florist","The Forsaken","The Gatherer","The Hayseed","The Hierophant","The Jungle","The Marked","The Runesmith","The Valiant","The Wild Card","TheHero","TheVacant","Trackpad","Transform Curses","Unceasing Turn Reminder","Wandering Minibosses","thorton","vexMod"],"gold_per_floor":[109,120,139,159,159,175,47,47,47,47,73,88,88,104,104,205,205,220,220,233,245,28,63,63,63],"floor_reached":24,"playtime":1219,"items_purged":["TheSimpletonMod:BumperCrop","TheSimpletonMod:Mushrooms"],"score":270,"play_id":"6b0765df-59ce-4713-aec7-aff06e0fa8bd","local_time":"20201223034348","daily_mods":["Draft","Heirloom"],"is_ascension_mode":false,"campfire_choices":[{"data":"TheSimpletonMod:DoubleBarrel","floor":8,"key":"SMITH"},{"data":"TheSimpletonMod:DoubleBarrel","floor":10,"key":"SMITH"},{"floor":15,"key":"REST"}],"circlet_count":0,"master_deck":["TheSimpletonMod:Coffee","TheSimpletonMod:Rake","TheSimpletonMod:DoubleBarrel+1","TheSimpletonMod:CloseScrape","TheSimpletonMod:Rake","TheSimpletonMod:SaladShooter","TheSimpletonMod:DoubleBarrel","TheSimpletonMod:PestManagement","TheSimpletonMod:Fertilaser","TheSimpletonMod:Swelter","TheSimpletonMod:Fertilaser","TheSimpletonMod:DoubleBarrel+1","TheSimpletonMod:CullingStrike","TheSimpletonMod:RootDown","TheSimpletonMod:ResistantStrain","construct:SyphonStrike+1"],"relics":["Ring of Chaos","Replay:PocketPolymizer","halation:RedSoulGem","MerchantsRug","StuffTheSpire:Tea","Replay:Baseball","Tintinnabulum","halation:HeavySnake","CCEMRelics:BiPhaseBiplane","Frozen Eye","Ornamental Fan"],"acts_visited":["Exordium","Exordium"],"potions_floor_usage":[21],"damage_taken":[{"damage":8,"enemies":"Jaw Worm","floor":1,"turns":2},{"damage":0,"enemies":"2 Louse","floor":2,"turns":2},{"damage":0,"enemies":"Cultist","floor":3,"turns":2},{"damage":12,"enemies":"Lots of Slimes","floor":4,"turns":4},{"damage":9,"enemies":"Red Slaver","floor":6,"turns":2},{"damage":20,"enemies":"3 Sentries","floor":11,"turns":4},{"damage":0,"enemies":"Large Slime","floor":12,"turns":2},{"damage":5,"enemies":"Exordium Thugs","floor":14,"turns":2},{"damage":0,"enemies":"Slime Boss","floor":16,"turns":3},{"damage":12,"enemies":"theJungle:5_Spyders","floor":18,"turns":6},{"damage":16,"enemies":"theJungle:GiantWrat","floor":20,"turns":3},{"damage":13,"enemies":"theJungle:JungleHuntersEncounter","floor":21,"turns":6},{"damage":33,"enemies":"theJungle:MamaSnecko","floor":23,"turns":6},{"damage":11,"enemies":"theJungle:Snecko_Cultist_And_Trap","floor":24,"turns":2}],"seed_played":"-1235128781838288501","potions_obtained":[{"floor":2,"key":"blueLaboratory:BubblePotion"},{"floor":11,"key":"blueLaboratory:EmptyBottle"},{"floor":12,"key":"blueLaboratory:PhilterOfMotion"},{"floor":14,"key":"Doom Potion"},{"floor":21,"key":"AttackPotion"}],"is_trial":true,"path_per_floor":["M","M","M","M","?","M","$","R","T","R","E","M","?","M","R","B",null,"M","?","M","M","$","E","M"],"character_chosen":"THE_SIMPLETON","items_purchased":["MerchantsRug","BargainBundle","Cursed Concoction","blueLaboratory:BottleOfVodka","SteroidPotion","blueLaboratory:RememoryPotion","StuffTheSpire:Tea","CCEMRelics:BiPhaseBiplane","Frozen Eye"],"campfire_rested":1,"item_purchase_floors":[7,7,7,7,7,7,7,22,22],"current_hp_per_floor":[67,67,67,55,55,46,46,46,46,46,26,27,21,17,40,41,75,63,64,49,37,38,6,0,0],"gold":63,"neow_bonus":"","is_daily":false,"chose_seed":false,"campfire_upgraded":2,"win_rate":0.0,"timestamp":1608716628,"path_taken":["M","M","M","M","?","M","$","R","T","R","E","M","?","M","R","BOSS","M","?","?","?","$","E","M"],"items_purchased_type":["Relic","Relic","Potion","Potion","Potion","Potion","Relic","Relic","Relic"],"build_version":"2020-12-22","purchased_purges":2,"victory":false,"max_hp_per_floor":[75,75,75,75,75,75,75,75,75,75,75,75,75,75,75,75,75,75,75,75,75,75,75,75,75],"card_choices":[{"not_picked":["TheSimpletonMod:OnionBloom","TheSimpletonMod:SeedCoat"],"picked":"TheSimpletonMod:Coffee","floor":0},{"not_picked":["TheSimpletonMod:Corn","TheSimpletonMod:SoilSample"],"picked":"TheSimpletonMod:Rake","floor":0},{"not_picked":["TheSimpletonMod:SaladShooter","TheSimpletonMod:SlashAndBurn"],"picked":"TheSimpletonMod:DoubleBarrel","floor":0},{"not_picked":["TheSimpletonMod:DigIn","TheSimpletonMod:Thresh"],"picked":"TheSimpletonMod:SpiceUp","floor":0},{"not_picked":["TheSimpletonMod:CropRotation","TheSimpletonMod:DigIn"],"picked":"TheSimpletonMod:BumperCrop","floor":0},{"not_picked":["TheSimpletonMod:Potatoes","TheSimpletonMod:CullingStrike"],"picked":"TheSimpletonMod:CloseScrape","floor":0},{"not_picked":["TheSimpletonMod:Thresh","TheSimpletonMod:GoToMarket"],"picked":"TheSimpletonMod:Rake","floor":0},{"not_picked":["TheSimpletonMod:SlashAndBurn","TheSimpletonMod:Pruning"],"picked":"TheSimpletonMod:BumperCrop","floor":0},{"not_picked":["TheSimpletonMod:Rototilling","TheSimpletonMod:SeedCoat"],"picked":"TheSimpletonMod:SaladShooter","floor":0},{"not_picked":["TheSimpletonMod:RootDown","TheSimpletonMod:CullingStrike"],"picked":"TheSimpletonMod:DoubleBarrel","floor":0},{"not_picked":["TheSimpletonMod:SeedCoat","TheSimpletonMod:SaladShooter"],"picked":"TheSimpletonMod:PestManagement","floor":0},{"not_picked":["TheSimpletonMod:SpiceUp","TheSimpletonMod:VineRipen"],"picked":"TheSimpletonMod:Fertilaser","floor":0},{"not_picked":["TheSimpletonMod:SeedCoat","TheSimpletonMod:BumperCrop"],"picked":"TheSimpletonMod:Ferment","floor":0},{"not_picked":["TheSimpletonMod:DigIn","TheSimpletonMod:SlashAndBurn"],"picked":"TheSimpletonMod:Swelter","floor":0},{"not_picked":["TheSimpletonMod:ToughenUp","TheSimpletonMod:VineRipen"],"picked":"TheSimpletonMod:SoilSample","floor":0},{"not_picked":["TheSimpletonMod:ToughenUp","TheSimpletonMod:Fertilaser","TheSimpletonMod:SpiceUp"],"picked":"SKIP","floor":1},{"not_picked":["TheSimpletonMod:ToughenUp","TheSimpletonMod:CullingStrike","TheSimpletonMod:Ferment"],"picked":"SKIP","floor":2},{"not_picked":["TheSimpletonMod:Rototilling","TheSimpletonMod:CropRotation"],"picked":"TheSimpletonMod:Fertilaser","floor":3},{"not_picked":["TheSimpletonMod:CullingStrike","TheSimpletonMod:Ferment"],"picked":"TheSimpletonMod:DoubleBarrel","floor":4},{"not_picked":["TheSimpletonMod:KeenEdge","TheSimpletonMod:Swelter","TheSimpletonMod:CullingStrike"],"picked":"SKIP","floor":6},{"not_picked":["TheSimpletonMod:ResearchGrant","TheSimpletonMod:ToughenUp","TheSimpletonMod:SeedCoat"],"picked":"SKIP","floor":11},{"not_picked":["TheSimpletonMod:Germinate","TheSimpletonMod:Fertilaser","TheSimpletonMod:ControlledBurn"],"picked":"SKIP","floor":12},{"not_picked":["TheSimpletonMod:OnionBloom","TheSimpletonMod:Fertilaser","TheSimpletonMod:Innovate"],"picked":"SKIP","floor":14},{"not_picked":["TheSimpletonMod:BirdFeeder","TheSimpletonMod:Biorefinement"],"picked":"TheSimpletonMod:ResistantStrain","floor":16},{"not_picked":["TheSimpletonMod:KeenEdge+1","TheSimpletonMod:GoToMarket","TheSimpletonMod:SeedCoat"],"picked":"SKIP","floor":18},{"not_picked":["TheSimpletonMod:Pruning","TheSimpletonMod:Coffee","TheSimpletonMod:BumperCrop"],"picked":"SKIP","floor":20},{"not_picked":["TheSimpletonMod:Sunseed","TheSimpletonMod:Sunchoke","TheSimpletonMod:Aerate+1"],"picked":"SKIP","floor":21},{"not_picked":["TheSimpletonMod:ControlledBurn+1","TheSimpletonMod:SeedCoat","TheSimpletonMod:SpiceUp"],"picked":"SKIP","floor":23}],"player_experience":1071029,"relics_obtained":[{"floor":9,"key":"Replay:Baseball"},{"floor":11,"key":"Tintinnabulum"},{"floor":23,"key":"Ornamental Fan"}],"event_choices":[{"cards_removed":["TheSimpletonMod:SpiceUp"],"damage_healed":0,"gold_gain":0,"player_choice":"Card Removal","damage_taken":7,"max_hp_gain":0,"max_hp_loss":0,"event_name":"Golden Wing","floor":13,"gold_loss":0},{"cards_removed":["TheSimpletonMod:ResistantStrain"],"damage_healed":0,"gold_gain":0,"player_choice":"Take \u0026 Give","damage_taken":0,"max_hp_gain":0,"max_hp_loss":0,"event_name":"betterNote:BetterNote","floor":19,"gold_loss":0,"cards_obtained":["construct:SyphonStrike"]}],"is_beta":false,"boss_relics":[{"not_picked":["halation:ForbiddenBikini","Kintsugi"],"picked":"halation:HeavySnake"}],"items_purged_floors":[7,22],"is_endless":false,"potions_floor_spawned":[2,11,12,14,21],"killed_by":"theJungle:Snecko_Cultist_And_Trap","ascension_level":0}}