{"host":"n3vqtvx9hbigdfc4","time":1608687307,"event":{"mods":["AchievementEnabler","BaseMod","Better Third Choice","Block Reminder","Colored Map","Colored Powertips","Downfall","Minty Spire (QoL Compilation)","Permanent Neow","Rare Cards Sparkle","Relic Stats","Replay The Spire","Shop Mod","StSLib"],"gold_per_floor":[99,59,59,59,84,119,119,146,171,171,96,32,62,109,137,147,147,147],"floor_reached":16,"playtime":1550,"items_purged":[],"score":108,"play_id":"a1fda7ee-735c-4214-a148-39468cf75643","local_time":"20201222193507","is_ascension_mode":false,"campfire_choices":[{"data":"champ:Taunt","floor":1,"key":"SMITH"},{"data":"champ:ShieldWall","floor":11,"key":"SMITH"}],"circlet_count":0,"master_deck":["champ:Strike","champ:Strike","champ:Strike","champ:Strike","champ:Defend","champ:Defend","champ:Defend","champ:Defend","champ:Execute+1","champ:Taunt+1","champ:AdrenalArmor","champ:Circumvent+1","champ:FlashCut","champ:BringItOn","champ:ShieldWall+1","champ:LastStand","champ:FanOfKnives","Swift Strike+1","champ:GladiatorsShout","champ:DeathBlow","champ:FlashCut"],"relics":["champ:ChampionCrown","Replay:Bandana","Pet Ghost","Blue Doll","downfall:HeartBlessingBlue","Bag of Marbles"],"acts_visited":["Exordium"],"potions_floor_usage":[12,14,16,16],"damage_taken":[{"damage":10,"enemies":"downfall:FleeingMerchant","floor":2,"turns":4},{"damage":7,"enemies":"Small Slimes","floor":5,"turns":7},{"damage":40,"enemies":"Lagavulin","floor":6,"turns":10},{"damage":4,"enemies":"Jaw Worm","floor":9,"turns":5},{"damage":0,"enemies":"Cultist","floor":10,"turns":1},{"damage":12,"enemies":"downfall:FleeingMerchant","floor":12,"turns":4},{"damage":2,"enemies":"Exordium Thugs","floor":13,"turns":3},{"damage":19,"enemies":"Gremlin Nob","floor":14,"turns":4},{"damage":24,"enemies":"Exordium Wildlife","floor":15,"turns":2},{"damage":53,"enemies":"downfall:Silent","floor":16,"turns":4}],"seed_played":"850623792934000512","potions_obtained":[{"floor":6,"key":"Swift Potion"},{"floor":9,"key":"champ:CounterPotion"},{"floor":13,"key":"Swift Potion"},{"floor":14,"key":"SkillPotion"},{"floor":15,"key":"Adrenaline Potion"}],"is_trial":false,"path_per_floor":["R","$","?","?","M","E","T","T","M","M","R","$","M","E","M","B"],"character_chosen":"THE_CHAMP","items_purchased":["champ:Circumvent+1","Swift Strike+1"],"campfire_rested":0,"item_purchase_floors":[2,12],"current_hp_per_floor":[90,85,85,85,80,61,61,61,61,61,71,71,71,57,49,0,0,0],"gold":147,"neow_bonus":"RANDOM_COMMON_RELIC","is_daily":false,"chose_seed":false,"campfire_upgraded":2,"win_rate":0.0,"timestamp":1608687307,"path_taken":["R","$","?","?","?","E","T","?","M","M","R","?","M","E","M","BOSS"],"items_purchased_type":["Card","Card"],"build_version":"2020-12-13","purchased_purges":0,"victory":false,"max_hp_per_floor":[90,90,90,90,90,90,90,90,90,90,100,100,100,100,100,100,100,100],"relic_stats":{"counters":[10,44],"obtain_stats":[{"Replay:Bandana":0,"downfall:BrokenWingStatue":3,"downfall:HeartBlessingBlue":11,"champ:ChampionCrown":0,"Blue Doll":8,"Bag of Marbles":14,"Pet Ghost":6},{"Replay:Bandana":0,"downfall:BrokenWingStatue":1,"downfall:HeartBlessingBlue":5,"champ:ChampionCrown":0,"Blue Doll":3,"Bag of Marbles":8,"Pet Ghost":3},{"Replay:Bandana":0,"downfall:BrokenWingStatue":4,"downfall:HeartBlessingBlue":27,"champ:ChampionCrown":0,"Blue Doll":21,"Bag of Marbles":38,"Pet Ghost":21}]},"card_choices":[{"not_picked":["champ:CrookedStrike","champ:ViciousMockery"],"picked":"champ:AdrenalArmor","floor":2},{"not_picked":["champ:Backstep","champ:StanceDance"],"picked":"champ:FlashCut","floor":5},{"not_picked":["champ:FocusedBerserking","champ:ViciousMockery"],"picked":"champ:BringItOn","floor":6},{"not_picked":["champ:BladeFlurry","champ:FightOn"],"picked":"champ:ShieldWall","floor":9},{"not_picked":["champ:ArenaPreparation","champ:StanceDance"],"picked":"champ:LastStand","floor":10},{"not_picked":["champ:AdrenalArmor","champ:PerfectedStrike"],"picked":"champ:FanOfKnives","floor":12},{"not_picked":["champ:Circumvent","champ:StanceDance"],"picked":"champ:GladiatorsShout","floor":13},{"not_picked":["champ:BladeFlurry","champ:BerserkersShout"],"picked":"champ:DeathBlow","floor":14},{"not_picked":["champ:FalseCounter","champ:BladeFlurry"],"picked":"champ:FlashCut","floor":15}],"player_experience":462123,"relics_obtained":[{"floor":6,"key":"Pet Ghost"},{"floor":8,"key":"Blue Doll"},{"floor":14,"key":"Bag of Marbles"}],"event_choices":[{"damage_healed":0,"gold_gain":0,"player_choice":"Forge","damage_taken":0,"max_hp_gain":0,"max_hp_loss":0,"event_name":"Accursed Blacksmith","floor":4,"gold_loss":0,"cards_upgraded":["champ:Execute"]}],"is_beta":false,"boss_relics":[],"items_purged_floors":[],"is_endless":false,"potions_floor_spawned":[6,9,13,14,15],"killed_by":"downfall:Silent","ascension_level":0}}