{"host":"yhemb00fn7g5zwp1","time":1608719226,"event":{"mods":["AchievementEnabler","Act Like it!","BaseMod","CapriCore","Gensokyo","Highlight Path","KinomotoSakuraMod(Ä¾Ö®±¾Ó£)","Koishi","KomeijiMod","Marisa£¨ìFÓê¡¡Ä§ÀíÉ³£©","Minty Spire (QoL Compilation)","MostiFishMod","Pale of the Ancients","Prisma Mod","Reimu£¨²©ÀöÁéÃÎ£©","Remilia£¨ÀÙÃ×ÀòÑÇ£©","StSLib","Td1madao Mod","The Hayseed","The Servant 0.9.4","Youmu£¨»êÆÇÑýÃÎ£©","Yuyuko","¡¾¶«·½¶þ´Î´´×÷¡¿°ËÔÆ×Ïmod","¡¾ÒÅÎï¿¨ÅÆ¡¿REMEMod"],"gold_per_floor":[118,42,59,8,43,86,86,129,129,129,180,180,200,300,300,441,441,501,556,806,336,377,377,432,450,450,450,482,482,482,482,482,634,634,667,698,698,451,482,482,555,555,555,555,564,598,654,654,654,654],"floor_reached":51,"playtime":2485,"items_purged":["SuperNova","BinaryStars"],"score":845,"play_id":"8aead6bb-766e-48c6-913f-dc7b584c8d19","local_time":"20201223182706","is_ascension_mode":false,"campfire_choices":[{"data":"MillisecondPulsars","floor":7,"key":"SMITH"},{"data":"WitchOfGreed","floor":10,"key":"SMITH"},{"data":"ShootTheMoon","floor":12,"key":"SMITH"},{"floor":15,"key":"REST"},{"floor":23,"key":"REST"},{"data":"TreasureHunter","floor":29,"key":"SMITH"},{"data":"ChargeUpSpray","floor":32,"key":"SMITH"},{"data":"Gensokyo:ShootingStar","floor":40,"key":"SMITH"},{"data":"PowerUp","floor":42,"key":"SMITH"},{"data":"EarthLightRay","floor":49,"key":"SMITH"}],"circlet_count":0,"master_deck":["Strike_MRS","Defend_MRS","Defend_MRS","Defend_MRS+1","MasterSpark","UpSweep","GravityBeat","Moon Tear","FairyDestructionRay","MillisecondPulsars+1","ShootTheMoon+1","WitchOfGreed+1","FairyDestructionRay","SporeBomb+1","ChargeUpSpray+1","WitchOfGreed","Acceleration+1","OrrerysSun","WitchOfGreed","IllusionStar","Occultation+1","LuminesStrike","TreasureHunter+1","Gensokyo:ShootingStar+1","UltimateShortwave","OortCloud","PowerUp+1","AsteroidBelt","EarthLightRay+1"],"relics":["MiniHakkero","REME_ComplimentaryCards","DaveBox","HollowDreamFlower","Gremlin Horn","ArrowTower","Incense Burner","HaiYi:Twilight","ChiLing","Chi","Ling","Omamori","RuthlessExorcism:ReiMu","Gensokyo:RedStar","DianDianMeat","RedLine:ReiMu","War Paint","CeramicFish","Pen Nib","Happy Flower","Tea:ReiMu","HornCleat"],"acts_visited":["Exordium","Gensokyo:Gensokyo","Gensokyo:Gensokyoer"],"potions_floor_usage":[8,11,24,28,33,33,33,35,39,41,46,46,50],"damage_taken":[{"damage":7,"enemies":"Gensokyo:2_Kodama","floor":1,"turns":3},{"damage":4,"enemies":"Gensokyo:3_Fairies","floor":3,"turns":4},{"damage":11,"enemies":"Gensokyo:Python","floor":5,"turns":3},{"damage":18,"enemies":"Gensokyo:Mamizou","floor":6,"turns":6},{"damage":0,"enemies":"Gensokyo:Cirno","floor":8,"turns":4},{"damage":3,"enemies":"Gensokyo:Aya","floor":11,"turns":3},{"damage":0,"enemies":"Gensokyo:Gryphon_and_Rabbit","floor":13,"turns":2},{"damage":22,"enemies":"Gensokyo:Kokoro","floor":16,"turns":7},{"damage":0,"enemies":"Gensokyo:2_Gloops","floor":18,"turns":3},{"damage":11,"enemies":"Gensokyo:CosmicMonolith","floor":19,"turns":3},{"damage":53,"enemies":"Gensokyo:Swordslinger","floor":22,"turns":3},{"damage":7,"enemies":"Gensokyo:Chomper_and_Gloop","floor":24,"turns":3},{"damage":1,"enemies":"Gensokyo:3_Gloops","floor":25,"turns":3},{"damage":19,"enemies":"Gensokyo:Monolith_and_Dog","floor":28,"turns":3},{"damage":23,"enemies":"Gensokyo:Eiki","floor":33,"turns":7},{"damage":3,"enemies":"Gensokyo:AncientGuardian","floor":35,"turns":3},{"damage":1,"enemies":"Gensokyo:3_Boulders","floor":36,"turns":4},{"damage":17,"enemies":"Gensokyo:SeedOfUnknown","floor":39,"turns":5},{"damage":19,"enemies":"Gensokyo:Rafflesia","floor":41,"turns":6},{"damage":16,"enemies":"Gensokyo:Sharpion","floor":46,"turns":3},{"damage":4,"enemies":"Gensokyo:Doremy","floor":47,"turns":4},{"damage":136,"enemies":"Gensokyo:Scarlet_Devils","floor":50,"turns":8}],"seed_played":"-3234039733723153046","potions_obtained":[{"floor":3,"key":"SpeedPotion"},{"floor":5,"key":"Energy Potion"},{"floor":5,"key":"GrandPatriotsElixir:ReiMu"},{"floor":6,"key":"Strength Potion"},{"floor":8,"key":"FairyPotion"},{"floor":11,"key":"Swift Potion"},{"floor":16,"key":"CultistPotion"},{"floor":16,"key":"MagicPotion:ReiMu"},{"floor":18,"key":"ExcitationPotion"},{"floor":22,"key":"PowerPotion"},{"floor":24,"key":"PowerPotion"},{"floor":25,"key":"ShroomBrew"},{"floor":28,"key":"EssenceOfSteel"},{"floor":33,"key":"SkillPotion"},{"floor":33,"key":"MagicPotion:ReiMu"},{"floor":33,"key":"Dexterity Potion"},{"floor":35,"key":"DuplicationPotion"},{"floor":36,"key":"Regen Potion"},{"floor":39,"key":"Fruit Juice"},{"floor":41,"key":"ColorlessPotion"},{"floor":41,"key":"ShroomBrew"},{"floor":41,"key":"GamblersBrew"},{"floor":46,"key":"FairyPotion"},{"floor":47,"key":"Fire Potion"}],"is_trial":false,"path_per_floor":["M","$","M","$","M","E","R","E","T","R","E","R","M","?","R","B",null,"M","M","?","$","M","R","M","M","T","?","M","R","?","?","R","B",null,"M","M","?","$","M","R","M","R","T","?","?","M","E","T","R","B",null],"character_chosen":"MARISA","items_purchased":["MillisecondPulsars","WitchOfGreed","WitchOfGreed","ChiLing","Omamori","IllusionStar","War Paint"],"campfire_rested":2,"item_purchase_floors":[2,4,21,21,21,21,38],"current_hp_per_floor":[51,51,51,51,44,30,30,34,34,34,35,35,39,39,61,43,75,75,64,64,64,15,37,34,37,37,37,22,22,22,22,22,43,78,78,84,85,85,78,78,63,63,63,63,69,64,64,64,64,32],"gold":654,"neow_bonus":"TRANSFORM_TWO_CARDS","is_daily":false,"chose_seed":false,"campfire_upgraded":8,"win_rate":0.0,"timestamp":1608719226,"path_taken":["M","?","?","?","M","E","R","E","T","R","E","R","M","?","R","BOSS","M","M","?","$","M","R","M","M","T","?","M","R","?","?","R","BOSS","M","M","?","$","M","R","M","R","T","?","?","M","E","?","R","BOSS"],"items_purchased_type":["Card","Card","Card","Relic","Relic","Card","Relic"],"build_version":"2020-12-22","purchased_purges":2,"victory":true,"max_hp_per_floor":[75,75,75,75,75,75,75,75,75,75,75,75,75,75,75,75,75,75,75,75,75,75,75,75,75,75,75,75,75,75,75,75,78,78,81,85,85,85,95,95,95,95,95,95,101,108,108,108,108,108],"card_choices":[{"not_picked":["DC","DeepEcoloBomb"],"picked":"FairyDestructionRay","floor":1},{"not_picked":["IllusionStar","GrandCross"],"picked":"ShootTheMoon","floor":3},{"not_picked":["OneTimeOff","PulseMagic"],"picked":"FairyDestructionRay","floor":5},{"not_picked":["StarBarrage","DeepEcoloBomb"],"picked":"SporeBomb","floor":6},{"not_picked":["IllusionStar","UnstableBomb"],"picked":"BinaryStars","floor":8},{"not_picked":["AlicesGift","EnergyFlow"],"picked":"ChargeUpSpray","floor":11},{"not_picked":["GravityBeat","MysteriousBeam"],"picked":"WitchOfGreed","floor":13},{"not_picked":["AsteroidBelt","NonDirectionalLaser"],"picked":"Acceleration+1","floor":18},{"not_picked":["StarlightTyphoon","UnstableBomb"],"picked":"OrrerysSun","floor":19},{"not_picked":["UnstableBomb","SporeBomb+1","DoubleSpark+1"],"picked":"SKIP","floor":22},{"not_picked":["MysteriousBeam","DC"],"picked":"Occultation+1","floor":24},{"not_picked":["ManaConvection+1","GalacticHalo"],"picked":"LuminesStrike","floor":25},{"not_picked":["SporeBomb","IllusionStar"],"picked":"TreasureHunter","floor":28},{"not_picked":[],"picked":"Gensokyo:ShootingStar","floor":33},{"not_picked":["TreasureHunter","ManaRampage"],"picked":"UltimateShortwave","floor":33},{"not_picked":["GrandCross+1","UnstableBomb+1"],"picked":"OortCloud","floor":35},{"not_picked":["RefractionSpark","UnstableBomb+1"],"picked":"PowerUp","floor":36},{"not_picked":["Occultation","WitchLeyline"],"picked":"AsteroidBelt","floor":39},{"not_picked":["MysteriousBeam","WitchOfGreed","StarBarrage"],"picked":"SKIP","floor":41},{"not_picked":["GasGiant+1","GalacticHalo+1"],"picked":"EarthLightRay","floor":46},{"not_picked":["MysteriousBeam+1","NonDirectionalLaser+1","SporeBomb"],"picked":"SKIP","floor":47}],"player_experience":442766,"relics_obtained":[{"floor":6,"key":"Gremlin Horn"},{"floor":8,"key":"ArrowTower"},{"floor":9,"key":"Incense Burner"},{"floor":11,"key":"Bag of Marbles"},{"floor":26,"key":"RuthlessExorcism:ReiMu"},{"floor":33,"key":"DianDianMeat"},{"floor":43,"key":"CeramicFish"},{"floor":47,"key":"Happy Flower"},{"floor":47,"key":"Tea:ReiMu"},{"floor":48,"key":"HornCleat"}],"event_choices":[],"is_beta":false,"boss_relics":[{"not_picked":["SacredBark","HereWithMe"],"picked":"HaiYi:Twilight"},{"not_picked":["Astrolabe","Busted Crown"],"picked":"RedLine:ReiMu"}],"items_purged_floors":[21,38],"is_endless":false,"potions_floor_spawned":[3,5,11,16,19,22,25,35,36],"ascension_level":0}}