{"host":"ix2a18c4ohfsrslv","time":1608744792,"event":{"mods":["BaseMod","Better Third Choice","Downfall","Lobotomy","Minty Spire (QoL Compilation)","Replay The Spire","StSLib"],"gold_per_floor":[266,286,286,5,18,44,44,70,70,100,100,0,17,17,29,138,150,177,189,225,254,29,40,40,40,40,40,40,71,71,71,71,20,20,123,123,135,198,55,109,0,0,26,376,400,400,400,448,448,55,55,55,55,55,9,38,38,38],"floor_reached":57,"playtime":2581,"items_purged":["Pain","Strike_B","Delirium","Strike_B"],"score":815,"play_id":"ce940a8c-287a-4dbe-b959-74ad21f2fa53","local_time":"20201223093312","is_ascension_mode":true,"campfire_choices":[{"floor":7.0,"key":"REST"},{"data":"Rainbow","floor":11.0,"key":"SMITH"},{"data":"FIFO Queue","floor":15.0,"key":"SMITH"},{"data":"Fission","floor":24.0,"key":"SMITH"},{"data":"Barrage","floor":32.0,"key":"SMITH"},{"data":"Cold Snap","floor":34.0,"key":"SMITH"},{"floor":42.0,"key":"RECALL"},{"floor":46.0,"key":"REST"},{"data":"Pot Of Greed","floor":51.0,"key":"SMITH"},{"data":"Pot Of Greed","floor":54,"key":"SMITH"}],"circlet_count":0,"master_deck":["Strike_B+1","Strike_B+1","Defend_B","Defend_B","Defend_B","Zap","Dualcast","FTL","Cold Snap+1","Leap","Rainbow+1","FIFO Queue+1","Fission+1","Redo+1","Barrage+1","BasicCrystalCard","Machine Learning","Ball Lightning+1","Crystallizer+1","Loop","Doom and Gloom","Static Discharge+1","BasicCrystalCard+1","Pot Of Greed+1","Pot Of Greed+1","Pot Of Greed","Barrage","Reinforced Body","Coolheaded","Storm"],"relics":["Cracked Core","WarpedTongs","Orichalcum","Solar Panel","White Beast Statue","Replay:Bottled Snecko","Tiny Chest","MawBank","Philosopher\u0027s Stone","Toy Ornithopter","ReplayTheSpireMod:CursedCoin","Replay:WaspNest","Mirror","Omamori","FossilizedHelix","Calling Bell","Anchor","Pocketwatch","Replay:Bottled Steam","Whetstone","Red Mask","Juzu Bracelet","Old Coin","Grinning Jar","Smiling Mask","Carrot","Geode"],"acts_visited":["Exordium","TheCity","TheBeyond","TheEnding"],"potions_floor_usage":[57],"damage_taken":[{"damage":6.0,"enemies":"Jaw Worm","floor":1.0,"turns":3.0},{"damage":10.0,"enemies":"Cultist","floor":2.0,"turns":4.0},{"damage":0.0,"enemies":"2 Louse","floor":5.0,"turns":2.0},{"damage":15.0,"enemies":"Gremlin Nob","floor":6.0,"turns":4.0},{"damage":7.0,"enemies":"3 Sentries","floor":8.0,"turns":7.0},{"damage":16.0,"enemies":"Gremlin Nob","floor":10.0,"turns":4.0},{"damage":0.0,"enemies":"Exordium Thugs","floor":13.0,"turns":3.0},{"damage":25.0,"enemies":"Slime Boss","floor":16.0,"turns":8.0},{"damage":0.0,"enemies":"Shell Parasite","floor":18.0,"turns":5.0},{"damage":5.0,"enemies":"Chosen","floor":21.0,"turns":5.0},{"damage":7.0,"enemies":"Snecko","floor":23.0,"turns":5.0},{"damage":7.0,"enemies":"Book of Stabbing","floor":29.0,"turns":3.0},{"damage":12.0,"enemies":"Champ","floor":35.0,"turns":10.0},{"damage":0.0,"enemies":"Orb Walker","floor":37.0,"turns":3.0},{"damage":11.0,"enemies":"R_Hoarder","floor":43.0,"turns":7.0},{"damage":48.0,"enemies":"2 Orb Walkers","floor":44.0,"turns":4.0},{"damage":28.0,"enemies":"Awakened One","floor":52.0,"turns":10.0},{"damage":50,"enemies":"Shield and Spear","floor":56,"turns":4},{"damage":53,"enemies":"The Heart","floor":57,"turns":3}],"seed_played":"-7183835110816981850","potions_obtained":[{"floor":2.0,"key":"SkillPotion"},{"floor":5.0,"key":"LiquidBronze"},{"floor":6.0,"key":"Doom Potion"},{"floor":10.0,"key":"Ancient Potion"},{"floor":13.0,"key":"SneckoOil"},{"floor":16.0,"key":"FocusPotion"},{"floor":18.0,"key":"champ:CounterPotion"},{"floor":23.0,"key":"Fire Potion"},{"floor":29.0,"key":"Flashbang"},{"floor":35.0,"key":"Dexterity Potion"},{"floor":37.0,"key":"Fruit Juice"},{"floor":38.0,"key":"hexamod:EctoCoolerPotion"},{"floor":43.0,"key":"Dexterity Potion"},{"floor":44.0,"key":"FocusPotion"},{"floor":56,"key":"BlessingOfTheForge"}],"is_trial":false,"path_per_floor":["M","M","?","$","M","E","R","E","T","E","R","$","M","?","R","B",null,"M","?","T","M","$","M","R","?","T","PTL","PTL","E","?","T","R","$","R","B",null,"M","?","$","T","?","R","E","?","T","R","?","T","?","$","R","B",null,"R","$","E","B"],"character_chosen":"DEFECT","items_purchased":["Orichalcum","Beam Cell","ReplayTheSpireMod:CursedCoin","Replay:WaspNest","Barrage","Dexterity Potion","Loop","Doom and Gloom","Carrot","Barrage","Reinforced Body","Coolheaded"],"campfire_rested":2,"item_purchase_floors":[4,4,22,22,22,33,39,39,50,50,50,55],"current_hp_per_floor":[69,59,59,59,59,44,66,63,63,51,51,51,53,53,53,32,75,75,75,75,70,70,63,63,63,63,63,63,63,63,63,63,63,63,67,75,75,75,75,75,75,75,74,31,31,55,55,55,55,55,55,48,76,76,76,36,0,0],"gold":38,"neow_bonus":"TWO_FIFTY_GOLD","is_daily":false,"chose_seed":false,"campfire_upgraded":7,"win_rate":0.0,"timestamp":1608744792,"path_taken":["M","M","?","$","M","E","R","E","T","E","R","?","M","?","R","BOSS","M","?","?","?","$","M","R","?","T","PTL","PTL","E","?","?","R","?","R","BOSS","M","?","?","?","?","R","E","?","T","R","?","?","?","$","R","BOSS","R","$","E","BOSS"],"items_purchased_type":["Relic","Card","Relic","Relic","Card","Potion","Card","Card","Relic","Card","Card","Card"],"build_version":"2020-12-22","purchased_purges":4,"victory":false,"max_hp_per_floor":[75,75,75,75,75,75,75,75,75,75,75,75,75,75,75,75,75,75,75,75,75,75,75,75,75,75,75,75,75,75,75,75,75,75,75,75,75,75,75,75,75,75,80,80,80,80,80,80,76,76,76,76,76,76,76,76,76,76],"card_choices":[{"not_picked":["Conserve Battery","Steam"],"picked":"FTL","floor":1.0},{"not_picked":["Chill","Stack"],"picked":"Cold Snap","floor":2.0},{"not_picked":["Redo","Go for the Eyes"],"picked":"Leap","floor":5.0},{"not_picked":["Panic Button","Steam","Time Bomb"],"picked":"SKIP","floor":6.0},{"not_picked":["Panic Button","Turbo","ReplayGash"],"picked":"SKIP","floor":8.0},{"not_picked":["Rebound","Hello World"],"picked":"Rainbow","floor":10.0},{"not_picked":["Glacier","Coolheaded"],"picked":"FIFO Queue","floor":13.0},{"not_picked":["Creative AI","Meteor Strike"],"picked":"Fission","floor":16.0},{"not_picked":["Genetic Algorithm","Panic Button"],"picked":"Redo+1","floor":18.0},{"not_picked":["Stack","Auto Shields","Turbo"],"picked":"SKIP","floor":21.0},{"not_picked":["Rip and Tear+1","Doom and Gloom","Blizzard"],"picked":"SKIP","floor":23.0},{"not_picked":["Rip and Tear+1","Doom and Gloom","Blizzard"],"picked":"SKIP","floor":23.0},{"not_picked":["Steam","Leap+1","Conserve Battery"],"picked":"SKIP","floor":29.0},{"not_picked":["Fission","Echo Form"],"picked":"Machine Learning","floor":35.0},{"not_picked":["Gash+1","Hologram+1"],"picked":"Ball Lightning+1","floor":37.0},{"not_picked":["Leap+1","Barrage+1"],"picked":"Crystallizer+1","floor":38.0},{"not_picked":["Doom and Gloom","Time Bomb"],"picked":"Static Discharge+1","floor":43.0},{"not_picked":["Biased Cognition","Rebound"],"picked":"BasicCrystalCard+1","floor":44.0},{"not_picked":["Rebound+1","Gash+1"],"picked":"Storm","floor":56}],"player_experience":116648,"relics_obtained":[{"floor":6.0,"key":"Solar Panel"},{"floor":8.0,"key":"White Beast Statue"},{"floor":9.0,"key":"Replay:Bottled Snecko"},{"floor":10.0,"key":"Tiny Chest"},{"floor":20.0,"key":"Toy Ornithopter"},{"floor":26.0,"key":"Mirror"},{"floor":29.0,"key":"Omamori"},{"floor":31.0,"key":"FossilizedHelix"},{"floor":36.0,"key":"Anchor"},{"floor":36.0,"key":"Pocketwatch"},{"floor":36.0,"key":"Replay:Bottled Steam"},{"floor":38.0,"key":"Whetstone"},{"floor":43.0,"key":"Juzu Bracelet"},{"floor":44.0,"key":"Old Coin"},{"floor":45.0,"key":"Grinning Jar"},{"floor":48.0,"key":"Smiling Mask"},{"floor":56,"key":"Geode"}],"event_choices":[{"damage_healed":0.0,"max_hp_gain":0.0,"max_hp_loss":0.0,"gold_gain":0.0,"event_name":"Accursed Blacksmith","player_choice":"Rummage","floor":3.0,"gold_loss":0.0,"damage_taken":0.0,"relics_obtained":["WarpedTongs"],"cards_obtained":["Pain"]},{"cards_removed":["Beam Cell"],"damage_healed":0.0,"max_hp_gain":0.0,"max_hp_loss":0.0,"gold_gain":0.0,"event_name":"WeMeetAgain","player_choice":"Gave Card","floor":14.0,"gold_loss":0.0,"damage_taken":0.0,"relics_obtained":["MawBank"]},{"damage_healed":0.0,"max_hp_gain":0.0,"max_hp_loss":0.0,"gold_gain":0.0,"event_name":"Ghosts","player_choice":"Ignored","floor":19.0,"gold_loss":0.0,"damage_taken":0.0},{"damage_healed":0.0,"max_hp_gain":0.0,"max_hp_loss":0.0,"gold_gain":0.0,"event_name":"The Library","player_choice":"Read","floor":25.0,"gold_loss":0.0,"damage_taken":0.0,"cards_obtained":["BasicCrystalCard"]},{"damage_healed":0.0,"max_hp_gain":0.0,"max_hp_loss":0.0,"gold_gain":0.0,"event_name":"betterThird:BetterWriting","player_choice":"Adaptability","floor":30.0,"gold_loss":0.0,"damage_taken":0.0},{"damage_healed":0.0,"max_hp_gain":0.0,"max_hp_loss":0.0,"gold_gain":0.0,"event_name":"Tomb of Lord Red Mask","player_choice":"Paid","floor":41.0,"gold_loss":109.0,"damage_taken":0.0,"relics_obtained":["Red Mask"]},{"damage_healed":0.0,"max_hp_gain":0.0,"max_hp_loss":0.0,"gold_gain":0.0,"event_name":"Mysterious Sphere","player_choice":"Fight","floor":44.0,"gold_loss":0.0,"damage_taken":0.0},{"cards_removed":["Defend_B"],"damage_healed":0.0,"max_hp_gain":0.0,"max_hp_loss":0.0,"gold_gain":0.0,"event_name":"Falling","player_choice":"Removed Skill","floor":47.0,"gold_loss":0.0,"damage_taken":0.0},{"damage_healed":0.0,"max_hp_gain":0.0,"max_hp_loss":4.0,"gold_gain":0.0,"event_name":"Winding Halls","player_choice":"Max HP","floor":49.0,"gold_loss":0.0,"damage_taken":0.0}],"is_beta":false,"boss_relics":[{"not_picked":["ReplayTheSpireMod:DimensionalGlitch","Abe\u0027s Treasure"],"picked":"Philosopher\u0027s Stone"},{"not_picked":["Replay:Wanted Poster","Honey Jar"],"picked":"Calling Bell"}],"items_purged_floors":[4,12,22,50],"is_endless":false,"potions_floor_spawned":[2,5,6,10,13,16,18,21,23,29,35,37,43,44,56],"killed_by":"The Heart","ascension_level":1}}