{"host":"mq8ma9fwagsj51ix","time":1608709505,"event":{"mods":["2.2 Compatiblity","BaseMod","Downfall","Hermit","Hubris","Jorbs\u0027s Wanderer Trilogy","Minty Spire (QoL Compilation)","Replay The Spire","StSLib"],"gold_per_floor":[99,549,624,624,624,624,670,683,608,625,658,658,658,676,691,793,793,793,808,808,748,18,31,31,60,71,86,86,86,86,86],"floor_reached":29,"playtime":1333,"items_purged":[],"score":241,"play_id":"ff10ac08-3722-42d8-b4b9-6fccfe49715d","local_time":"20201223014505","is_ascension_mode":false,"campfire_choices":[{"data":"Guardian:TwinSlam","floor":1.0,"key":"SMITH"},{"data":"Guardian:DecasProtection","floor":9.0,"key":"SMITH"},{"floor":13.0,"key":"REST"},{"data":"Guardian:Clone","floor":18.0,"key":"SMITH"}],"circlet_count":0,"master_deck":["Guardian:CurlUp","Guardian:TwinSlam+1","Slimebound:Icky","Slimebound:Icky","Slimebound:Icky","Guardian:ShieldCharger","Guardian:Incinerate","Guardian:DecasProtection+1","Guardian:ChargeCore","Guardian:BronzeOrb","Guardian:DecasProtection","Guardian:CrystalBeam","Guardian:BaubleBeam","Guardian:BronzeOrb","Guardian:SpikerProtocol","Guardian:ShieldSpikes","Guardian:HyperBeam_Guardian","Guardian:Clone+1","Guardian:Harden","Guardian:RollAttack","Guardian:PrimingBeam+1","Guardian:Recover","Guardian:ArmoredProtocol","Guardian:Suspension+1","Guardian:Incinerate+1","Guardian:Planning","Guardian:Gem_Cyan"],"relics":["Guardian:ModeShifter","downfall:HeartsMalice","downfall:HeartBlessingBlue","Oddly Smooth Stone","Pandora\u0027s Box","downfall:RedIOU","hubris:CuriousFeather","ReplayTheSpireMod:Lightbulb","ClockworkSouvenir","Calipers","Molten Egg 2"],"acts_visited":["Exordium","TheCity"],"potions_floor_usage":[25,27,27,29],"damage_taken":[{"damage":0.0,"enemies":"Small Slimes","floor":4.0,"turns":1.0},{"damage":0.0,"enemies":"Cultist","floor":5.0,"turns":1.0},{"damage":0.0,"enemies":"Jaw Worm","floor":6.0,"turns":1.0},{"damage":15.0,"enemies":"Blue Slaver","floor":8.0,"turns":5.0},{"damage":17.0,"enemies":"Exordium Thugs","floor":10.0,"turns":5.0},{"damage":17.0,"enemies":"Gremlin Nob","floor":11.0,"turns":5.0},{"damage":8.0,"enemies":"Exordium Wildlife","floor":14.0,"turns":6.0},{"damage":0.0,"enemies":"2 Fungi Beasts","floor":15.0,"turns":4.0},{"damage":40.0,"enemies":"downfall:Ironclad","floor":16.0,"turns":12.0},{"damage":4.0,"enemies":"3 Byrds","floor":19.0,"turns":3.0},{"damage":6.0,"enemies":"downfall:FleeingMerchant","floor":22.0,"turns":4.0},{"damage":32.0,"enemies":"Spheric Guardian","floor":23.0,"turns":7.0},{"damage":24,"enemies":"Book of Stabbing","floor":25,"turns":6},{"damage":18,"enemies":"Centurion and Healer","floor":26,"turns":6},{"damage":4,"enemies":"3 Cultists","floor":27,"turns":6},{"damage":5,"enemies":"Snake Plant","floor":29,"turns":1}],"seed_played":"-4504028026077341755","potions_obtained":[{"floor":3.0,"key":"downfall:CursedFountainPotion"},{"floor":8.0,"key":"FearPotion"},{"floor":10.0,"key":"Weak Potion"},{"floor":11.0,"key":"hexamod:EctoCoolerPotion"},{"floor":16.0,"key":"PowerPotion"},{"floor":23.0,"key":"EssenceOfSteel"},{"floor":25,"key":"Elixir"},{"floor":26,"key":"AttackPotion"},{"floor":27,"key":"SkillPotion"}],"is_trial":false,"path_per_floor":["R","?","?","M","M","M","T","M","R","M","E","?","R","M","M","B",null,"R","M","?","?","$","M","T","E","M","M","?","M"],"character_chosen":"GUARDIAN","items_purchased":["Guardian:ArmoredProtocol","hubris:CuriousFeather","ReplayTheSpireMod:Lightbulb","ClockworkSouvenir"],"campfire_rested":1,"item_purchase_floors":[22,22,22,22],"current_hp_per_floor":[80,80,80,80,80,80,80,65,75,58,41,29,56,48,48,8,90,90,86,86,86,80,48,48,24,6,2,2,0,0,0],"gold":86,"neow_bonus":"THREE_ENEMY_KILL","is_daily":false,"chose_seed":false,"campfire_upgraded":3,"win_rate":0.0,"timestamp":1608709505,"path_taken":["R","?","?","M","M","M","T","?","R","M","E","?","R","M","M","BOSS","R","M","?","?","$","M","T","E","M","M","?","M"],"items_purchased_type":["Card","Relic","Relic","Relic"],"build_version":"2020-12-22","purchased_purges":0,"victory":false,"max_hp_per_floor":[80,80,80,80,80,80,80,80,90,90,90,90,90,90,90,90,90,90,90,90,90,90,90,90,90,90,90,90,90,90,90],"card_choices":[{"not_picked":["Guardian:WalkerClaw","Guardian:Suspension"],"picked":"Guardian:ShieldCharger","floor":4.0},{"not_picked":["Guardian:TemporalStrike","Guardian:WalkerClaw"],"picked":"Guardian:Incinerate","floor":5.0},{"not_picked":["Guardian:ShieldSpikes","Guardian:PiercingHide"],"picked":"Guardian:DecasProtection","floor":6.0},{"not_picked":["Guardian:PiercingHide","Guardian:RollAttack"],"picked":"Guardian:Gem_Purple","floor":8.0},{"not_picked":["Guardian:StasisField","Guardian:Incinerate"],"picked":"Guardian:ChargeCore","floor":10.0},{"not_picked":["Guardian:Clone","Guardian:TimeCapacitor"],"picked":"Guardian:BronzeOrb","floor":11.0},{"not_picked":["Guardian:ShieldCharger","Guardian:WalkerClaw"],"picked":"Guardian:DecasProtection","floor":14.0},{"not_picked":["Guardian:TemporalStrike","Guardian:TemporalShield"],"picked":"Guardian:CrystalBeam","floor":15.0},{"not_picked":["Guardian:RevengeProtocol","Guardian:TimeSifter"],"picked":"Guardian:BaubleBeam","floor":16.0},{"not_picked":["Guardian:RollAttack","Guardian:TemporalStrike"],"picked":"Guardian:PrimingBeam+1","floor":19.0},{"not_picked":["Guardian:ChargeCore","Guardian:VentSteam"],"picked":"Guardian:Recover","floor":22.0},{"not_picked":["Guardian:RefractedBeam+1","Guardian:Gem_Fragmented"],"picked":"Guardian:Suspension+1","floor":23.0},{"not_picked":["Guardian:BronzeArmor","Guardian:Harden"],"picked":"Guardian:Incinerate+1","floor":25},{"not_picked":["Guardian:SpikerProtocol","Guardian:Gem_Green"],"picked":"Guardian:Planning","floor":26},{"not_picked":["Guardian:SpikerProtocol","Guardian:PiercingHide"],"picked":"Guardian:Gem_Cyan","floor":27}],"player_experience":139137,"relics_obtained":[{"floor":11.0,"key":"Oddly Smooth Stone"},{"floor":24,"key":"Calipers"},{"floor":25,"key":"Molten Egg 2"}],"event_choices":[{"damage_healed":0.0,"max_hp_gain":0.0,"max_hp_loss":0.0,"gold_gain":0.0,"event_name":"Scrap Ooze","player_choice":"Success","floor":12.0,"gold_loss":0.0,"damage_taken":12.0,"relics_obtained":["PreservedInsect"]},{"damage_healed":0,"gold_gain":0,"player_choice":"Ignored","damage_taken":0,"max_hp_gain":0,"max_hp_loss":0,"event_name":"NoteForYourself","floor":28,"gold_loss":0}],"is_beta":false,"boss_relics":[{"not_picked":["ChewingGum","Replay:Grab Bag"],"picked":"Pandora\u0027s Box"}],"items_purged_floors":[],"is_endless":false,"potions_floor_spawned":[8,10,11,16,23,25,26,27],"killed_by":"Snake Plant","ascension_level":0}}