{"host":"kh6fvhxn285ncg0o","time":1608689710,"event":{"mods":["Act Like it!","BaseMod","Colored Map","Friendly Minions","Keyboard Shortcuts","Minty Spire (QoL Compilation)","Quick Restart","Relic Stats","StSLib","SuperFastMode"],"gold_per_floor":[118,128,139,64,74,74,109,122,149,161,161,86,101,129,129,201,201,218,133,34,66,79,104,116,150,150,183,196,196,96,96,96,170,170,188,205,250,250,250,281,293,6,88,120,120,131,131,158,158,158,158,158,158,78,113,113],"floor_reached":57,"playtime":2140,"items_purged":["Doubt","Strike_R","Strike_R"],"score":2970,"play_id":"05804e12-8cd4-4dda-bccb-bd176f2d371b","local_time":"20201223111510","is_ascension_mode":true,"campfire_choices":[{"data":"Apotheosis","floor":6.0,"key":"SMITH"},{"data":"Burning Pact","floor":11.0,"key":"SMITH"},{"floor":15.0,"key":"RECALL"},{"data":"Offering","floor":29.0,"key":"SMITH"},{"floor":32,"key":"REST"},{"floor":47,"key":"REST"},{"floor":49,"key":"REST"},{"floor":53,"key":"REST"}],"circlet_count":0,"master_deck":["AscendersBane","Strike_R","Strike_R","Defend_R","Defend_R","Defend_R","Defend_R","Bash","Apotheosis+1","Pommel Strike+1","Burning Pact+1","Flame Barrier","Carnage","Uppercut","Fire Breathing+1","Second Wind","Double Tap","Offering+1","Warcry+1","Flash of Steel","Dark Embrace+1","Corruption+1","Impervious","Dropkick","Battle Trance+1","Evolve+1","Flash of Steel","Barricade+1"],"relics":["Burning Blood","Frozen Egg 2","Oddly Smooth Stone","Mark of Pain","Orichalcum","Red Mask","Ice Cream","Self Forming Clay","Gremlin Horn","Pocketwatch","Nilry\u0027s Codex","Fusion Hammer","Prayer Wheel","Nunchaku","Lantern","DollysMirror","Paper Frog","InkBottle","White Beast Statue","Blue Candle"],"acts_visited":["Exordium","TheCity","TheBeyond","TheEnding"],"potions_floor_usage":[37,50,56,56],"damage_taken":[{"damage":2.0,"enemies":"Small Slimes","floor":1.0,"turns":4.0},{"damage":0.0,"enemies":"2 Louse","floor":2.0,"turns":5.0},{"damage":4.0,"enemies":"Jaw Worm","floor":3.0,"turns":3.0},{"damage":3.0,"enemies":"2 Fungi Beasts","floor":5.0,"turns":4.0},{"damage":8.0,"enemies":"Gremlin Nob","floor":7.0,"turns":3.0},{"damage":8.0,"enemies":"Exordium Thugs","floor":8.0,"turns":4.0},{"damage":10.0,"enemies":"Red Slaver","floor":10.0,"turns":3.0},{"damage":0.0,"enemies":"3 Louse","floor":13.0,"turns":2.0},{"damage":10.0,"enemies":"Lagavulin","floor":14.0,"turns":6.0},{"damage":53.0,"enemies":"Hexaghost","floor":16.0,"turns":10.0},{"damage":17.0,"enemies":"3 Byrds","floor":18.0,"turns":5.0},{"damage":9.0,"enemies":"Masked Bandits","floor":21.0,"turns":3.0},{"damage":3.0,"enemies":"Chosen","floor":22.0,"turns":3.0},{"damage":9.0,"enemies":"Slavers","floor":23.0,"turns":3.0},{"damage":0.0,"enemies":"Centurion and Healer","floor":24.0,"turns":5.0},{"damage":11.0,"enemies":"Book of Stabbing","floor":25.0,"turns":4.0},{"damage":23.0,"enemies":"Slavers","floor":27.0,"turns":4.0},{"damage":12.0,"enemies":"Snecko","floor":28.0,"turns":4.0},{"damage":7,"enemies":"Champ","floor":33,"turns":9},{"damage":6,"enemies":"3 Shapes","floor":35,"turns":3},{"damage":9,"enemies":"3 Darklings","floor":36,"turns":2},{"damage":6,"enemies":"2 Orb Walkers","floor":37,"turns":2},{"damage":0,"enemies":"Reptomancer","floor":40,"turns":2},{"damage":3,"enemies":"4 Shapes","floor":41,"turns":3},{"damage":0,"enemies":"Giant Head","floor":44,"turns":2},{"damage":3,"enemies":"Writhing Mass","floor":46,"turns":3},{"damage":6,"enemies":"Nemesis","floor":48,"turns":1},{"damage":25,"enemies":"Time Eater","floor":50,"turns":4},{"damage":18,"enemies":"Donu and Deca","floor":51,"turns":3},{"damage":14,"enemies":"Shield and Spear","floor":55,"turns":2},{"damage":38,"enemies":"The Heart","floor":56,"turns":6}],"seed_played":"8389662894704844993","potions_obtained":[{"floor":1.0,"key":"AttackPotion"},{"floor":2.0,"key":"SkillPotion"},{"floor":8.0,"key":"Explosive Potion"},{"floor":14.0,"key":"Fire Potion"},{"floor":21.0,"key":"BlessingOfTheForge"},{"floor":22.0,"key":"ElixirPotion"},{"floor":24.0,"key":"SteroidPotion"},{"floor":35,"key":"GamblersBrew"},{"floor":39,"key":"SpeedPotion"},{"floor":44,"key":"SteroidPotion"}],"is_trial":false,"path_per_floor":["M","M","M","$","M","R","E","M","T","M","R","?","M","E","R","B",null,"M","?","$","?","M","E","M","E","T","E","M","R","$","?","R","B",null,"M","M","?","T","?","E","M","$","T","E","?","M","R","E","R","B","B",null,"R","$","E","B",null],"character_chosen":"IRONCLAD","items_purchased":["Flash of Steel","DollysMirror","Ancient Potion"],"campfire_rested":4,"item_purchase_floors":[20,42,54],"current_hp_per_floor":[72,75,75,75,75,75,73,71,71,67,67,67,73,69,69,22,62,51,51,51,48,51,48,54,49,49,32,26,26,26,5,27,26,63,63,60,60,60,60,66,69,69,69,75,75,75,75,75,75,56,44,67,75,75,67,35],"gold":113,"neow_bonus":"RANDOM_COLORLESS_2","is_daily":false,"chose_seed":false,"campfire_upgraded":3,"win_rate":0.0,"timestamp":1608689710,"path_taken":["M","M","M","$","M","R","E","M","T","M","R","?","M","E","R","BOSS","M","?","$","?","M","E","M","E","T","E","M","R","$","?","R","BOSS","M","M","?","?","?","E","?","$","T","E","?","M","R","E","R","BOSS","BOSS","R","$","E","BOSS"],"items_purchased_type":["Card","Relic","Potion"],"build_version":"2020-12-13","purchased_purges":3,"victory":true,"max_hp_per_floor":[75,75,75,75,75,75,75,75,75,75,75,75,75,75,75,75,75,75,75,75,75,75,75,75,75,75,75,75,75,75,75,75,75,75,75,75,75,75,75,75,75,75,75,75,75,75,75,75,75,75,75,75,75,75,75,75],"relic_stats":{"Nunchaku":[24],"Gremlin Horn":[9,15],"counters":[31,117],"Self Forming Clay":[87],"Blue Candle":[1],"Prayer Wheel":2,"Orichalcum":[96],"obtain_stats":[{"Ice Cream":23,"Lantern":40,"Gremlin Horn":26,"Self Forming Clay":25,"Nilry\u0027s Codex":31,"Blue Candle":55,"Oddly Smooth Stone":14,"Frozen Egg 2":7,"Orichalcum":19,"Burning Blood":0,"White Beast Statue":48,"Nunchaku":38,"DollysMirror":42,"Prayer Wheel":37,"Mark of Pain":17,"Fusion Hammer":34,"Red Mask":21,"InkBottle":44,"Pocketwatch":27,"Paper Frog":43},{"Ice Cream":14,"Lantern":23,"Gremlin Horn":16,"Self Forming Clay":16,"Nilry\u0027s Codex":18,"Blue Candle":30,"Oddly Smooth Stone":9,"Frozen Egg 2":5,"Orichalcum":11,"Burning Blood":0,"White Beast Statue":27,"Nunchaku":22,"DollysMirror":24,"Prayer Wheel":22,"Mark of Pain":10,"Fusion Hammer":19,"Red Mask":12,"InkBottle":25,"Pocketwatch":17,"Paper Frog":24},{"Ice Cream":58,"Lantern":93,"Gremlin Horn":67,"Self Forming Clay":67,"Nilry\u0027s Codex":75,"Blue Candle":111,"Oddly Smooth Stone":34,"Frozen Egg 2":19,"Orichalcum":49,"Burning Blood":0,"White Beast Statue":102,"Nunchaku":91,"DollysMirror":96,"Prayer Wheel":91,"Mark of Pain":44,"Fusion Hammer":84,"Red Mask":52,"InkBottle":98,"Pocketwatch":71,"Paper Frog":96}],"Burning Blood":175,"InkBottle":[18],"Pocketwatch":[42]},"card_choices":[{"not_picked":["Secret Weapon","Metamorphosis"],"picked":"Apotheosis","floor":0.0},{"not_picked":["Clash","Rampage"],"picked":"Pommel Strike","floor":1.0},{"not_picked":["True Grit","Clash"],"picked":"Burning Pact","floor":3.0},{"not_picked":["Inflame","Flex"],"picked":"Flame Barrier","floor":5.0},{"not_picked":["Reckless Charge","Flex"],"picked":"Carnage","floor":7.0},{"not_picked":["Perfected Strike","Ghostly Armor"],"picked":"Uppercut","floor":8.0},{"not_picked":["Anger","Bloodletting"],"picked":"Fire Breathing+1","floor":10.0},{"not_picked":["Clothesline","Thunderclap"],"picked":"Second Wind","floor":13.0},{"not_picked":["Heavy Blade","Spot Weakness"],"picked":"Double Tap","floor":14.0},{"not_picked":["Limit Break","Feed"],"picked":"Offering","floor":16.0},{"not_picked":["Spot Weakness","Armaments"],"picked":"Warcry+1","floor":18.0},{"not_picked":["Pommel Strike","Headbutt"],"picked":"Dark Embrace+1","floor":21.0},{"not_picked":["Pommel Strike","Heavy Blade+1","Second Wind"],"picked":"SKIP","floor":22.0},{"not_picked":["Pummel","Wild Strike","Twin Strike"],"picked":"SKIP","floor":23.0},{"not_picked":["Hemokinesis","Thunderclap","Shockwave"],"picked":"SKIP","floor":24.0},{"not_picked":["Perfected Strike","Sword Boomerang","Shrug It Off"],"picked":"SKIP","floor":25.0},{"not_picked":["Perfected Strike","Sword Boomerang","Shrug It Off"],"picked":"SKIP","floor":25.0},{"not_picked":["Twin Strike","Clothesline"],"picked":"Corruption+1","floor":27.0},{"not_picked":["Pummel","Clash","Whirlwind"],"picked":"SKIP","floor":28.0},{"not_picked":["Exhume","Berserk+1"],"picked":"Impervious","floor":33},{"not_picked":["Perfected Strike","Iron Wave+1"],"picked":"Dropkick","floor":35},{"not_picked":["Twin Strike","Wild Strike","Clothesline"],"picked":"SKIP","floor":36},{"not_picked":["Headbutt","Wild Strike"],"picked":"Battle Trance+1","floor":37},{"not_picked":["Warcry+1","Carnage"],"picked":"Evolve+1","floor":40},{"not_picked":["Battle Trance","Thunderclap","Second Wind"],"picked":"SKIP","floor":41},{"not_picked":["Inflame+1","Brutality+1","Whirlwind"],"picked":"SKIP","floor":41},{"not_picked":["Uppercut","Pummel+1","Clothesline"],"picked":"SKIP","floor":44},{"not_picked":["Clothesline","Combust+1","Twin Strike"],"picked":"SKIP","floor":46},{"not_picked":["Pommel Strike+1","Iron Wave","Headbutt"],"picked":"SKIP","floor":46},{"not_picked":["Iron Wave+1","Ghostly Armor+1","Wild Strike"],"picked":"SKIP","floor":48},{"not_picked":["Body Slam","Perfected Strike+1"],"picked":"Barricade+1","floor":55}],"player_experience":3212844,"relics_obtained":[{"floor":7.0,"key":"Frozen Egg 2"},{"floor":14.0,"key":"Oddly Smooth Stone"},{"floor":21.0,"key":"Red Mask"},{"floor":23.0,"key":"Ice Cream"},{"floor":25.0,"key":"Self Forming Clay"},{"floor":26.0,"key":"Gremlin Horn"},{"floor":27.0,"key":"Pocketwatch"},{"floor":31,"key":"Nilry\u0027s Codex"},{"floor":37,"key":"Prayer Wheel"},{"floor":38,"key":"Nunchaku"},{"floor":40,"key":"Lantern"},{"floor":43,"key":"Paper Frog"},{"floor":44,"key":"InkBottle"},{"floor":48,"key":"White Beast Statue"},{"floor":55,"key":"Blue Candle"}],"event_choices":[{"cards_removed":["Strike_R"],"damage_healed":0.0,"max_hp_gain":0.0,"max_hp_loss":0.0,"gold_gain":0.0,"event_name":"The Cleric","player_choice":"Card Removal","floor":12.0,"gold_loss":75.0,"damage_taken":0.0},{"damage_healed":0.0,"max_hp_gain":0.0,"max_hp_loss":0.0,"gold_gain":0.0,"event_name":"Addict","player_choice":"Obtained Relic","floor":19.0,"gold_loss":85.0,"damage_taken":0.0,"relics_obtained":["Orichalcum"]},{"damage_healed":0.0,"max_hp_gain":0.0,"max_hp_loss":0.0,"gold_gain":0.0,"event_name":"Masked Bandits","player_choice":"Fought Bandits","floor":21.0,"gold_loss":0.0,"damage_taken":0.0},{"damage_healed":0,"gold_gain":0,"player_choice":"Obtained Book","damage_taken":21,"max_hp_gain":0,"max_hp_loss":0,"event_name":"Cursed Tome","floor":31,"gold_loss":0},{"damage_healed":0,"gold_gain":0,"player_choice":"Fight","damage_taken":0,"max_hp_gain":0,"max_hp_loss":0,"event_name":"Mysterious Sphere","floor":37,"gold_loss":0},{"damage_healed":0,"gold_gain":0,"player_choice":"Got Potions","damage_taken":0,"max_hp_gain":0,"max_hp_loss":0,"event_name":"Lab","floor":39,"gold_loss":0},{"damage_healed":0,"gold_gain":0,"player_choice":"Forge","damage_taken":0,"max_hp_gain":0,"max_hp_loss":0,"event_name":"Accursed Blacksmith","floor":45,"gold_loss":0,"cards_upgraded":["Pommel Strike"]}],"is_beta":false,"boss_relics":[{"not_picked":["Cursed Key","SacredBark"],"picked":"Mark of Pain"},{"not_picked":["Empty Cage","Runic Dome"],"picked":"Fusion Hammer"}],"items_purged_floors":[4,30,42],"is_endless":false,"potions_floor_spawned":[1,2,8,14,21,22,24,28,35,36,44,48,55],"ascension_level":20}}