{"host":"uflv0e3ja7hvnij7","time":1608728179,"event":{"mods":["BaseMod","Conspire","Hubris","Minty Spire (QoL Compilation)","Replay The Spire","StSLib","The Bug Knight"],"gold_per_floor":[119,194,194,369,386,386,404,436,436,436,104,104,121,139,139,235,235,250,266,266,118,130,130,130],"floor_reached":23,"playtime":1918,"items_purged":["Doubt"],"score":243,"play_id":"abd9ec9f-b57b-4373-a60e-f61bf38d324c","local_time":"20201223075619","is_ascension_mode":true,"campfire_choices":[{"floor":6,"key":"REST"},{"floor":10,"key":"REST"},{"floor":12,"key":"REST"}],"circlet_count":0,"master_deck":["Strike_G","Strike_G","Strike_G","Strike_G","Strike_G","Defend_G","Defend_G","Defend_G","Defend_G","Defend_G","Survivor","Neutralize","Flying Knee","Prepared","Noxious Fumes","Tools of the Trade","Adrenaline","Poisoned Stab","Toxin Wave","Footwork"],"relics":["Replay:Bronze Core","hubris:Icosahedron","hubris:Reverence","White Beast Statue","StrikeDummy","Fusion Hammer","Enchiridion","Lee\u0027s Waffle"],"acts_visited":["Exordium","TheCity"],"potions_floor_usage":[16,16,16,19,22,23,23],"damage_taken":[{"damage":5,"enemies":"Small Slimes","floor":1,"turns":6},{"damage":12,"enemies":"Jaw Worm","floor":5,"turns":6},{"damage":2,"enemies":"2 Louse","floor":7,"turns":3},{"damage":53,"enemies":"Lagavulin","floor":8,"turns":14},{"damage":4,"enemies":"Blue Slaver","floor":13,"turns":4},{"damage":0,"enemies":"Large Slime","floor":14,"turns":4},{"damage":34,"enemies":"Fading Forest","floor":16,"turns":11},{"damage":24,"enemies":"Shell Parasite","floor":18,"turns":7},{"damage":16,"enemies":"3 Byrds","floor":19,"turns":4},{"damage":15,"enemies":"Snecko","floor":22,"turns":5},{"damage":60,"enemies":"Slavers","floor":23,"turns":5},{"damage":0,"enemies":"Slavers","floor":23,"turns":1}],"seed_played":"6135080782757130844","potions_obtained":[{"floor":8,"key":"Doom Potion"},{"floor":13,"key":"Strength Potion"},{"floor":14,"key":"PowerPotion"},{"floor":15,"key":"Flashbang"},{"floor":16,"key":"Adrenaline Potion"},{"floor":18,"key":"Block Potion"},{"floor":19,"key":"SmokeBomb"},{"floor":22,"key":"Poison Potion"}],"is_trial":false,"path_per_floor":["M","?","?","?","M","R","M","E","T","R","$","R","M","M","R","B",null,"M","M","?","$","M","E"],"character_chosen":"THE_SILENT","items_purchased":["StrikeDummy","Lee\u0027s Waffle"],"campfire_rested":3,"item_purchase_floors":[11,21],"current_hp_per_floor":[65,54,54,54,42,63,61,8,8,29,29,50,46,46,46,20,70,46,30,14,77,62,2,2],"gold":130,"neow_bonus":"BOSS_RELIC","is_daily":false,"chose_seed":false,"campfire_upgraded":0,"win_rate":0.0,"timestamp":1608728179,"path_taken":["M","?","?","?","M","R","M","E","T","R","$","R","M","M","R","BOSS","M","M","?","$","M","E"],"items_purchased_type":["Relic","Relic"],"build_version":"2020-12-22","purchased_purges":1,"victory":false,"max_hp_per_floor":[70,70,70,70,70,70,70,70,70,70,70,70,70,70,70,70,70,70,70,70,77,77,77,77],"card_choices":[{"not_picked":["Dodge and Roll","Outmaneuver"],"picked":"Flying Knee","floor":1},{"not_picked":["Hidden Blade","Flechettes"],"picked":"Prepared","floor":5},{"not_picked":["Escape Plan","Deadly Poison"],"picked":"Noxious Fumes","floor":7},{"not_picked":["Quick Slash","Deflect"],"picked":"Tools of the Trade","floor":8},{"not_picked":["ReplayTheSpireMod:The Works","Choke","Outmaneuver"],"picked":"SKIP","floor":13},{"not_picked":["Quick Slash","Deflect","Calculated Gamble"],"picked":"SKIP","floor":14},{"not_picked":["Phantasmal Killer","Venomology"],"picked":"Adrenaline","floor":16},{"not_picked":["Expertise+1","Blade Dance"],"picked":"Poisoned Stab","floor":18},{"not_picked":["Riddle With Holes","Deflect"],"picked":"Toxin Wave","floor":19},{"not_picked":["Accuracy","Riddle With Holes+1"],"picked":"Footwork","floor":22}],"player_experience":300004,"relics_obtained":[{"floor":8,"key":"hubris:Reverence"},{"floor":9,"key":"White Beast Statue"},{"floor":20,"key":"Enchiridion"}],"event_choices":[{"damage_healed":0,"gold_gain":75,"player_choice":"Gather Gold","damage_taken":11,"max_hp_gain":0,"max_hp_loss":0,"event_name":"World of Goop","floor":2,"gold_loss":0},{"damage_healed":0,"gold_gain":175,"player_choice":"AGREE","damage_taken":0,"max_hp_gain":0,"max_hp_loss":0,"event_name":"Liars Game","floor":4,"gold_loss":0,"cards_obtained":["Doubt"]},{"damage_healed":0,"gold_gain":0,"player_choice":"Obtained Book","damage_taken":16,"max_hp_gain":0,"max_hp_loss":0,"event_name":"Cursed Tome","floor":20,"gold_loss":0}],"is_beta":false,"boss_relics":[{"not_picked":["conspire:RunicOctahedron","hubris:ScarierMask"],"picked":"Fusion Hammer"}],"items_purged_floors":[11],"is_endless":false,"potions_floor_spawned":[8,13,14,16,18,19,22,23],"killed_by":"Slavers","ascension_level":3}}