{"host":"baymyijz6sxaqj5s","time":1608726821,"event":{"mods":["AchievementEnabler","BaseMod","Colored Map","Colored Powertips","DeckTracker","KOR Keyword Fix","Keyboard Shortcuts","Minty Spire (QoL Compilation)","Quick Restart","StSLib","SuperFastMode"],"gold_per_floor":[115,128,128,128,138,138,118,137,209,209,209,234,234,253,253,358,408,422,422,436,288,301,329,329,359,382,382,399,110,110,122,122,122,122],"floor_reached":33,"playtime":1326,"items_purged":[],"score":326,"play_id":"9a368dde-0287-44e2-86f6-c72cfc44514a","local_time":"20201223213341","is_ascension_mode":true,"campfire_choices":[{"data":"Flame Barrier","floor":6,"key":"SMITH"},{"floor":11,"key":"REST"},{"floor":13,"key":"REST"},{"floor":15,"key":"REST"},{"floor":24,"key":"REST"},{"floor":27,"key":"REST"},{"data":"Entrench","floor":30,"key":"SMITH"},{"floor":32,"key":"REST"}],"circlet_count":0,"master_deck":["Strike_R","Strike_R","Strike_R","Strike_R","Strike_R","Defend_R","Defend_R","Defend_R","Defend_R","Bash","Ghostly Armor","Flame Barrier+1","Power Through+1","Entrench+1","Armaments+1","Sword Boomerang","Cleave","Twin Strike+1","Body Slam+1","Thunderclap+1","Shrug It Off+1","Enlightenment+1","Heavy Blade"],"relics":["Burning Blood","Shuriken","Prayer Wheel","Bag of Preparation","Tiny House","MutagenicStrength","Bronze Scales","Shovel","Pear","MealTicket","War Paint"],"acts_visited":["Exordium","TheCity"],"potions_floor_usage":[16,16,18,23,23,25,33,33],"damage_taken":[{"damage":5,"enemies":"2 Louse","floor":1,"turns":3},{"damage":1,"enemies":"Cultist","floor":2,"turns":4},{"damage":0,"enemies":"Small Slimes","floor":5,"turns":4},{"damage":12,"enemies":"Exordium Thugs","floor":7,"turns":7},{"damage":0,"enemies":"3 Louse","floor":8,"turns":6},{"damage":74,"enemies":"Lagavulin","floor":12,"turns":18},{"damage":0,"enemies":"2 Fungi Beasts","floor":14,"turns":5},{"damage":53,"enemies":"The Guardian","floor":16,"turns":28},{"damage":43,"enemies":"Shell Parasite","floor":18,"turns":25},{"damage":20,"enemies":"2 Thieves","floor":20,"turns":4},{"damage":8,"enemies":"Snecko","floor":22,"turns":5},{"damage":13,"enemies":"Slavers","floor":23,"turns":7},{"damage":31,"enemies":"Book of Stabbing","floor":25,"turns":5},{"damage":20,"enemies":"Chosen and Byrds","floor":28,"turns":8},{"damage":1,"enemies":"Cultist and Chosen","floor":31,"turns":4},{"damage":114,"enemies":"Automaton","floor":33,"turns":14}],"seed_played":"-3264047934590996632","potions_obtained":[{"floor":12,"key":"Dexterity Potion"},{"floor":14,"key":"Energy Potion"},{"floor":16,"key":"Strength Potion"},{"floor":17,"key":"HeartOfIron"},{"floor":22,"key":"Dexterity Potion"},{"floor":23,"key":"SkillPotion"},{"floor":25,"key":"Weak Potion"}],"is_trial":false,"path_per_floor":["M","M","?","$","M","R","M","M","T","?","R","E","R","M","R","B",null,"M","?","M","$","M","E","R","E","T","R","M","$","R","M","R","B"],"character_chosen":"IRONCLAD","items_purchased":["Bronze Scales","Enlightenment","War Paint","Fire Potion"],"campfire_rested":6,"item_purchase_floors":[21,29,29,29],"current_hp_per_floor":[88,88,80,80,86,86,80,86,86,53,79,11,37,43,69,22,93,56,56,42,42,40,33,60,45,45,75,61,76,76,81,103,0,0],"gold":122,"neow_bonus":"TEN_PERCENT_HP_BONUS","is_daily":false,"chose_seed":false,"campfire_upgraded":2,"win_rate":0.0,"timestamp":1608726821,"path_taken":["M","M","?","?","M","R","M","M","T","?","R","E","R","M","R","BOSS","M","?","M","$","M","E","R","E","T","R","M","$","R","M","R","BOSS"],"items_purchased_type":["Relic","Card","Relic","Potion"],"build_version":"2020-12-22","purchased_purges":0,"victory":false,"max_hp_per_floor":[88,88,88,88,88,88,88,88,88,88,88,88,88,88,88,88,93,93,93,93,93,93,93,93,103,103,103,103,103,103,103,103,103,103],"card_choices":[{"not_picked":["Iron Wave","Thunderclap","Clash"],"picked":"SKIP","floor":1},{"not_picked":["Bloodletting","Thunderclap"],"picked":"Ghostly Armor","floor":2},{"not_picked":["Twin Strike","Cleave"],"picked":"Flame Barrier","floor":5},{"not_picked":["Dark Embrace","Twin Strike"],"picked":"Power Through","floor":7},{"not_picked":["Perfected Strike","Disarm"],"picked":"Entrench","floor":8},{"not_picked":["Pummel","Uppercut","Armaments"],"picked":"SKIP","floor":12},{"not_picked":["Double Tap","Iron Wave"],"picked":"Armaments","floor":14},{"not_picked":["Combust","Headbutt","True Grit"],"picked":"SKIP","floor":14},{"not_picked":["Headbutt","Disarm"],"picked":"Sword Boomerang","floor":17},{"not_picked":["Iron Wave","Sentinel"],"picked":"Cleave","floor":18},{"not_picked":["Armaments","Dual Wield"],"picked":"Twin Strike+1","floor":18},{"not_picked":["Warcry","Wild Strike+1"],"picked":"Body Slam+1","floor":20},{"not_picked":["Flex+1","Rampage+1","Headbutt"],"picked":"SKIP","floor":20},{"not_picked":["Burning Pact","Metallicize+1"],"picked":"Thunderclap+1","floor":22},{"not_picked":["Havoc","Clash+1","Dark Embrace"],"picked":"SKIP","floor":22},{"not_picked":["Iron Wave","Uppercut+1","Sword Boomerang+1"],"picked":"SKIP","floor":23},{"not_picked":["Combust","Flex","Corruption"],"picked":"SKIP","floor":25},{"not_picked":["True Grit","Havoc"],"picked":"Shrug It Off+1","floor":28},{"not_picked":["Clothesline","Iron Wave","Dark Embrace+1"],"picked":"SKIP","floor":28},{"not_picked":["Shrug It Off+1","Warcry+1"],"picked":"Heavy Blade","floor":31},{"not_picked":["Burning Pact","Entrench","Sword Boomerang+1"],"picked":"SKIP","floor":31}],"player_experience":204587,"relics_obtained":[{"floor":9,"key":"Shuriken"},{"floor":12,"key":"Bag of Preparation"},{"floor":23,"key":"Shovel"},{"floor":25,"key":"Pear"},{"floor":26,"key":"MealTicket"}],"event_choices":[{"damage_healed":0,"gold_gain":0,"player_choice":"Damaged","damage_taken":8,"max_hp_gain":0,"max_hp_loss":0,"event_name":"Wheel of Change","floor":3,"gold_loss":0},{"damage_healed":0,"gold_gain":0,"player_choice":"Success","damage_taken":33,"relics_obtained":["Prayer Wheel"],"max_hp_gain":0,"max_hp_loss":0,"event_name":"Scrap Ooze","floor":10,"gold_loss":0},{"damage_healed":0,"gold_gain":0,"player_choice":"Inject Mutagens","damage_taken":0,"relics_obtained":["MutagenicStrength"],"max_hp_gain":0,"max_hp_loss":0,"event_name":"Drug Dealer","floor":19,"gold_loss":0}],"is_beta":false,"boss_relics":[{"not_picked":["Runic Pyramid","Mark of Pain"],"picked":"Tiny House"}],"items_purged_floors":[],"is_endless":false,"potions_floor_spawned":[12,14,16,22,23,25],"killed_by":"Automaton","ascension_level":1}}