{"host":"wg33yb1rgt3nbe17","time":1608684377,"event":{"mods":["AchievementEnabler","BaseMod","Colored Map","Minty Spire (QoL Compilation)","Permanent Neow","Relic Stats","StSLib"],"gold_per_floor":[115,130,148,163,180,180,180,180,207,224,256,270,26,26,26,100,100,115,115,115,115],"floor_reached":20,"playtime":436,"items_purged":[],"score":407,"play_id":"6227884d-ec4c-4ce8-8b9d-27e8ecc13eb7","local_time":"20201222194617","is_ascension_mode":true,"campfire_choices":[{"data":"Flex","floor":6.0,"key":"SMITH"},{"data":"Reckless Charge","floor":8.0,"key":"SMITH"},{"data":"Whirlwind","floor":15.0,"key":"SMITH"}],"circlet_count":0,"master_deck":["AscendersBane","Strike_R+1","Strike_R","Strike_R+1","Strike_R","Strike_R","Defend_R","Defend_R","Defend_R","Defend_R","Bash","Clothesline","Reckless Charge+1","Twin Strike","Battle Trance","Flex+1","Uppercut","Headbutt","Whirlwind+1","Double Tap","Battle Trance"],"relics":["Black Blood","Whetstone","Strawberry","Brimstone","Enchiridion"],"acts_visited":["Exordium","TheCity"],"potions_floor_usage":[20],"damage_taken":[{"damage":4.0,"enemies":"2 Louse","floor":1.0,"turns":3.0},{"damage":4.0,"enemies":"Cultist","floor":2.0,"turns":3.0},{"damage":11.0,"enemies":"Small Slimes","floor":3.0,"turns":4.0},{"damage":20.0,"enemies":"2 Fungi Beasts","floor":4.0,"turns":3.0},{"damage":8.0,"enemies":"Blue Slaver","floor":5.0,"turns":3.0},{"damage":11.0,"enemies":"Looter","floor":10.0,"turns":3.0},{"damage":0.0,"enemies":"Lagavulin","floor":11.0,"turns":2.0},{"damage":14.0,"enemies":"Red Slaver","floor":12.0,"turns":3.0},{"damage":68.0,"enemies":"Hexaghost","floor":16.0,"turns":5.0},{"damage":59.0,"enemies":"3 Byrds","floor":18.0,"turns":4.0},{"damage":22,"enemies":"Shell Parasite","floor":20,"turns":1}],"seed_played":"-7415113414211476865","potions_obtained":[{"floor":3.0,"key":"LiquidBronze"},{"floor":4.0,"key":"LiquidMemories"},{"floor":5.0,"key":"Energy Potion"},{"floor":11.0,"key":"Weak Potion"},{"floor":16.0,"key":"DuplicationPotion"}],"is_trial":false,"path_per_floor":["M","M","M","M","M","R","?","R","T","M","E","M","$","?","R","B",null,"M","?","M"],"character_chosen":"IRONCLAD","items_purchased":["Brimstone","Whirlwind"],"campfire_rested":0,"item_purchase_floors":[13,13],"current_hp_per_floor":[77,79,74,60,58,58,58,58,58,53,66,58,58,99,99,37,84,37,16,0,0],"gold":115,"neow_bonus":"TEN_PERCENT_HP_BONUS","is_daily":false,"chose_seed":false,"campfire_upgraded":3,"win_rate":0.0,"timestamp":1608684377,"path_taken":["M","M","M","M","M","R","?","R","T","M","E","M","?","?","R","BOSS","M","?","M"],"items_purchased_type":["Relic","Card"],"build_version":"2020-12-13","purchased_purges":0,"victory":false,"max_hp_per_floor":[82,82,82,82,82,82,82,82,82,82,89,89,89,99,99,99,99,99,99,99,99],"relic_stats":{"counters":[11,34],"Black Blood":66,"Whetstone":["Strike_R","Strike_R"],"obtain_stats":[{"Brimstone":13,"Strawberry":11,"Black Blood":17,"Enchiridion":19,"Whetstone":9,"Burning Blood":0},{"Brimstone":8,"Strawberry":7,"Black Blood":9,"Enchiridion":10,"Whetstone":5,"Burning Blood":0},{"Brimstone":24,"Strawberry":21,"Black Blood":29,"Enchiridion":33,"Whetstone":16,"Burning Blood":0}]},"card_choices":[{"not_picked":["Iron Wave","Sever Soul"],"picked":"Clothesline","floor":1.0},{"not_picked":["Evolve","Thunderclap"],"picked":"Reckless Charge","floor":2.0},{"not_picked":["Pummel","Combust"],"picked":"Twin Strike","floor":3.0},{"not_picked":["Searing Blow","Reckless Charge"],"picked":"Battle Trance","floor":4.0},{"not_picked":["Sever Soul","Armaments"],"picked":"Flex","floor":5.0},{"not_picked":["Iron Wave","Pommel Strike"],"picked":"Uppercut","floor":10.0},{"not_picked":["Blood for Blood","Clothesline"],"picked":"Feed","floor":11.0},{"not_picked":["Flex","Wild Strike"],"picked":"Headbutt","floor":12.0},{"not_picked":["Impervious","Exhume"],"picked":"Double Tap","floor":16.0},{"not_picked":["Headbutt","Perfected Strike"],"picked":"Battle Trance","floor":18.0}],"player_experience":532513,"relics_obtained":[{"floor":9.0,"key":"Whetstone"},{"floor":11.0,"key":"Strawberry"},{"floor":19.0,"key":"Enchiridion"}],"event_choices":[{"damage_healed":0.0,"max_hp_gain":0.0,"max_hp_loss":0.0,"gold_gain":0.0,"event_name":"Match and Keep!","player_choice":"0 cards matched","floor":7.0,"gold_loss":0.0,"damage_taken":0.0,"cards_obtained":[]},{"cards_removed":["Feed"],"damage_healed":31.0,"max_hp_gain":10.0,"max_hp_loss":0.0,"gold_gain":0.0,"event_name":"Bonfire Elementals","player_choice":"Offered Rare","floor":14.0,"gold_loss":0.0,"damage_taken":0.0},{"damage_healed":0.0,"max_hp_gain":0.0,"max_hp_loss":0.0,"gold_gain":0.0,"event_name":"Cursed Tome","player_choice":"Obtained Book","floor":19.0,"gold_loss":0.0,"damage_taken":21.0}],"is_beta":false,"boss_relics":[{"not_picked":["Coffee Dripper","SlaversCollar"],"picked":"Black Blood"}],"items_purged_floors":[],"is_endless":false,"potions_floor_spawned":[3,4,5,11,16],"killed_by":"Shell Parasite","ascension_level":18}}