{"host":"e1pm3b7xpcm97e5w","time":1608758743,"event":{"mods":["BaseMod","Better Skull","Googly Eyes","Minty Spire (QoL Compilation)","Relic Stats","Shop Mod","Spicy Shops","StSLib"],"gold_per_floor":[112,37,37,52,69,101,101,176,176,203,203,238,238,252,252,349,349,366,384,400,52,52,52,52,87,87,97,8,18,29,46,46,143,193,206,217,42,53,53,53,72,122,122,122,122,122,135,167,167,167,167,167,92,123,123,123],"floor_reached":55,"playtime":2152,"items_purged":["Parasite","Strike_P","Strike_P","Strike_P"],"score":961,"play_id":"ac785dce-947f-4ca2-9191-31d30ba2d317","local_time":"20201223162543","is_ascension_mode":true,"campfire_choices":[{"data":"Alpha","floor":7.0,"key":"SMITH"},{"floor":11.0,"key":"REST"},{"data":"Vigilance","floor":13.0,"key":"SMITH"},{"floor":15.0,"key":"REST"},{"data":"Protect","floor":23.0,"key":"SMITH"},{"floor":32.0,"key":"REST"},{"floor":40.0,"key":"RECALL"},{"floor":45.0,"key":"REST"},{"floor":49.0,"key":"REST"},{"floor":52.0,"key":"REST"}],"circlet_count":0,"master_deck":["Defend_P","Defend_P","Defend_P","Defend_P","Eruption","Vigilance+1","Alpha+1","Protect+1","Protect+1","CutThroughFate+1","Alpha+1","ForeignInfluence+1","DeceiveReality+1","Deep Breath+1","Perseverance+1","SpiritShield+1","Thinking Ahead+1","Evaluate+1","Vault+1","Alpha+1"],"relics":["HolyWater","Darkstone Periapt","Toxic Egg 2","Ginger","Oddly Smooth Stone","Membership Card","Happy Flower","Pear","Tiny House","FossilizedHelix","Vajra","Anchor","Gambling Chip","Mercury Hourglass","Question Card","Nunchaku"],"acts_visited":["Exordium","TheCity","TheBeyond","TheEnding"],"potions_floor_usage":[],"damage_taken":[{"damage":1.0,"enemies":"Cultist","floor":1.0,"turns":3.0},{"damage":4.0,"enemies":"2 Louse","floor":4.0,"turns":4.0},{"damage":0.0,"enemies":"Jaw Worm","floor":5.0,"turns":4.0},{"damage":15.0,"enemies":"3 Sentries","floor":6.0,"turns":3.0},{"damage":22.0,"enemies":"Lagavulin","floor":10.0,"turns":6.0},{"damage":6.0,"enemies":"3 Sentries","floor":12.0,"turns":6.0},{"damage":4.0,"enemies":"Exordium Thugs","floor":14.0,"turns":5.0},{"damage":13.0,"enemies":"Hexaghost","floor":16.0,"turns":7.0},{"damage":8.0,"enemies":"2 Thieves","floor":18.0,"turns":4.0},{"damage":5.0,"enemies":"Shell Parasite","floor":19.0,"turns":4.0},{"damage":1.0,"enemies":"Snecko","floor":20.0,"turns":5.0},{"damage":14.0,"enemies":"Gremlin Leader","floor":25.0,"turns":7.0},{"damage":6.0,"enemies":"3 Cultists","floor":27.0,"turns":4.0},{"damage":3.0,"enemies":"Snake Plant","floor":29.0,"turns":3.0},{"damage":10.0,"enemies":"Snecko","floor":30.0,"turns":5.0},{"damage":5.0,"enemies":"Cultist and Chosen","floor":31.0,"turns":5.0},{"damage":5.0,"enemies":"Champ","floor":33.0,"turns":11.0},{"damage":2.0,"enemies":"3 Darklings","floor":35.0,"turns":4.0},{"damage":7.0,"enemies":"3 Shapes","floor":36.0,"turns":6.0},{"damage":0.0,"enemies":"Jaw Worm Horde","floor":38.0,"turns":3.0},{"damage":0.0,"enemies":"Writhing Mass","floor":41.0,"turns":5.0},{"damage":0.0,"enemies":"Mind Bloom Boss Battle","floor":42.0,"turns":7.0},{"damage":14.0,"enemies":"Sphere and 2 Shapes","floor":47.0,"turns":4.0},{"damage":19.0,"enemies":"Giant Head","floor":48.0,"turns":8.0},{"damage":64.0,"enemies":"Awakened One","floor":50.0,"turns":14.0},{"damage":68,"enemies":"Shield and Spear","floor":54,"turns":6},{"damage":77,"enemies":"The Heart","floor":55,"turns":3}],"seed_played":"7874621775731174850","potions_obtained":[{"floor":1.0,"key":"BlessingOfTheForge"},{"floor":4.0,"key":"BlessingOfTheForge"},{"floor":10.0,"key":"SpeedPotion"},{"floor":16.0,"key":"Ancient Potion"},{"floor":19.0,"key":"SpeedPotion"},{"floor":25.0,"key":"LiquidBronze"},{"floor":33.0,"key":"DuplicationPotion"},{"floor":34.0,"key":"Block Potion"},{"floor":36.0,"key":"AttackPotion"},{"floor":41.0,"key":"FairyPotion"}],"is_trial":false,"path_per_floor":["M","$","?","M","M","E","R","?","T","E","R","E","R","M","R","B",null,"M","M","M","$","?","R","?","E","T","M","$","M","M","M","R","B",null,"M","M","$","M","$","R","M","?","T","?","R","T","M","E","R","B",null,"R","$","E","B"],"character_chosen":"WATCHER","items_purchased":["Membership Card","Deep Breath+1","Perseverance+1","Thinking Ahead+1","FossilizedHelix","Vajra","Anchor"],"campfire_rested":6,"item_purchase_floors":[21,21,21,28,37,37,37],"current_hp_per_floor":[64,64,64,60,60,45,45,39,39,17,37,31,31,27,47,34,60,52,47,46,46,46,46,34,20,30,24,24,21,11,6,31,26,75,73,66,66,66,66,66,66,66,66,66,85,85,71,52,77,13,67,85,85,17,0,0],"gold":123,"neow_bonus":"THREE_RARE_CARDS","is_daily":false,"chose_seed":false,"campfire_upgraded":3,"win_rate":0.0,"timestamp":1608758743,"path_taken":["M","?","?","?","M","E","R","?","T","E","R","E","R","?","R","BOSS","M","M","M","$","?","R","?","E","T","?","$","M","M","M","R","BOSS","M","M","?","?","$","R","M","?","T","?","R","?","?","E","R","BOSS","R","$","E","BOSS"],"items_purchased_type":["Relic","Card","Card","Card","Relic","Relic","Relic"],"build_version":"2020-12-22","purchased_purges":4,"victory":false,"max_hp_per_floor":[72,69,69,69,69,69,69,69,69,69,69,69,69,69,69,69,69,69,69,69,69,69,69,74,74,84,84,84,84,84,84,84,84,89,89,89,89,89,89,89,89,89,89,85,85,85,85,85,85,85,85,85,85,85,85,85],"relic_stats":{"Darkstone Periapt":0,"Nunchaku":[0],"Happy Flower":[29],"counters":[27,146],"Gambling Chip":[8],"Ginger":[17],"Question Card":1,"obtain_stats":[{"Darkstone Periapt":6,"Pear":26,"Tiny House":34,"Happy Flower":25,"Oddly Smooth Stone":12,"Vajra":37,"Ginger":10,"Question Card":48,"Mercury Hourglass":46,"Anchor":37,"Nunchaku":54,"Gambling Chip":42,"HolyWater":17,"Membership Card":21,"PureWater":0,"Toxic Egg 2":9,"FossilizedHelix":37},{"Darkstone Periapt":4,"Pear":12,"Tiny House":17,"Happy Flower":12,"Oddly Smooth Stone":6,"Vajra":19,"Ginger":5,"Question Card":24,"Mercury Hourglass":22,"Anchor":19,"Nunchaku":26,"Gambling Chip":22,"HolyWater":8,"Membership Card":11,"PureWater":0,"Toxic Egg 2":4,"FossilizedHelix":19},{"Darkstone Periapt":14,"Pear":58,"Tiny House":86,"Happy Flower":58,"Oddly Smooth Stone":26,"Vajra":96,"Ginger":20,"Question Card":123,"Mercury Hourglass":111,"Anchor":96,"Nunchaku":143,"Gambling Chip":111,"HolyWater":38,"Membership Card":51,"PureWater":0,"Toxic Egg 2":14,"FossilizedHelix":96}],"Mercury Hourglass":[142]},"card_choices":[{"not_picked":["Ragnarok","Wish"],"picked":"Alpha","floor":0.0},{"not_picked":["WreathOfFlame","Halt","EmptyBody"],"picked":"SKIP","floor":1.0},{"not_picked":["Consecrate","EmptyFist","Protect"],"picked":"SKIP","floor":4.0},{"not_picked":["DeceiveReality","EmptyBody","BowlingBash"],"picked":"SKIP","floor":5.0},{"not_picked":["BowlingBash","Indignation","Evaluate"],"picked":"SKIP","floor":6.0},{"not_picked":["Collect+1","JustLucky","EmptyFist"],"picked":"SKIP","floor":10.0},{"not_picked":["Perseverance+1","Consecrate"],"picked":"Protect+1","floor":12.0},{"not_picked":["Wallop","EmptyFist"],"picked":"CutThroughFate","floor":14.0},{"not_picked":["Judgement+1","Omniscience+1"],"picked":"Alpha+1","floor":16.0},{"not_picked":["FlyingSleeves","Evaluate+1"],"picked":"ForeignInfluence+1","floor":18.0},{"not_picked":["CrushJoints+1","Consecrate"],"picked":"DeceiveReality+1","floor":19.0},{"not_picked":["JustLucky","Weave","BowlingBash"],"picked":"SKIP","floor":20.0},{"not_picked":["Evaluate+1","Weave"],"picked":"SpiritShield+1","floor":25.0},{"not_picked":["Sanctity+1","WreathOfFlame+1","Wireheading"],"picked":"SKIP","floor":27.0},{"not_picked":["FollowUp","EmptyFist"],"picked":"Evaluate+1","floor":29.0},{"not_picked":["Meditate+1","FlurryOfBlows","FlyingSleeves+1"],"picked":"SKIP","floor":30.0},{"not_picked":["Meditate+1","FlurryOfBlows","FlyingSleeves+1"],"picked":"SKIP","floor":30.0},{"not_picked":["SandsOfTime","SashWhip","InnerPeace+1"],"picked":"SKIP","floor":31.0},{"not_picked":["Scrawl+1","Wish+1"],"picked":"Vault+1","floor":33.0},{"not_picked":["SignatureMove","CutThroughFate+1","SashWhip"],"picked":"SKIP","floor":35.0},{"not_picked":["ForeignInfluence+1","WheelKick+1","CutThroughFate+1"],"picked":"SKIP","floor":36.0},{"not_picked":["BowlingBash","JustLucky+1","InnerPeace+1"],"picked":"SKIP","floor":38.0},{"not_picked":["Vengeance+1","Collect+1","CrushJoints+1"],"picked":"SKIP","floor":41.0},{"not_picked":["PathToVictory+1","Nirvana+1","BowlingBash"],"picked":"SKIP","floor":47.0},{"not_picked":["TalkToTheHand","SandsOfTime"],"picked":"Alpha+1","floor":48.0},{"not_picked":["WindmillStrike+1","Swivel+1","BowlingBash+1","WreathOfFlame+1"],"picked":"SKIP","floor":54}],"player_experience":430935,"relics_obtained":[{"floor":6.0,"key":"Darkstone Periapt"},{"floor":9.0,"key":"Toxic Egg 2"},{"floor":10.0,"key":"Ginger"},{"floor":12.0,"key":"Oddly Smooth Stone"},{"floor":25.0,"key":"Happy Flower"},{"floor":26.0,"key":"Pear"},{"floor":42.0,"key":"Gambling Chip"},{"floor":46.0,"key":"Mercury Hourglass"},{"floor":48.0,"key":"Question Card"},{"floor":54,"key":"Nunchaku"}],"event_choices":[{"damage_healed":0.0,"max_hp_gain":0.0,"max_hp_loss":0.0,"gold_gain":0.0,"cards_transformed":["Strike_P"],"event_name":"Transmorgrifier","player_choice":"Transformed","floor":3.0,"gold_loss":0.0,"damage_taken":0.0,"cards_obtained":["Protect"]},{"damage_healed":0.0,"max_hp_gain":0.0,"max_hp_loss":0.0,"gold_gain":75.0,"event_name":"FaceTrader","player_choice":"Touch","floor":8.0,"gold_loss":0.0,"damage_taken":6.0},{"damage_healed":0.0,"max_hp_gain":0.0,"max_hp_loss":0.0,"gold_gain":0.0,"event_name":"Vampires","player_choice":"Ignored","floor":22.0,"gold_loss":0.0,"damage_taken":0.0},{"damage_healed":0.0,"max_hp_gain":5.0,"max_hp_loss":0.0,"gold_gain":0.0,"event_name":"Forgotten Altar","player_choice":"Shed Blood","floor":24.0,"gold_loss":0.0,"damage_taken":17.0},{"damage_healed":0.0,"max_hp_gain":0.0,"max_hp_loss":0.0,"gold_gain":0.0,"event_name":"MindBloom","player_choice":"Fight","floor":42.0,"gold_loss":0.0,"damage_taken":0.0},{"damage_healed":0.0,"max_hp_gain":0.0,"max_hp_loss":4.0,"gold_gain":0.0,"event_name":"Winding Halls","player_choice":"Max HP","floor":44.0,"gold_loss":0.0,"damage_taken":0.0}],"is_beta":false,"boss_relics":[{"not_picked":["Empty Cage","SacredBark"],"picked":"HolyWater"},{"not_picked":["Cursed Key","Coffee Dripper"],"picked":"Tiny House"}],"items_purged_floors":[2,21,37,53],"is_endless":false,"potions_floor_spawned":[1,4,10,16,19,25,30,33,36,41,42,47],"killed_by":"The Heart","ascension_level":7}}