{"host":"7o30bgpqouqblh42","time":1608700917,"event":{"mods":["AchievementEnabler","Aspiration","BaseMod","Colored Map","Downfall","Highlight Path","Minty Spire (QoL Compilation)","StSLib","SuperFastMode"],"gold_per_floor":[117,117,117,130,144,144,179,197,197,197,197,197,217,217,217,312,312,327,327,327,340,27,27,126,139,139,139,139,139,3,13,13,114,114,130,147,0,50,65,65,65,112,138,138,149,24,41,56,56,56],"floor_reached":51,"playtime":2678,"items_purged":["Strike_G","Strike_G","Strike_G"],"score":726,"play_id":"2dc27be2-95f5-464f-a5a6-01e0af684903","local_time":"20201223002157","is_ascension_mode":true,"campfire_choices":[{"data":"Corpse Explosion","floor":6,"key":"SMITH"},{"floor":12,"key":"REST"},{"floor":15,"key":"REST"},{"data":"Burst","floor":23,"key":"SMITH"},{"data":"Corpse Explosion","floor":27,"key":"SMITH"},{"floor":29,"key":"RECALL"},{"data":"Infinite Blades","floor":32,"key":"SMITH"},{"floor":40,"key":"REST"},{"floor":41,"key":"REST"}],"circlet_count":0,"master_deck":["Strike_G","Strike_G","Defend_G+1","Defend_G","Defend_G+1","Defend_G","Neutralize","Blade Dance","Neutralize","Expertise","Corpse Explosion+1","Dagger Spray","Dagger Throw","Tactician","Crippling Poison","Burst+1","Caltrops","expansioncontent:PolyBeam","PanicButton","Corpse Explosion+1","Accuracy","Infinite Blades+1","Venomology","Blade Dance+1","Bane","Blade Dance","Phantasmal Killer","Backstab","Prepared+1"],"relics":["Ring of the Snake","NeowsBlessing","WingedGreaves","Matryoshka","Omamori","Happy Flower","CultistMask","aspiration:SecretTechniqueScroll","TwistedFunnel","Ninja Scroll","Bronze Scales","WristBlade","Red Mask","aspiration:AnachronicSnailShell","The Specimen","Blood Vial"],"acts_visited":["Exordium","TheCity","TheBeyond"],"potions_floor_usage":[7,7,33,35,39,39,42,42,45,50],"damage_taken":[{"damage":0,"enemies":"Small Slimes","floor":1,"turns":1},{"damage":0,"enemies":"Jaw Worm","floor":4,"turns":1},{"damage":0,"enemies":"Cultist","floor":5,"turns":1},{"damage":11,"enemies":"Lagavulin","floor":7,"turns":4},{"damage":14,"enemies":"Exordium Wildlife","floor":8,"turns":2},{"damage":9,"enemies":"Blue Slaver","floor":13,"turns":3},{"damage":38,"enemies":"The Guardian","floor":16,"turns":12},{"damage":0,"enemies":"Chosen","floor":18,"turns":4},{"damage":18,"enemies":"Shell Parasite","floor":21,"turns":5},{"damage":10,"enemies":"Cultist and Chosen","floor":25,"turns":4},{"damage":0,"enemies":"Chosen and Byrds","floor":31,"turns":4},{"damage":47,"enemies":"Collector","floor":33,"turns":7},{"damage":3,"enemies":"Orb Walker","floor":35,"turns":2},{"damage":30,"enemies":"3 Shapes","floor":36,"turns":2},{"damage":14,"enemies":"Mind Bloom Boss Battle","floor":38,"turns":4},{"damage":1,"enemies":"3 Darklings","floor":39,"turns":3},{"damage":7,"enemies":"2 Orb Walkers","floor":42,"turns":2},{"damage":2,"enemies":"Transient","floor":45,"turns":5},{"damage":0,"enemies":"Jaw Worm Horde","floor":47,"turns":1},{"damage":16,"enemies":"Maw","floor":48,"turns":5},{"damage":46,"enemies":"Donu and Deca","floor":50,"turns":3}],"seed_played":"-5590043797498414143","potions_obtained":[{"floor":4,"key":"Poison Potion"},{"floor":5,"key":"Energy Potion"},{"floor":18,"key":"Strength Potion"},{"floor":31,"key":"Swift Potion"},{"floor":38,"key":"Swift Potion"},{"floor":39,"key":"Fruit Juice"},{"floor":45,"key":"Strength Potion"},{"floor":48,"key":"Explosive Potion"}],"is_trial":false,"path_per_floor":["M","?","?","M","M","R","E","M","T","?","?","R","M","?","R","B",null,"M","?","?","M","$","R","?","M","T","R","?","R","$","M","R","B",null,"M","M","?","?","M","R","R","?","T","?","M","$","M","M","R","B",null],"character_chosen":"THE_SILENT","items_purchased":["PanicButton","TwistedFunnel","Accuracy"],"campfire_rested":4,"item_purchase_floors":[22,22,30],"current_hp_per_floor":[70,45,45,45,45,45,34,20,20,6,6,27,18,18,39,1,70,70,70,70,52,52,52,52,42,42,42,65,65,65,65,65,18,70,67,37,37,23,27,49,71,64,64,75,73,73,75,59,59,15],"gold":56,"neow_bonus":"THREE_ENEMY_KILL","is_daily":false,"chose_seed":false,"campfire_upgraded":4,"win_rate":0.0,"timestamp":1608700917,"path_taken":["M","?","?","?","M","R","E","M","T","?","?","R","?","?","R","BOSS","M","?","?","?","$","R","?","M","T","R","?","R","$","M","R","BOSS","M","M","?","?","M","R","R","?","T","?","M","$","M","M","R","BOSS"],"items_purchased_type":["Card","Relic","Card"],"build_version":"2020-12-13","purchased_purges":3,"victory":true,"max_hp_per_floor":[70,70,70,70,70,70,70,70,70,70,70,70,70,70,70,70,70,70,70,70,70,70,70,70,70,70,70,70,70,70,70,70,70,70,70,70,70,70,75,75,75,75,75,75,75,75,75,75,75,75],"card_choices":[{"not_picked":["Quick Slash","Eviscerate"],"picked":"Blade Dance","floor":1},{"not_picked":["Outmaneuver","Endless Agony"],"picked":"Dagger Spray","floor":4},{"not_picked":["PiercingWail","Bouncing Flask"],"picked":"Dagger Throw","floor":5},{"not_picked":["Doppelganger","Acrobatics"],"picked":"Tactician","floor":7},{"not_picked":["Sucker Punch","Slice"],"picked":"Crippling Poison","floor":8},{"not_picked":["Blade Dance","Deadly Poison","PiercingWail"],"picked":"SKIP","floor":13},{"not_picked":["Phantasmal Killer","Venomology"],"picked":"Burst","floor":16},{"not_picked":["Slice","Dagger Spray+1"],"picked":"Caltrops","floor":18},{"not_picked":["PiercingWail","Flying Knee","Deadly Poison"],"picked":"SKIP","floor":21},{"not_picked":["Flying Knee","Poisoned Stab+1"],"picked":"Corpse Explosion","floor":25},{"not_picked":["Finisher","Poisoned Stab"],"picked":"Infinite Blades","floor":31},{"not_picked":["Die Die Die","Malaise"],"picked":"Venomology","floor":33},{"not_picked":["Heel Hook","Escape Plan"],"picked":"Blade Dance+1","floor":35},{"not_picked":["PiercingWail+1","Outmaneuver"],"picked":"Bane","floor":36},{"not_picked":["Reflex+1","Bouncing Flask"],"picked":"Blade Dance","floor":38},{"not_picked":["Dodge and Roll","Backflip+1","Deadly Poison+1"],"picked":"SKIP","floor":39},{"not_picked":["Quick Slash","Cloak And Dagger+1"],"picked":"Phantasmal Killer","floor":42},{"not_picked":["Bouncing Flask","Dagger Spray+1"],"picked":"Backstab","floor":45},{"not_picked":["Noxious Fumes+1","Calculated Gamble","Dagger Throw+1"],"picked":"SKIP","floor":47},{"not_picked":["Deflect+1","Bane+1"],"picked":"Prepared+1","floor":48}],"player_experience":101409,"relics_obtained":[{"floor":7,"key":"Matryoshka"},{"floor":9,"key":"Omamori"},{"floor":9,"key":"Happy Flower"},{"floor":26,"key":"Ninja Scroll"},{"floor":26,"key":"Bronze Scales"},{"floor":38,"key":"aspiration:AnachronicSnailShell"},{"floor":42,"key":"The Specimen"},{"floor":43,"key":"Blood Vial"}],"event_choices":[{"damage_healed":0,"gold_gain":0,"player_choice":"Success","damage_taken":25,"relics_obtained":["WingedGreaves"],"max_hp_gain":0,"max_hp_loss":0,"event_name":"Scrap Ooze","floor":2,"gold_loss":0},{"damage_healed":0,"gold_gain":0,"player_choice":"3 cards matched","damage_taken":0,"max_hp_gain":0,"max_hp_loss":0,"event_name":"Match and Keep!","floor":3,"gold_loss":0,"cards_obtained":["Neutralize","Expertise","Corpse Explosion"]},{"damage_healed":0,"gold_gain":0,"player_choice":"Entered Light","damage_taken":14,"max_hp_gain":0,"max_hp_loss":0,"event_name":"Shining Light","floor":10,"gold_loss":0,"cards_upgraded":["Defend_G","Defend_G"]},{"cards_removed":["Defend_G"],"damage_healed":0,"gold_gain":0,"player_choice":"Offered Basic","damage_taken":0,"max_hp_gain":0,"max_hp_loss":0,"event_name":"Bonfire Elementals","floor":11,"gold_loss":0},{"damage_healed":0,"gold_gain":0,"player_choice":"Trade","damage_taken":0,"relics_obtained":["CultistMask"],"max_hp_gain":0,"max_hp_loss":0,"event_name":"FaceTrader","floor":14,"gold_loss":0},{"cards_removed":["Survivor"],"damage_healed":0,"gold_gain":0,"player_choice":"Elegance","damage_taken":0,"max_hp_gain":0,"max_hp_loss":0,"event_name":"Back to Basics","floor":19,"gold_loss":0},{"damage_healed":0,"gold_gain":0,"player_choice":"2 cards matched","damage_taken":0,"max_hp_gain":0,"max_hp_loss":0,"event_name":"Match and Keep!","floor":20,"gold_loss":0,"cards_obtained":["Shame","expansioncontent:PolyBeam"]},{"damage_healed":0,"gold_gain":99,"player_choice":"Stole From Cult","damage_taken":0,"max_hp_gain":0,"max_hp_loss":0,"event_name":"Nest","floor":24,"gold_loss":0},{"damage_healed":23,"gold_gain":0,"player_choice":"Heal","damage_taken":0,"max_hp_gain":0,"max_hp_loss":0,"event_name":"The Library","floor":28,"gold_loss":0},{"damage_healed":0,"gold_gain":0,"player_choice":"Paid","damage_taken":0,"relics_obtained":["Red Mask"],"max_hp_gain":0,"max_hp_loss":0,"event_name":"Tomb of Lord Red Mask","floor":37,"gold_loss":147},{"damage_healed":0,"gold_gain":0,"player_choice":"Fight","damage_taken":0,"max_hp_gain":0,"max_hp_loss":0,"event_name":"MindBloom","floor":38,"gold_loss":0},{"damage_healed":0,"gold_gain":0,"player_choice":"Fight","damage_taken":0,"max_hp_gain":0,"max_hp_loss":0,"event_name":"Mysterious Sphere","floor":42,"gold_loss":0},{"damage_healed":19,"gold_gain":0,"player_choice":"Writhe","damage_taken":0,"max_hp_gain":0,"max_hp_loss":0,"event_name":"Winding Halls","floor":44,"gold_loss":0,"cards_obtained":["Writhe"]}],"is_beta":false,"boss_relics":[{"not_picked":["Cursed Key","aspiration:IroncladSkillbook"],"picked":"aspiration:SecretTechniqueScroll"},{"not_picked":["aspiration:PoetsPen_weak","SlaversCollar"],"picked":"WristBlade"}],"items_purged_floors":[22,30,46],"is_endless":false,"potions_floor_spawned":[4,5,18,31,38,39,45,48],"ascension_level":1}}