{"host":"zv85muor2723jdwz","time":1608724226,"event":{"mods":["BaseMod","Minty Spire (QoL Compilation)","Reimu£®≤©¿ˆ¡È√Œ£©","StSLib","The Animator","The Servant 0.9.4","WarShipGirlsR/’ΩΩ¢…Ÿ≈ÆR mod"],"gold_per_floor":[116,116,116,93,107,107,140,140,189,201,201,220,248,6,6,6,6],"floor_reached":16,"playtime":4668,"items_purged":[],"score":133,"play_id":"5aaae7a2-7881-4501-805e-5499ecce1474","local_time":"20201223195026","is_ascension_mode":false,"campfire_choices":[{"floor":6,"key":"RECALL"},{"data":"rmod:luckystar","floor":8,"key":"SMITH"},{"data":"rmod:luckystar","floor":11,"key":"SMITH"},{"data":"rmod:basicallowance","floor":15,"key":"SMITH"}],"circlet_count":0,"master_deck":["rmod:strick","rmod:strick+1","rmod:strick","rmod:defend","rmod:defend","rmod:defend","rmod:defend+1","rmod:basicallowance+1","rmod:maingunfire","rmod:luckystar+1","rmod:supportescort","rmod:luckystar+1","rmod:gendarmerie","rmod:salvage"],"relics":["rmod:firstchargereward","NeowsBlessing","Bag of Preparation","Toy Ornithopter","Tea:ReiMu"],"acts_visited":["Exordium"],"potions_floor_usage":[16,16],"damage_taken":[{"damage":0,"enemies":"Jaw Worm","floor":1,"turns":1},{"damage":0,"enemies":"Cultist","floor":5,"turns":1},{"damage":0,"enemies":"Gremlin Nob","floor":7,"turns":1},{"damage":0,"enemies":"Small Slimes","floor":10,"turns":1},{"damage":3,"enemies":"3 Louse","floor":12,"turns":3},{"damage":4,"enemies":"Lagavulin","floor":13,"turns":4},{"damage":86,"enemies":"Hexaghost","floor":16,"turns":15}],"seed_played":"782217071053471081","potions_obtained":[{"floor":7,"key":"Ancient Potion"},{"floor":10,"key":"PowerPotion"},{"floor":12,"key":"Ancient Potion"},{"floor":13,"key":"SpeedPotion"}],"is_trial":false,"path_per_floor":["M","?","?","$","M","R","E","R","T","M","R","M","E","$","R","B"],"character_chosen":"PRAEFECT","items_purchased":["rmod:supportescort","Tea:ReiMu"],"campfire_rested":0,"item_purchase_floors":[4,14],"current_hp_per_floor":[75,60,60,60,60,60,60,60,60,60,60,57,53,53,75,0,0],"gold":6,"neow_bonus":"THREE_ENEMY_KILL","is_daily":false,"chose_seed":false,"campfire_upgraded":3,"win_rate":0.0,"timestamp":1608724226,"path_taken":["M","?","?","$","M","R","E","R","T","M","R","M","E","?","R","BOSS"],"items_purchased_type":["Card","Relic"],"build_version":"2020-12-22","purchased_purges":0,"victory":false,"max_hp_per_floor":[75,75,75,75,75,75,75,75,75,75,75,75,75,75,75,75,75],"card_choices":[{"not_picked":["rmod:slowdown","rmod:wolves"],"picked":"rmod:luckystar","floor":1},{"not_picked":["rmod:unsinkable","rmod:ammunitionsupply"],"picked":"rmod:luckystar","floor":5},{"not_picked":["rmod:aviationdawn","rmod:fuelsupply","rmod:diamondstrike"],"picked":"SKIP","floor":7},{"not_picked":["rmod:bulid","rmod:aggressivemary","rmod:generalist"],"picked":"SKIP","floor":10},{"not_picked":["rmod:slowdown","rmod:rockthrower"],"picked":"rmod:gendarmerie","floor":12},{"not_picked":["rmod:aluminumsupply","rmod:desperatesituation"],"picked":"rmod:salvage","floor":13}],"player_experience":14900,"relics_obtained":[{"floor":7,"key":"Bag of Preparation"},{"floor":13,"key":"Toy Ornithopter"}],"event_choices":[{"damage_healed":0,"gold_gain":0,"player_choice":"Entered Light","damage_taken":15,"max_hp_gain":0,"max_hp_loss":0,"event_name":"Shining Light","floor":2,"gold_loss":0,"cards_upgraded":["rmod:strick","rmod:defend"]},{"cards_removed":["rmod:strick"],"damage_healed":0,"gold_gain":0,"player_choice":"Forget","damage_taken":0,"max_hp_gain":0,"max_hp_loss":0,"event_name":"Living Wall","floor":3,"gold_loss":0}],"is_beta":false,"boss_relics":[],"items_purged_floors":[],"is_endless":false,"potions_floor_spawned":[7,10,12,13],"killed_by":"Hexaghost","ascension_level":0}}