{"host":"21h5e52imz35vo8g","time":1608727719,"event":{"mods":["AchievementEnabler","BaseMod","Colored Map","Colored Powertips","Googly Eyes","Minty Spire (QoL Compilation)","Quick Restart","Rare Cards Sparkle","Replay The Spire","StSLib"],"gold_per_floor":[111,111,122,122,122,122,140,140,140,159,172,172,189,220,220,317,317,337,72,86,36,36,36,47,47,47,47,67,94,94,94,94],"floor_reached":31,"playtime":1161,"items_purged":["ReplayTheSpireMod:Shiv Toss","Unload"],"score":306,"play_id":"307b9aa9-56ce-4233-91fd-2b816f511e78","local_time":"20201223204839","is_ascension_mode":true,"campfire_choices":[{"data":"Caltrops","floor":6,"key":"SMITH"},{"data":"Bane","floor":8,"key":"SMITH"},{"data":"Draining Mist","floor":12,"key":"SMITH"},{"data":"Deadly Poison","floor":15,"key":"SMITH"},{"data":"Phantasmal Killer","floor":23,"key":"SMITH"},{"data":"Draining Mist","floor":27,"key":"SMITH"},{"data":"Wraith Form v2","floor":30,"key":"SMITH"}],"circlet_count":0,"master_deck":["Survivor","Neutralize","Bane+1","Caltrops+1","Draining Mist+1","Footwork","Deadly Poison+1","Wraith Form v2+1","ReplayTheSpireMod:Exploit Weakness","Sucker Punch","Deadly Poison","Die Die Die","Deadly Poison","Phantasmal Killer+1","Draining Mist+1","Wraith Form v2","Noxious Fumes","Shame"],"relics":["Ring of the Snake","NeowsBlessing","MealTicket","Sundial","Iron Hammer","Pandora\u0027s Box","Membership Card","Meat on the Bone","Boot","Regal Pillow"],"acts_visited":["Exordium","TheCity"],"potions_floor_usage":[14,16,29],"damage_taken":[{"damage":0,"enemies":"Jaw Worm","floor":1,"turns":1},{"damage":0,"enemies":"Small Slimes","floor":3,"turns":1},{"damage":0,"enemies":"2 Louse","floor":7,"turns":1},{"damage":6,"enemies":"Red Slaver","floor":10,"turns":3},{"damage":2,"enemies":"Looter","floor":11,"turns":4},{"damage":9,"enemies":"2 Fungi Beasts","floor":13,"turns":3},{"damage":18,"enemies":"Lagavulin","floor":14,"turns":5},{"damage":1,"enemies":"Hexaghost","floor":16,"turns":6},{"damage":15,"enemies":"Shell Parasite","floor":18,"turns":4},{"damage":21,"enemies":"3 Byrds","floor":20,"turns":4},{"damage":11,"enemies":"Snecko","floor":24,"turns":4},{"damage":18,"enemies":"Snake Plant","floor":28,"turns":3},{"damage":18,"enemies":"Book of Stabbing","floor":29,"turns":4},{"damage":28,"enemies":"Centurion and Healer","floor":31,"turns":4}],"seed_played":"573974690449172449","potions_obtained":[{"floor":3,"key":"AttackPotion"},{"floor":10,"key":"Venom Potion"},{"floor":13,"key":"DuplicationPotion"},{"floor":18,"key":"LiquidMemories"},{"floor":20,"key":"CultistPotion"}],"is_trial":false,"path_per_floor":["M","?","M","?","?","R","M","R","T","M","M","R","M","E","R","B",null,"M","$","M","$","?","R","M","?","T","R","M","E","R","M"],"character_chosen":"THE_SILENT","items_purchased":["Membership Card","Noxious Fumes"],"campfire_rested":0,"item_purchase_floors":[19,19],"current_hp_per_floor":[70,58,58,63,63,63,63,63,63,57,55,55,46,28,28,27,75,60,75,54,69,69,69,58,58,58,58,40,34,34,6,6],"gold":94,"neow_bonus":"THREE_ENEMY_KILL","is_daily":false,"chose_seed":false,"campfire_upgraded":7,"win_rate":0.0,"timestamp":1608727719,"path_taken":["M","?","M","?","?","R","M","R","T","M","?","R","M","E","R","BOSS","M","$","M","$","?","R","M","?","T","R","M","E","R","M"],"items_purchased_type":["Relic","Card"],"build_version":"2020-12-22","purchased_purges":2,"victory":false,"max_hp_per_floor":[70,70,70,75,75,75,75,75,75,75,75,75,75,75,75,75,75,75,75,75,75,75,75,75,75,75,75,75,75,75,75,75],"card_choices":[{"not_picked":["Cloak And Dagger","Backflip"],"picked":"Bane","floor":1},{"not_picked":["Blade Dance","Acrobatics"],"picked":"Caltrops","floor":3},{"not_picked":["ReplayTheSpireMod:Speed Training","PiercingWail","Dodge and Roll"],"picked":"SKIP","floor":7},{"not_picked":["Leg Sweep","Predator"],"picked":"Draining Mist","floor":10},{"not_picked":["ReplayTheSpireMod:The Works","Glass Knife"],"picked":"Footwork","floor":11},{"not_picked":["Dagger Spray","Prepared"],"picked":"Deadly Poison","floor":13},{"not_picked":["Acrobatics","Underhanded Strike","Bane"],"picked":"SKIP","floor":14},{"not_picked":["Replay:Bag of Tricks","Tools of the Trade"],"picked":"Wraith Form v2","floor":16},{"not_picked":["Hidden Blade","Reflex+1","Prepared"],"picked":"SKIP","floor":18},{"not_picked":["Outmaneuver+1","Flying Knee","Deflect"],"picked":"SKIP","floor":20},{"not_picked":["Eviscerate","Cloak And Dagger","Sucker Punch+1"],"picked":"SKIP","floor":24},{"not_picked":["Sucker Punch","Poisoned Stab+1","Quick Slash+1"],"picked":"SKIP","floor":28},{"not_picked":["All Out Attack","Riddle With Holes","Backflip"],"picked":"SKIP","floor":29}],"player_experience":317379,"relics_obtained":[{"floor":9,"key":"Sundial"},{"floor":14,"key":"Iron Hammer"},{"floor":26,"key":"Boot"},{"floor":29,"key":"Regal Pillow"}],"event_choices":[{"damage_healed":0,"gold_gain":0,"player_choice":"Success","damage_taken":12,"relics_obtained":["MealTicket"],"max_hp_gain":0,"max_hp_loss":0,"event_name":"Scrap Ooze","floor":2,"gold_loss":0},{"damage_healed":0,"gold_gain":0,"player_choice":"Donut","damage_taken":0,"max_hp_gain":5,"max_hp_loss":0,"event_name":"Big Fish","floor":4,"gold_loss":0},{"damage_healed":0,"gold_gain":0,"player_choice":"Bought 0 Potions","damage_taken":0,"max_hp_gain":0,"max_hp_loss":0,"event_name":"The Woman in Blue","floor":5,"gold_loss":0},{"damage_healed":0,"gold_gain":0,"player_choice":"Stole Relic","damage_taken":0,"relics_obtained":["Meat on the Bone"],"max_hp_gain":0,"max_hp_loss":0,"event_name":"Addict","floor":22,"gold_loss":0,"cards_obtained":["Shame"]}],"is_beta":false,"boss_relics":[{"not_picked":["ReplayTheSpireMod:DimensionalGlitch","Snecko Eye"],"picked":"Pandora\u0027s Box"}],"items_purged_floors":[19,21],"is_endless":false,"potions_floor_spawned":[3,10,13,18,20],"killed_by":"Centurion and Healer","ascension_level":4}}