{"host":"8dhn6p16jorj0i1s","time":1608759127,"event":{"mods":["BaseMod","Colored Map","DeckTracker","Minty Spire (QoL Compilation)","Permanent Neow","Quick Restart"],"gold_per_floor":[365,83,103,103,118,118,129,129,155,171,200,150,150,160,160,265,265,285,305,305,305],"floor_reached":20,"playtime":1209,"items_purged":["Regret","Strike_R"],"score":220,"play_id":"fc689e8c-ee67-4d6f-989e-7c86cfee109a","local_time":"20201223223207","is_ascension_mode":true,"campfire_choices":[{"data":"Flame Barrier","floor":6.0,"key":"SMITH"},{"data":"Bash","floor":8.0,"key":"SMITH"},{"data":"Brutality","floor":13.0,"key":"SMITH"},{"data":"Flame Barrier","floor":15.0,"key":"SMITH"}],"circlet_count":0,"master_deck":["Bash+1","Brutality+1","Carnage+1","Flame Barrier+1","Flame Barrier+1","Fire Breathing","Limit Break","Demon Form","Body Slam","Entrench","Dropkick","Flex","Inflame","Ghostly Armor","Twin Strike","Hemokinesis","Body Slam+1"],"relics":["Burning Blood","Tiny Chest","Smiling Mask","Pandora\u0027s Box"],"acts_visited":["Exordium","TheCity"],"potions_floor_usage":[16,16,16,20,20],"damage_taken":[{"damage":10.0,"enemies":"Cultist","floor":1.0,"turns":4.0},{"damage":1.0,"enemies":"Small Slimes","floor":3.0,"turns":2.0},{"damage":6.0,"enemies":"2 Louse","floor":5.0,"turns":2.0},{"damage":40.0,"enemies":"Exordium Thugs","floor":7.0,"turns":7.0},{"damage":13.0,"enemies":"Large Slime","floor":10.0,"turns":3.0},{"damage":17.0,"enemies":"3 Sentries","floor":11.0,"turns":5.0},{"damage":8.0,"enemies":"Looter","floor":14.0,"turns":3.0},{"damage":36,"enemies":"Hexaghost","floor":16,"turns":10},{"damage":38,"enemies":"Spheric Guardian","floor":18,"turns":4},{"damage":25,"enemies":"2 Thieves","floor":19,"turns":4},{"damage":12,"enemies":"Centurion and Healer","floor":20,"turns":4}],"seed_played":"6411611426421562954","potions_obtained":[{"floor":3.0,"key":"Weak Potion"},{"floor":7.0,"key":"Weak Potion"},{"floor":14.0,"key":"Regen Potion"},{"floor":16,"key":"Weak Potion"},{"floor":18,"key":"SkillPotion"}],"is_trial":false,"path_per_floor":["M","$","M","?","M","R","M","R","T","M","E","$","R","M","R","B",null,"M","M","M"],"character_chosen":"IRONCLAD","items_purchased":["Brutality","Carnage"],"campfire_rested":0,"item_purchase_floors":[2,2],"current_hp_per_floor":[76,76,80,80,80,80,46,46,46,39,28,28,28,26,26,11,63,31,12,0,0],"gold":305,"neow_bonus":"TWO_FIFTY_GOLD","is_daily":false,"chose_seed":false,"campfire_upgraded":4,"win_rate":0.0,"timestamp":1608759127,"path_taken":["M","$","M","?","M","R","M","R","T","M","E","$","R","M","R","BOSS","M","M","M"],"items_purchased_type":["Card","Card"],"build_version":"2020-12-22","purchased_purges":2,"victory":false,"max_hp_per_floor":[80,80,80,80,80,80,80,80,80,80,80,80,80,80,80,80,80,80,80,80,80],"card_choices":[{"not_picked":["Dark Embrace","Pummel","Pommel Strike"],"picked":"SKIP","floor":1.0},{"not_picked":["Second Wind","Entrench"],"picked":"Flame Barrier","floor":3.0},{"not_picked":["Pommel Strike","Wild Strike"],"picked":"Flame Barrier","floor":5.0},{"not_picked":["Perfected Strike","Searing Blow","Twin Strike"],"picked":"SKIP","floor":7.0},{"not_picked":["Headbutt","Power Through"],"picked":"Fire Breathing","floor":10.0},{"not_picked":["Headbutt","Thunderclap"],"picked":"Limit Break","floor":11.0},{"not_picked":["Flex","Clothesline","Seeing Red"],"picked":"SKIP","floor":14.0},{"not_picked":["Corruption","Reaper"],"picked":"Demon Form","floor":16},{"not_picked":["Reckless Charge","Anger+1","Carnage"],"picked":"SKIP","floor":18},{"not_picked":["True Grit","Dark Embrace"],"picked":"Body Slam+1","floor":19}],"player_experience":379413,"relics_obtained":[{"floor":9.0,"key":"Tiny Chest"},{"floor":11.0,"key":"Smiling Mask"}],"event_choices":[{"damage_healed":0.0,"max_hp_gain":0.0,"max_hp_loss":0.0,"gold_gain":0.0,"event_name":"Accursed Blacksmith","player_choice":"Forge","floor":4.0,"gold_loss":0.0,"damage_taken":0.0,"cards_upgraded":["Carnage"]}],"is_beta":false,"boss_relics":[{"not_picked":["Calling Bell","Ectoplasm"],"picked":"Pandora\u0027s Box"}],"items_purged_floors":[2,12],"is_endless":false,"potions_floor_spawned":[3,7,14,16,18],"killed_by":"Centurion and Healer","ascension_level":5}}