{"host":"2461dio7vetlq1z3","time":1608765700,"event":{"mods":["2.2 Compatiblity","AchievementEnabler","Aspiration","BaseMod","Better Third Choice","Hermit","Marisa????????","Minty Spire (QoL Compilation)","Relic Stats","Spicy Shops","StSLib","The Runesmith","Waifu the Spire"],"gold_per_floor":[111,130,147,72,82,82,111,111,111,146,146,146,156,6,6,83,83,93,93,0,17,32,32,66,66,66,92,29,46,24,38,38,38,38],"floor_reached":33,"playtime":1995,"items_purged":["Strike_B","Pride","Strike_B"],"score":561,"play_id":"3d15005b-fbee-4514-865a-872db4871216","local_time":"20201224002140","is_ascension_mode":true,"campfire_choices":[{"floor":6,"key":"REST"},{"data":"Ball Lightning","floor":8,"key":"SMITH"},{"data":"Zap","floor":11,"key":"SMITH"},{"data":"Barrage","floor":15,"key":"SMITH"},{"data":"Fission","floor":23,"key":"SMITH"},{"data":"Rainbow","floor":25,"key":"SMITH"},{"floor":32,"key":"REST"}],"circlet_count":0,"master_deck":["AscendersBane","Defend_B","Defend_B","Defend_B","Zap+1","Dualcast","Ball Lightning","Ball Lightning+1","Cold Snap","Reinforced Body","Conserve Battery","Glacier","aspiration:Lunge","Skewer","Cloak And Dagger","Barrage+1","Rainbow+1","Double Energy","Fission+1","Steam","Hologram","Streamline+1","Self Repair","Turbo"],"relics":["Cracked Core","DataDisk","Mummified Hand","Anchor","Gremlin Horn","Membership Card","Medical Kit","aspiration:RunicSpoon","Pear","aspiration:Stabinomicon","aspiration:HummingbirdHeart","Centennial Puzzle"],"acts_visited":["Exordium","TheCity"],"potions_floor_usage":[10,22,24],"damage_taken":[{"damage":1,"enemies":"Cultist","floor":1,"turns":4},{"damage":2,"enemies":"Jaw Worm","floor":2,"turns":3},{"damage":9,"enemies":"2 Louse","floor":3,"turns":2},{"damage":17,"enemies":"Exordium Thugs","floor":5,"turns":3},{"damage":11,"enemies":"Lagavulin","floor":7,"turns":7},{"damage":3,"enemies":"3 Sentries","floor":10,"turns":6},{"damage":0,"enemies":"Exordium Wildlife","floor":13,"turns":2},{"damage":20,"enemies":"Hexaghost","floor":16,"turns":11},{"damage":9,"enemies":"Chosen","floor":18,"turns":5},{"damage":4,"enemies":"3 Byrds","floor":21,"turns":3},{"damage":11,"enemies":"3 Cultists","floor":22,"turns":5},{"damage":14,"enemies":"Book of Stabbing","floor":24,"turns":5},{"damage":3,"enemies":"Slavers","floor":27,"turns":4},{"damage":0,"enemies":"Centurion and Healer","floor":29,"turns":3},{"damage":0,"enemies":"Snake Plant","floor":31,"turns":3},{"damage":55,"enemies":"Collector","floor":33,"turns":7}],"seed_played":"-1789859782203425788","potions_obtained":[{"floor":1,"key":"GamblersBrew"},{"floor":5,"key":"Swift Potion"},{"floor":13,"key":"Energy Potion"},{"floor":18,"key":"Swift Potion"},{"floor":22,"key":"LiquidBronze"},{"floor":27,"key":"LiquidMemories"}],"is_trial":false,"path_per_floor":["M","M","M","$","M","R","E","R","T","E","R","?","M","$","R","B",null,"M","?","$","M","M","R","E","R","T","E","$","M","$","M","R","B"],"character_chosen":"DEFECT","items_purchased":["Membership Card","Medical Kit","Fission","Self Repair"],"campfire_rested":2,"item_purchase_floors":[14,14,20,30],"current_hp_per_floor":[63,61,52,52,35,56,45,45,45,42,42,42,42,42,42,22,59,50,60,60,56,45,45,31,31,31,28,28,28,28,28,52,0,0],"gold":38,"neow_bonus":"RANDOM_COMMON_RELIC","is_daily":false,"chose_seed":false,"campfire_upgraded":5,"win_rate":0.0,"timestamp":1608765700,"path_taken":["M","?","M","?","M","R","E","R","T","E","R","?","M","?","R","BOSS","M","?","$","M","?","R","E","R","T","E","$","M","?","M","R","BOSS"],"items_purchased_type":["Relic","Relic","Card","Card"],"build_version":"2020-12-22","purchased_purges":3,"victory":false,"max_hp_per_floor":[71,71,71,71,71,71,71,71,71,71,71,71,71,71,71,71,71,71,81,81,81,81,81,81,81,81,81,81,81,81,81,81,81,81],"relic_stats":{"Centennial Puzzle":[3],"Gremlin Horn":[10,10],"counters":[16,73],"Mummified Hand":[3],"aspiration:RunicSpoon":[41],"Medical Kit":[3],"obtain_stats":[{"DataDisk":0,"Anchor":9,"Centennial Puzzle":27,"Pear":19,"Gremlin Horn":10,"Mummified Hand":7,"aspiration:RunicSpoon":17,"aspiration:Stabinomicon":24,"aspiration:HummingbirdHeart":26,"Membership Card":14,"Cracked Core":0,"Medical Kit":14},{"DataDisk":0,"Anchor":5,"Centennial Puzzle":13,"Pear":9,"Gremlin Horn":6,"Mummified Hand":5,"aspiration:RunicSpoon":8,"aspiration:Stabinomicon":12,"aspiration:HummingbirdHeart":12,"Membership Card":7,"Cracked Core":0,"Medical Kit":7},{"DataDisk":0,"Anchor":19,"Centennial Puzzle":60,"Pear":43,"Gremlin Horn":25,"Mummified Hand":19,"aspiration:RunicSpoon":38,"aspiration:Stabinomicon":56,"aspiration:HummingbirdHeart":56,"Membership Card":27,"Cracked Core":0,"Medical Kit":27}]},"card_choices":[{"not_picked":["Rebound","Turbo"],"picked":"Ball Lightning","floor":1},{"not_picked":["Fusion","Hello World"],"picked":"Ball Lightning","floor":2},{"not_picked":["Sweeping Beam","Gash"],"picked":"Cold Snap","floor":3},{"not_picked":["All For One","Auto Shields"],"picked":"Reinforced Body","floor":5},{"not_picked":["White Noise","Rebound"],"picked":"Conserve Battery","floor":7},{"not_picked":["Stack","Undo"],"picked":"Glacier","floor":10},{"not_picked":["Rip and Tear","Heatsinks"],"picked":"Barrage","floor":13},{"not_picked":["Core Surge","Seek"],"picked":"Rainbow","floor":16},{"not_picked":["Blizzard","Hello World"],"picked":"Double Energy","floor":18},{"not_picked":["Beam Cell","Turbo"],"picked":"Steam","floor":21},{"not_picked":["Cold Snap","Sweeping Beam","Conserve Battery"],"picked":"SKIP","floor":22},{"not_picked":["Go for the Eyes","Sunder"],"picked":"Hologram","floor":24},{"not_picked":["Consume","Meteor Strike"],"picked":"Streamline+1","floor":27},{"not_picked":["Cold Snap","Heatsinks","Redo"],"picked":"SKIP","floor":29},{"not_picked":["Storm","Compile Driver"],"picked":"Turbo","floor":31}],"player_experience":972492,"relics_obtained":[{"floor":7,"key":"Mummified Hand"},{"floor":9,"key":"Anchor"},{"floor":10,"key":"Gremlin Horn"},{"floor":19,"key":"Pear"},{"floor":24,"key":"aspiration:Stabinomicon"},{"floor":26,"key":"aspiration:HummingbirdHeart"},{"floor":27,"key":"Centennial Puzzle"}],"event_choices":[{"damage_healed":0,"gold_gain":0,"player_choice":"Relic","damage_taken":0,"max_hp_gain":0,"max_hp_loss":0,"event_name":"Wheel of Change","floor":19,"gold_loss":0}],"is_beta":false,"boss_relics":[{"not_picked":["aspiration:SilentSkillbook","aspiration:FutureDiary"],"picked":"aspiration:RunicSpoon"}],"items_purged_floors":[4,20,28],"is_endless":false,"potions_floor_spawned":[1,5,13,18,22,27],"killed_by":"Collector","ascension_level":18}}