{"host":"2461dio7vetlq1z3","time":1608706421,"event":{"mods":["2.2 Compatiblity","AchievementEnabler","Aspiration","BaseMod","Better Third Choice","Hermit","Marisa????????","Minty Spire (QoL Compilation)","Relic Stats","Spicy Shops","StSLib","The Runesmith","Waifu the Spire"],"gold_per_floor":[112,123,139,64,79,79,79,79],"floor_reached":7,"playtime":256,"items_purged":["Strike_MRS"],"score":80,"play_id":"43972591-15f8-4c14-be03-9ca71e3e60a3","local_time":"20201223075341","is_ascension_mode":true,"campfire_choices":[{"data":"FinalSpark","floor":6,"key":"SMITH"}],"circlet_count":0,"master_deck":["AscendersBane","Strike_MRS","Strike_MRS","Strike_MRS","Defend_MRS","Defend_MRS","Defend_MRS","Defend_MRS","MasterSpark","UpSweep","FinalSpark+1","UnstableBomb","PulseMagic","MachineGunSpark"],"relics":["MiniHakkero"],"acts_visited":["Exordium"],"potions_floor_usage":[7],"damage_taken":[{"damage":0,"enemies":"2 Louse","floor":1,"turns":3},{"damage":1,"enemies":"Cultist","floor":2,"turns":3},{"damage":19,"enemies":"Jaw Worm","floor":3,"turns":4},{"damage":14,"enemies":"Blue Slaver","floor":5,"turns":4},{"damage":15,"enemies":"Lagavulin","floor":7,"turns":4}],"seed_played":"-8019151969789242528","potions_obtained":[{"floor":5,"key":"ColorlessPotion"}],"is_trial":false,"path_per_floor":["M","M","M","$","M","R","E"],"character_chosen":"MARISA","items_purchased":[],"campfire_rested":0,"item_purchase_floors":[],"current_hp_per_floor":[45,44,25,25,11,11,0,0],"gold":79,"neow_bonus":"THREE_RARE_CARDS","is_daily":false,"chose_seed":false,"campfire_upgraded":1,"win_rate":0.0,"timestamp":1608706421,"path_taken":["M","M","M","$","M","R","E"],"items_purchased_type":[],"build_version":"2020-12-22","purchased_purges":1,"victory":false,"max_hp_per_floor":[70,70,70,70,70,70,70,70],"relic_stats":{"counters":[5,18],"obtain_stats":[{"MiniHakkero":0},{"MiniHakkero":0},{"MiniHakkero":0}]},"card_choices":[{"not_picked":["MillisecondPulsars","SuperNova"],"picked":"FinalSpark","floor":0},{"not_picked":["PowerUp","EarthLightRay"],"picked":"UnstableBomb","floor":1},{"not_picked":["DarkMatter","DC"],"picked":"PulseMagic","floor":2},{"not_picked":["WitchOfGreed","Occultation","OpenUniverse"],"picked":"SKIP","floor":3},{"not_picked":["UnstableBomb","ShootTheMoon"],"picked":"MachineGunSpark","floor":5}],"player_experience":969408,"relics_obtained":[],"event_choices":[],"is_beta":false,"boss_relics":[],"items_purged_floors":[4],"is_endless":false,"potions_floor_spawned":[5],"killed_by":"Lagavulin","ascension_level":17}}