{"host":"x565ttcahk6mfbvs","time":1608727166,"event":{"mods":["AchievementEnabler","BaseMod","BetterRewards","Downfall","Minty Spire (QoL Compilation)","Permanent Neow","Remove Card Discount Mod","StSLib"],"gold_per_floor":[99,116,26,41,41,51,51,66,101,120,46,196,121,121,140,140,140],"floor_reached":16,"playtime":1315,"items_purged":[],"score":102,"play_id":"055b4ed7-b90e-4cc3-a94e-40df1455e9f2","local_time":"20201223063926","is_ascension_mode":false,"campfire_choices":[{"data":"sneckomod:UnknownRarePower","floor":1.0,"key":"SMITH"},{"floor":13,"key":"RECALL"}],"circlet_count":0,"master_deck":["sneckomod:Strike","sneckomod:Strike","sneckomod:Strike","sneckomod:Defend","sneckomod:Defend","sneckomod:Defend","sneckomod:TailWhip","sneckomod:SnekBite","sneckomod:Unknown","sneckomod:Unknown","sneckomod:UnknownRarePower+1","sneckomod:UnknownCommonAttack","sneckomod:WideSting","sneckomod:MasterEye","sneckomod:RainOfDice","sneckomod:UnknownStrike","sneckomod:UnknownCommonSkill+1","sneckomod:Unknown1Cost+1","sneckomod:UnknownVulnerable+1","sneckomod:UnknownVulnerable+1","sneckomod:UnknownEthereal+1","Slimebound:Icky","sneckomod:UnknownClassGREEN+1"],"relics":["sneckomod:SneckoSoul","Toxic Egg 2","The Courier","downfall:HeartBlessingGreen"],"acts_visited":["Exordium"],"potions_floor_usage":[11,11],"damage_taken":[{"damage":0.0,"enemies":"2 Louse","floor":2.0,"turns":2.0},{"damage":5.0,"enemies":"downfall:FleeingMerchant","floor":3.0,"turns":4.0},{"damage":0.0,"enemies":"Cultist","floor":4.0,"turns":3.0},{"damage":1.0,"enemies":"Small Slimes","floor":6.0,"turns":3.0},{"damage":14.0,"enemies":"3 Louse","floor":8.0,"turns":4.0},{"damage":19.0,"enemies":"Gremlin Nob","floor":9.0,"turns":5.0},{"damage":6.0,"enemies":"2 Fungi Beasts","floor":10.0,"turns":2.0},{"damage":15,"enemies":"downfall:FleeingMerchant","floor":11,"turns":4},{"damage":42,"enemies":"Lots of Slimes","floor":15,"turns":4},{"damage":30,"enemies":"downfall:Watcher","floor":16,"turns":5}],"seed_played":"-1384476270449651076","potions_obtained":[{"floor":2.0,"key":"sneckomod:MuddlingPotion"},{"floor":4.0,"key":"Energy Potion"},{"floor":5.0,"key":"SpeedPotion"},{"floor":5.0,"key":"Regen Potion"},{"floor":5.0,"key":"EntropicBrew"},{"floor":8.0,"key":"sneckomod:DiceRollPotion"}],"is_trial":false,"path_per_floor":["R","M","$","M","?","M","T","M","E","M","$","?","R","?","M","B"],"character_chosen":"THE_SNECKO","items_purchased":["sneckomod:MasterEye","sneckomod:UnknownEthereal+1"],"campfire_rested":0,"item_purchase_floors":[3,11],"current_hp_per_floor":[91,92,87,87,87,87,87,86,71,66,53,53,53,53,27,0,0],"gold":140,"neow_bonus":"THREE_RARE_CARDS","is_daily":false,"chose_seed":false,"campfire_upgraded":1,"win_rate":0.0,"timestamp":1608727166,"path_taken":["R","M","$","M","?","?","T","M","E","?","$","?","R","?","M","BOSS"],"items_purchased_type":["Card","Card"],"build_version":"2020-12-22","purchased_purges":0,"victory":false,"max_hp_per_floor":[91,92,92,92,92,93,93,94,95,96,98,98,98,98,99,99,99],"card_choices":[{"not_picked":["sneckomod:SerpentMind","sneckomod:SoulExchange"],"picked":"sneckomod:UnknownRarePower","floor":0.0},{"not_picked":["sneckomod:SoulDraw","sneckomod:UnknownCommonSkill"],"picked":"sneckomod:UnknownCommonAttack","floor":2.0},{"not_picked":["sneckomod:Unknown2Cost","sneckomod:UnknownUncommonSkill"],"picked":"sneckomod:WideSting","floor":3.0},{"not_picked":["sneckomod:SoulRoll","sneckomod:UnknownCommonSkill"],"picked":"sneckomod:RainOfDice","floor":4.0},{"not_picked":["sneckomod:SerpentIdol","sneckomod:UnknownClassBLUE"],"picked":"sneckomod:UnknownStrike","floor":6.0},{"not_picked":["sneckomod:SoulRoll+1","sneckomod:SnekBeam"],"picked":"sneckomod:UnknownCommonSkill+1","floor":8.0},{"not_picked":["sneckomod:Mudshield","sneckomod:SnakeSap"],"picked":"sneckomod:Unknown1Cost+1","floor":9.0},{"not_picked":["sneckomod:DiceBlock+1","sneckomod:SlitherStrike"],"picked":"sneckomod:UnknownVulnerable+1","floor":10.0},{"not_picked":["sneckomod:SoulRoll+1","sneckomod:RainOfDice"],"picked":"sneckomod:UnknownVulnerable+1","floor":11},{"not_picked":["sneckomod:UnknownWeak+1","sneckomod:UnknownCommonAttack"],"picked":"sneckomod:UnknownClassGREEN+1","floor":15}],"player_experience":275127,"relics_obtained":[{"floor":7.0,"key":"Toxic Egg 2"},{"floor":9.0,"key":"The Courier"}],"event_choices":[{"damage_healed":0.0,"max_hp_gain":0.0,"max_hp_loss":0.0,"gold_gain":0.0,"event_name":"Lab","player_choice":"Got Potions","floor":5.0,"gold_loss":0.0,"damage_taken":0.0},{"cards_removed":["Clumsy"],"damage_healed":0,"gold_gain":0,"player_choice":"Card Removal","damage_taken":0,"max_hp_gain":0,"max_hp_loss":0,"event_name":"The Cleric","floor":14,"gold_loss":0}],"is_beta":false,"boss_relics":[],"items_purged_floors":[],"is_endless":false,"potions_floor_spawned":[2,4,8],"killed_by":"downfall:Watcher","ascension_level":0}}