{"host":"627up2rvtmm0cf0r","time":1608732718,"event":{"mods":["ATMod(阿瑾Mod)","Act Like it!","BaseMod","CapriCore","Card Filter","Card Forge","DeckTracker","Dota2Spire","Friendly Minions","Highlight Path","Minty Spire (QoL Compilation)","MostiFishMod","Permanent Neow","Quick Restart","Relic Stats","Shop Mod","Spicy Shops","StSLib","SuperFastMode","TestMod","[地精首领爬塔]The Maniac","【遗物卡牌】REMEMod","篝火指南"],"gold_per_floor":[119,139,214,226,236,266,278,296,365,365,391,391,483,503,503,698,698,713,749,352,369,32,160,160,174,199,199,345,471,519,652,514,823,823,882,955,683,683,447,600,658,850,850,850,510,704,457,520,108,448],"floor_reached":51,"playtime":1983,"items_purged":["Eruption","Vigilance","Strike_P","Strike_P","Wireheading+1","REME_MusicOfDeath+1","AT_RealFormLess+1","Defend_P","Defend_P","Decay"],"score":1738,"play_id":"7cc6a328-62a0-4678-ba3c-e38c8df99f82","local_time":"20201223221158","is_ascension_mode":true,"campfire_choices":[{"data":"AT_FamilyPortrait","floor":10.0,"key":"SMITH"},{"data":"REME_Repentance","floor":15.0,"key":"SMITH"},{"data":"Genetic Algorithm","floor":24.0,"key":"SMITH"},{"floor":27.0,"key":"RECALL"},{"data":"REME_WheelOfFate","floor":44,"key":"SMITH"}],"circlet_count":0,"master_deck":["Defend_P","AT_FamilyPortrait+1","Genetic Algorithm+1","REME_Repentance+1","REME_WheelOfFate+1"],"relics":["PureWater","Hammer of Thor","Seething Fire","Anvil of the Gods","DaveBox","testmod-TestBox","REME_ComplimentaryCards","AT_ATBox","testmod-ArcanaOfDestiny","Membership Card","Lizard Tail","testmod-Hope","testmod-Antiphasic","AT_RabadonDeathcap","Coffee Dripper","testmod-CrystalShield","AT_TheCollector","AT_EbonyIvory","Strawberry","Shuriken","Dota2Spire:UrnOfShadows","Anchor","Dota2Spire:HandOfMidas","SynthV:C4","Sundial","REME_ArchaeologicalTools","Astrolabe","Matryoshka","AT_BladeRuinedKing","Dota2Spire:ArmletOfMordiggian","Toxic Egg 2","AT_ChloranthyRing","BrkXgEgg","Dota2Spire:PhaseBoots","White Beast Statue","Mummified Hand","Medical Kit","Dota2Spire:MagicBottle","testmod-FatalChain","Dota2Spire:MonkeyKingBar","OrangePellets","testmod-Muramasa"],"acts_visited":["Exordium","TheCity","TheBeyond"],"potions_floor_usage":[50],"damage_taken":[{"damage":0.0,"enemies":"Small Slimes","floor":1.0,"turns":3.0},{"damage":5.0,"enemies":"Cultist","floor":2.0,"turns":4.0},{"damage":14.0,"enemies":"2 Louse","floor":4.0,"turns":4.0},{"damage":6.0,"enemies":"Exordium Thugs","floor":5.0,"turns":9.0},{"damage":17.0,"enemies":"3 Sentries","floor":6.0,"turns":9.0},{"damage":14.0,"enemies":"3 Louse","floor":7.0,"turns":2.0},{"damage":0.0,"enemies":"Exordium Wildlife","floor":8.0,"turns":4.0},{"damage":0.0,"enemies":"Gremlin Nob","floor":11.0,"turns":2.0},{"damage":0.0,"enemies":"Lots of Slimes","floor":13.0,"turns":9.0},{"damage":0.0,"enemies":"Blue Slaver","floor":14.0,"turns":4.0},{"damage":5.0,"enemies":"Hexaghost","floor":16.0,"turns":4.0},{"damage":0.0,"enemies":"Chosen","floor":18.0,"turns":3.0},{"damage":12.0,"enemies":"Spheric Guardian","floor":19.0,"turns":3.0},{"damage":0.0,"enemies":"Centurion and Healer","floor":21.0,"turns":6.0},{"damage":0.0,"enemies":"Book of Stabbing","floor":23.0,"turns":3.0},{"damage":0.0,"enemies":"Snecko","floor":25.0,"turns":5.0},{"damage":0.0,"enemies":"Sentry and Sphere","floor":28.0,"turns":3.0},{"damage":0.0,"enemies":"Slavers","floor":29.0,"turns":3.0},{"damage":0.0,"enemies":"Centurion and Healer","floor":30.0,"turns":3.0},{"damage":0.0,"enemies":"Book of Stabbing","floor":31.0,"turns":1.0},{"damage":0.0,"enemies":"Collector","floor":33.0,"turns":8.0},{"damage":0.0,"enemies":"3 Darklings","floor":35.0,"turns":3.0},{"damage":15.0,"enemies":"3 Shapes","floor":36.0,"turns":3.0},{"damage":0.0,"enemies":"Nemesis","floor":40.0,"turns":4.0},{"damage":5.0,"enemies":"Jaw Worm Horde","floor":41.0,"turns":4.0},{"damage":0,"enemies":"Reptomancer","floor":42,"turns":4},{"damage":0,"enemies":"Nemesis","floor":46,"turns":1},{"damage":1,"enemies":"2 Orb Walkers","floor":48,"turns":3},{"damage":59,"enemies":"Awakened One","floor":50,"turns":6}],"seed_played":"-7346257027333745670","potions_obtained":[{"floor":1.0,"key":"Fruit Juice"},{"floor":4.0,"key":"Dota2Spire:Clarity"},{"floor":6.0,"key":"Fire Potion"},{"floor":7.0,"key":"EssenceOfSteel"},{"floor":14.0,"key":"SkillPotion"},{"floor":18.0,"key":"FearPotion"}],"is_trial":false,"path_per_floor":["M","M","?","M","M","E","M","M","T","R","E","?","M","M","R","B",null,"M","M","$","M","$","E","R","M","T","R","M","E","M","E","R","B",null,"M","M","$","?","$","E","M","E","T","R","$","E","R","?","R","B",null],"character_chosen":"WATCHER","items_purchased":["testmod-CrystalShield","AT_TheCollector","AT_EbonyIvory","Strawberry","Shuriken","Dota2Spire:UrnOfShadows","REME_ArchaeologicalTools","REME_WheelOfFate","Matryoshka","BrkXgEgg","Dota2Spire:PhaseBoots","White Beast Statue","Medical Kit","Dota2Spire:MagicBottle","Dota2Spire:MonkeyKingBar","OrangePellets","testmod-Muramasa"],"campfire_rested":0,"item_purchase_floors":[20,20,20,22,22,22,32,37,39,45,45,45,47,47,49,49,49],"current_hp_per_floor":[70,65,58,44,38,21,7,11,11,11,11,11,11,11,11,77,77,77,65,65,71,78,84,84,84,84,84,84,84,84,84,84,84,84,84,69,69,69,69,78,73,79,79,79,79,79,79,84,84,39],"gold":448,"neow_bonus":"THREE_CARDS","is_daily":false,"chose_seed":false,"campfire_upgraded":4,"win_rate":0.0,"timestamp":1608732718,"path_taken":["M","M","?","?","M","E","M","M","T","R","E","?","M","?","R","BOSS","M","M","$","M","$","E","R","M","T","R","?","E","M","E","R","BOSS","M","M","$","?","$","E","M","E","T","R","?","E","R","?","R","BOSS"],"items_purchased_type":["Relic","Relic","Relic","Relic","Relic","Relic","Relic","Card","Relic","Relic","Relic","Relic","Relic","Relic","Relic","Relic","Relic"],"build_version":"2020-12-22","purchased_purges":10,"victory":true,"max_hp_per_floor":[77,77,77,77,77,77,77,77,77,77,77,77,77,77,77,77,77,77,77,77,77,84,84,84,84,84,84,84,84,84,84,84,84,84,84,84,84,84,84,84,84,84,84,84,84,84,84,84,84,89],"relic_stats":{"OrangePellets":[0],"Lizard Tail":0,"counters":[29,120],"Shuriken":[7],"Sundial":[78],"Mummified Hand":[6],"Astrolabe":["AT_RealFormLess","REME_MusicOfDeath","Wireheading"],"Medical Kit":[9],"obtain_stats":[{"AT_ATBox":0,"DaveBox":0,"Dota2Spire:ArmletOfMordiggian":42,"Hammer of Thor":0,"SynthV:C4":29,"Dota2Spire:MagicBottle":47,"Lizard Tail":6,"testmod-CrystalShield":20,"Matryoshka":39,"Sundial":31,"Mummified Hand":46,"Strawberry":22,"REME_ArchaeologicalTools":32,"Toxic Egg 2":43,"testmod-ArcanaOfDestiny":0,"AT_ChloranthyRing":43,"AT_RabadonDeathcap":12,"Dota2Spire:HandOfMidas":26,"testmod-Muramasa":49,"testmod-TestBox":0,"Dota2Spire:UrnOfShadows":22,"Astrolabe":34,"testmod-FatalChain":48,"AT_EbonyIvory":20,"AT_BladeRuinedKing":40,"BrkXgEgg":45,"Seething Fire":0,"Medical Kit":47,"White Beast Statue":45,"testmod-Antiphasic":11,"OrangePellets":49,"Anchor":23,"Anvil of the Gods":0,"AT_TheCollector":20,"Shuriken":22,"testmod-Hope":9,"Coffee Dripper":17,"Membership Card":0,"PureWater":0,"Dota2Spire:MonkeyKingBar":49,"REME_ComplimentaryCards":0,"Dota2Spire:PhaseBoots":45},{"AT_ATBox":0,"DaveBox":0,"Dota2Spire:ArmletOfMordiggian":26,"Hammer of Thor":0,"SynthV:C4":18,"Dota2Spire:MagicBottle":27,"Lizard Tail":5,"testmod-CrystalShield":13,"Matryoshka":23,"Sundial":20,"Mummified Hand":27,"Strawberry":14,"REME_ArchaeologicalTools":20,"Toxic Egg 2":26,"testmod-ArcanaOfDestiny":0,"AT_ChloranthyRing":26,"AT_RabadonDeathcap":8,"Dota2Spire:HandOfMidas":16,"testmod-Muramasa":28,"testmod-TestBox":0,"Dota2Spire:UrnOfShadows":14,"Astrolabe":21,"testmod-FatalChain":28,"AT_EbonyIvory":13,"AT_BladeRuinedKing":24,"BrkXgEgg":26,"Seething Fire":0,"Medical Kit":27,"White Beast Statue":26,"testmod-Antiphasic":8,"OrangePellets":28,"Anchor":15,"Anvil of the Gods":0,"AT_TheCollector":13,"Shuriken":14,"testmod-Hope":7,"Coffee Dripper":11,"Membership Card":0,"PureWater":0,"Dota2Spire:MonkeyKingBar":28,"REME_ComplimentaryCards":0,"Dota2Spire:PhaseBoots":26},{"AT_ATBox":0,"DaveBox":0,"Dota2Spire:ArmletOfMordiggian":110,"Hammer of Thor":0,"SynthV:C4":80,"Dota2Spire:MagicBottle":111,"Lizard Tail":29,"testmod-CrystalShield":60,"Matryoshka":98,"Sundial":84,"Mummified Hand":111,"Strawberry":66,"REME_ArchaeologicalTools":84,"Toxic Egg 2":110,"testmod-ArcanaOfDestiny":0,"AT_ChloranthyRing":110,"AT_RabadonDeathcap":37,"Dota2Spire:HandOfMidas":74,"testmod-Muramasa":114,"testmod-TestBox":0,"Dota2Spire:UrnOfShadows":66,"Astrolabe":92,"testmod-FatalChain":114,"AT_EbonyIvory":60,"AT_BladeRuinedKing":102,"BrkXgEgg":110,"Seething Fire":0,"Medical Kit":111,"White Beast Statue":110,"testmod-Antiphasic":37,"OrangePellets":114,"Anchor":69,"Anvil of the Gods":0,"AT_TheCollector":60,"Shuriken":66,"testmod-Hope":35,"Coffee Dripper":54,"Membership Card":0,"PureWater":0,"Dota2Spire:MonkeyKingBar":114,"REME_ComplimentaryCards":0,"Dota2Spire:PhaseBoots":110}]},"card_choices":[{"not_picked":["TalkToTheHand","BowlingBash","CrushJoints"],"picked":"SKIP","floor":1.0},{"not_picked":["Vengeance","JustLucky","EmptyFist"],"picked":"SKIP","floor":2.0},{"not_picked":["Vengeance","MentalFortress","MostiFishMod:FlowState"],"picked":"SKIP","floor":4.0},{"not_picked":["MostiFishMod:PathToVictory","PathToVictory","SashWhip"],"picked":"SKIP","floor":5.0},{"not_picked":["Collect","AT_ChampionStep"],"picked":"REME_Repentance","floor":6.0},{"not_picked":["FearNoEvil","AT_ChampionStep","CutThroughFate"],"picked":"SKIP","floor":7.0},{"not_picked":["AT_SoftenMuscles","Protect","Prostrate"],"picked":"SKIP","floor":8.0},{"not_picked":["Indignation","EmptyMind","EmptyFist"],"picked":"SKIP","floor":11.0},{"not_picked":["Study","MostiFishMod:Minus","REME_Repentance"],"picked":"SKIP","floor":13.0},{"not_picked":["WheelKick","FlurryOfBlows","Study"],"picked":"SKIP","floor":14.0},{"not_picked":["Consecrate","Evaluate","Conclude"],"picked":"SKIP","floor":18.0},{"not_picked":["CrushJoints","AT_DivineConfetti","Consecrate+1"],"picked":"SKIP","floor":19.0},{"not_picked":["Adaptation","LikeWater","JustLucky"],"picked":"SKIP","floor":21.0},{"not_picked":["SashWhip","FlyingSleeves","MostiFishMod:LegendTransform"],"picked":"SKIP","floor":23.0},{"not_picked":["REME_Repentance","AT_RealFormLess","FearNoEvil"],"picked":"SKIP","floor":25.0},{"not_picked":["Crescendo","Evaluate","EmptyFist"],"picked":"SKIP","floor":28.0},{"not_picked":["Crescendo","MostiFishMod:Speedup","MostiFishMod:Dust"],"picked":"SKIP","floor":29.0},{"not_picked":["Consecrate","FlurryOfBlows","Swivel+1"],"picked":"SKIP","floor":30.0},{"not_picked":["MentalFortress","FlyingSleeves","Fasting2"],"picked":"SKIP","floor":31.0},{"not_picked":["Protect","Crescendo+1","LikeWater"],"picked":"SKIP","floor":35.0},{"not_picked":["Wireheading","CrushJoints+1","CutThroughFate"],"picked":"SKIP","floor":36.0},{"not_picked":["MostiFishMod:LegendTransform+1","Swivel+1","BowlingBash+1"],"picked":"SKIP","floor":40.0},{"not_picked":["Protect+1","EmptyMind+1","Meditate"],"picked":"SKIP","floor":41.0},{"not_picked":["Prostrate","MostiFishMod:OutWit","WheelKick+1"],"picked":"SKIP","floor":42},{"not_picked":["InnerPeace+1","Crescendo+1","FlyingSleeves"],"picked":"SKIP","floor":46}],"player_experience":27534,"relics_obtained":[{"floor":6.0,"key":"Lizard Tail"},{"floor":9.0,"key":"testmod-Hope"},{"floor":11.0,"key":"testmod-Antiphasic"},{"floor":12.0,"key":"AT_RabadonDeathcap"},{"floor":23.0,"key":"Anchor"},{"floor":26.0,"key":"Dota2Spire:HandOfMidas"},{"floor":29.0,"key":"SynthV:C4"},{"floor":31.0,"key":"Sundial"},{"floor":40.0,"key":"AT_BladeRuinedKing"},{"floor":42,"key":"Dota2Spire:ArmletOfMordiggian"},{"floor":43,"key":"Toxic Egg 2"},{"floor":43,"key":"AT_ChloranthyRing"},{"floor":46,"key":"Mummified Hand"},{"floor":48,"key":"testmod-FatalChain"}],"event_choices":[{"damage_healed":0.0,"max_hp_gain":0.0,"max_hp_loss":0.0,"gold_gain":75.0,"event_name":"FaceTrader","player_choice":"Touch","floor":3.0,"gold_loss":0.0,"damage_taken":7.0},{"damage_healed":0.0,"max_hp_gain":0.0,"max_hp_loss":0.0,"gold_gain":0.0,"event_name":"Wheel of Change","player_choice":"Relic","floor":12.0,"gold_loss":0.0,"damage_taken":0.0},{"damage_healed":0.0,"max_hp_gain":0.0,"max_hp_loss":0.0,"gold_gain":0.0,"event_name":"Tomb of Lord Red Mask","player_choice":"Ignored","floor":38.0,"gold_loss":0.0,"damage_taken":0.0},{"damage_healed":0,"gold_gain":0,"player_choice":"Fight","damage_taken":0,"max_hp_gain":0,"max_hp_loss":0,"event_name":"Mysterious Sphere","floor":48,"gold_loss":0}],"is_beta":false,"boss_relics":[{"not_picked":["Runic Pyramid","TakeMeEscape"],"picked":"Coffee Dripper"},{"not_picked":["FixedStarFall","Velvet Choker"],"picked":"Astrolabe"}],"items_purged_floors":[20,20,22,32,37,37,39,45,47,49],"is_endless":false,"potions_floor_spawned":[1,4,6,7,8,14,18,19,31,35,40,41,46,48],"ascension_level":7}}