{"host":"iy58fyt9wsbv4cf1","time":1608692596,"event":{"mods":["BaseMod","Better Altar","Better Match","Better Skull","Better Third Choice","BetterRewards","Conspire","Custom Start","Defuse TimeMaze Blight","Hubris","Infinite Spire","Minty Spire (QoL Compilation)","Permanent Neow","Quick Restart","Spicy Shops","StSLib"],"gold_per_floor":[117,132,132,43,8,8,48,68,68,39,39,62,62,83,83,212,212,226,241,93,111,124,124,137,137,137,172,272,316,316,332,332,455,455,478,5,21,36,36,75,75,75,98,132,155,255,271,271,271,271,271,271,158,194,194,194],"floor_reached":55,"playtime":1791,"items_purged":["Decay","Strike_R","Strike_R","Decay","Strike_R","Strike_R","Strike_R"],"score":790,"play_id":"d300abf9-eaf7-409a-b4e0-13d9090ea3a5","local_time":"20201222220316","is_ascension_mode":false,"campfire_choices":[{"data":"Body Slam","floor":6,"key":"SMITH"},{"data":"Body Slam","floor":11,"key":"SMITH"},{"data":"Defend_R","floor":13,"key":"SMITH"},{"data":"Defend_R","floor":15,"key":"SMITH"},{"data":"Battle Trance","floor":23,"key":"SMITH"},{"data":"Shrug It Off","floor":25,"key":"SMITH"},{"data":"Juggernaut","floor":30,"key":"SMITH"},{"data":"Shrug It Off","floor":32,"key":"SMITH"},{"floor":42,"key":"RECALL"},{"floor":49,"key":"REST"},{"floor":52,"key":"REST"}],"circlet_count":0,"master_deck":["Defend_R+1","Defend_R+1","Defend_R+1","Defend_R+1","Bash","Body Slam+1","Body Slam+1","Battle Trance+1","Shrug It Off+1","Juggernaut+1","hubris:SharpeningStone+1","Shrug It Off+1","Master of Strategy+1"],"relics":["Burning Blood","Membership Card","conspire:BottledYoYo","Golden Idol","hubris:TinFlute","hubris:PeanutButter","PreservedInsect","War Paint","hubris:Backtick","Calipers","HandDrill","hubris:MysteriousPyramids","infinitespire:FocusingShard","conspire:TopHat","Anchor","Lantern","Letter Opener"],"acts_visited":["Exordium","TheCity","TheBeyond","TheEnding"],"potions_floor_usage":[36,44,44,44,50],"damage_taken":[{"damage":1,"enemies":"conspire:RoseBush","floor":1,"turns":3},{"damage":9,"enemies":"2 Louse","floor":2,"turns":3},{"damage":33,"enemies":"Gremlin Nob","floor":7,"turns":5},{"damage":7,"enemies":"Jaw Worm","floor":8,"turns":4},{"damage":0,"enemies":"Lots of Slimes","floor":14,"turns":4},{"damage":2,"enemies":"Slime Boss","floor":16,"turns":14},{"damage":6,"enemies":"Spheric Guardian","floor":18,"turns":4},{"damage":4,"enemies":"conspire:FuzzyDice","floor":19,"turns":6},{"damage":0,"enemies":"Centurion and Healer","floor":21,"turns":6},{"damage":0,"enemies":"Chosen and Byrds","floor":22,"turns":6},{"damage":0,"enemies":"3 Cultists","floor":24,"turns":5},{"damage":0,"enemies":"Gremlin Leader","floor":27,"turns":5},{"damage":11,"enemies":"Slavers","floor":29,"turns":8},{"damage":0,"enemies":"Cultist and Chosen","floor":31,"turns":6},{"damage":19,"enemies":"Collector","floor":33,"turns":11},{"damage":0,"enemies":"3 Darklings","floor":35,"turns":5},{"damage":0,"enemies":"3 Shapes","floor":37,"turns":3},{"damage":5,"enemies":"3 Darklings","floor":38,"turns":3},{"damage":0,"enemies":"Reptomancer","floor":40,"turns":2},{"damage":17,"enemies":"Nemesis","floor":44,"turns":5},{"damage":9,"enemies":"Writhing Mass","floor":45,"turns":3},{"damage":0,"enemies":"Spire Growth","floor":47,"turns":4},{"damage":8,"enemies":"Time Eater","floor":50,"turns":8},{"damage":0,"enemies":"Shield and Spear","floor":54,"turns":3},{"damage":82,"enemies":"The Heart","floor":55,"turns":5}],"seed_played":"-3620683831524224252","potions_obtained":[{"floor":7,"key":"Energy Potion"},{"floor":16,"key":"DuplicationPotion"},{"floor":18,"key":"EntropicBrew"},{"floor":29,"key":"Fruit Juice"},{"floor":37,"key":"Weak Potion"}],"is_trial":false,"path_per_floor":["M","M","?","$","?","R","E","M","T","$","R","T","R","M","R","B",null,"M","M","$","M","M","R","M","R","T","E","?","E","R","M","R","B",null,"M","$","M","M","?","E","$","R","T","E","M","?","M","?","R","B",null,"R","$","E","B"],"character_chosen":"IRONCLAD","items_purchased":["Membership Card","Body Slam","conspire:BottledYoYo","Body Slam","Battle Trance","Shrug It Off","PreservedInsect","HandDrill","Master of Strategy"],"campfire_rested":2,"item_purchase_floors":[0,0,0,0,0,4,10,20,36],"current_hp_per_floor":[49,46,46,46,64,64,37,36,36,36,36,36,36,42,42,46,74,74,74,74,74,74,74,74,74,74,74,74,69,69,74,74,61,74,74,79,79,79,79,79,79,79,79,68,65,65,71,71,79,77,79,79,79,79,0,0],"gold":194,"neow_bonus":"","is_daily":false,"chose_seed":false,"campfire_upgraded":8,"win_rate":0.0,"timestamp":1608692596,"path_taken":["M","?","?","$","?","R","E","M","T","$","R","?","R","M","R","BOSS","M","?","$","M","M","R","M","R","T","E","?","E","R","M","R","BOSS","M","$","M","?","?","E","$","R","T","E","?","?","?","?","R","BOSS","R","$","E","BOSS"],"items_purchased_type":["Relic","Card","Relic","Card","Card","Card","Relic","Relic","Card"],"build_version":"2020-12-13","purchased_purges":7,"victory":false,"max_hp_per_floor":[80,80,74,74,74,74,74,74,74,74,74,74,74,74,74,74,74,74,74,74,74,74,74,74,74,74,74,74,74,74,74,74,74,74,74,79,79,79,79,79,79,79,79,79,79,79,79,79,79,79,79,79,79,79,79,79],"card_choices":[{"not_picked":["Sever Soul","Uppercut","Iron Wave"],"picked":"SKIP","floor":1},{"not_picked":["Wild Strike","Cleave","hubris:ReadiedAction"],"picked":"SKIP","floor":2},{"not_picked":["Iron Wave","hubris:CleavingFinish","True Grit"],"picked":"SKIP","floor":7},{"not_picked":["Sword Boomerang","Dual Wield","Flame Barrier"],"picked":"SKIP","floor":8},{"not_picked":["Warcry","hubris:CleavingFinish","Fire Breathing"],"picked":"SKIP","floor":14},{"not_picked":["conspire:Purge","Exhume"],"picked":"Juggernaut","floor":16},{"not_picked":["Wild Strike","Armaments","Flex"],"picked":"SKIP","floor":18},{"not_picked":["Twin Strike+1","Dropkick+1","Wild Strike"],"picked":"SKIP","floor":19},{"not_picked":["Pommel Strike+1","Feed","Perfected Strike+1"],"picked":"SKIP","floor":21},{"not_picked":["Warcry+1","Flex"],"picked":"hubris:SharpeningStone+1","floor":22},{"not_picked":["Clothesline","Iron Wave","Flex"],"picked":"SKIP","floor":24},{"not_picked":["Battle Trance+1","Armaments+1"],"picked":"Shrug It Off","floor":27},{"not_picked":["Corruption","Thunderclap+1","Havoc"],"picked":"SKIP","floor":29},{"not_picked":["Feel No Pain","Armaments+1","Evolve"],"picked":"SKIP","floor":31},{"not_picked":["Metallicize","Flex","Warcry"],"picked":"SKIP","floor":35},{"not_picked":["Clash","hubris:ReadiedAction+1","Cleave"],"picked":"SKIP","floor":37},{"not_picked":["Pommel Strike","Heavy Blade+1","Iron Wave+1"],"picked":"SKIP","floor":38},{"not_picked":["conspire:Charge+1","Second Wind","Thunderclap"],"picked":"SKIP","floor":40},{"not_picked":["Brutality","Searing Blow","Perfected Strike+1"],"picked":"SKIP","floor":44},{"not_picked":["Anger","Evolve+1","Warcry+1"],"picked":"SKIP","floor":45},{"not_picked":["Heavy Blade+1","Flex+1","Headbutt"],"picked":"SKIP","floor":47},{"not_picked":["Juggernaut","Havoc","Burning Pact+1"],"picked":"SKIP","floor":54}],"player_experience":34313,"relics_obtained":[{"floor":7,"key":"hubris:TinFlute"},{"floor":9,"key":"hubris:PeanutButter"},{"floor":12,"key":"War Paint"},{"floor":26,"key":"hubris:MysteriousPyramids"},{"floor":27,"key":"infinitespire:FocusingShard"},{"floor":29,"key":"conspire:TopHat"},{"floor":40,"key":"Anchor"},{"floor":44,"key":"Lantern"},{"floor":54,"key":"Letter Opener"}],"event_choices":[{"damage_healed":0,"gold_gain":0,"player_choice":"Lose Max HP","damage_taken":0,"relics_obtained":["Golden Idol"],"max_hp_gain":0,"max_hp_loss":6,"event_name":"Golden Idol","floor":3,"gold_loss":0},{"damage_healed":18,"gold_gain":0,"player_choice":"Healed","damage_taken":0,"max_hp_gain":0,"max_hp_loss":0,"event_name":"The Cleric","floor":5,"gold_loss":35},{"damage_healed":0,"gold_gain":100,"player_choice":"Pray","damage_taken":0,"max_hp_gain":0,"max_hp_loss":0,"event_name":"Golden Shrine","floor":28,"gold_loss":0},{"damage_healed":0,"gold_gain":0,"player_choice":"Upgraded","damage_taken":0,"max_hp_gain":0,"max_hp_loss":0,"event_name":"Upgrade Shrine","floor":39,"gold_loss":0,"cards_upgraded":["Master of Strategy"]},{"damage_healed":0,"gold_gain":100,"player_choice":"Pray","damage_taken":0,"max_hp_gain":0,"max_hp_loss":0,"event_name":"Golden Shrine","floor":46,"gold_loss":0},{"damage_healed":0,"gold_gain":0,"player_choice":"Ignored","damage_taken":0,"max_hp_gain":0,"max_hp_loss":0,"event_name":"NoteForYourself","floor":48,"gold_loss":0}],"is_beta":false,"boss_relics":[{"not_picked":["conspire:SeveredTorchhead","Empty Cage"],"picked":"hubris:Backtick"},{"not_picked":["Mark of Pain","Astrolabe","hubris:BlackHole"]}],"items_purged_floors":[0,0,4,20,36,36,53],"is_endless":false,"potions_floor_spawned":[7,16,18,19,29,33,35,37],"killed_by":"The Heart","ascension_level":0}}