{"host":"thn8o1tmql8xszd5","time":1608748298,"event":{"mods":["AchievementEnabler","Act Like it!","BaseMod","Block Reminder","Colored Map","DeckTracker","Gensokyo","Highlight Path","Minty Spire (QoL Compilation)","Permanent Neow","Quick Restart","Relic Stats","Robot Space Explorer","StSLib","The Blue Laboratory"],"gold_per_floor":[111,124,124,136,155,181,181,207,282,282,282],"floor_reached":10,"playtime":548,"items_purged":[],"score":136,"play_id":"833643f0-7fc6-4363-9ce1-b08c42679881","local_time":"20201223133138","is_ascension_mode":true,"campfire_choices":[{"data":"Whirlwind","floor":7,"key":"SMITH"}],"circlet_count":0,"master_deck":["Strike_R","Strike_R","Strike_R","Strike_R","Strike_R","Defend_R","Defend_R","Defend_R","Defend_R","Bash","Offering","Sword Boomerang","Whirlwind+1","Pain","Ghostly Armor"],"relics":["Burning Blood","Gensokyo:LunaticRedEyes","Ginger","Ice Cream","Self Forming Clay"],"acts_visited":["Exordium"],"potions_floor_usage":[6,8],"damage_taken":[{"damage":9,"enemies":"Gensokyo:Gryphon","floor":1,"turns":3},{"damage":6,"enemies":"Gensokyo:Python","floor":2,"turns":2},{"damage":1,"enemies":"Gensokyo:3_Fairies","floor":4,"turns":3},{"damage":11,"enemies":"Gensokyo:LivingMonolith","floor":5,"turns":2},{"damage":8,"enemies":"Gensokyo:Cirno","floor":6,"turns":4},{"damage":20,"enemies":"Gensokyo:Aya","floor":8,"turns":5},{"damage":63,"enemies":"Gensokyo:Mamizou","floor":10,"turns":10}],"seed_played":"5247239666430154626","potions_obtained":[{"floor":4,"key":"Fire Potion"},{"floor":5,"key":"Fire Potion"}],"is_trial":false,"path_per_floor":["M","M","?","M","M","E","R","E","T","E"],"character_chosen":"IRONCLAD","items_purchased":[],"campfire_rested":0,"item_purchase_floors":[],"current_hp_per_floor":[69,69,69,74,69,67,67,53,53,0,0],"gold":282,"neow_bonus":"ONE_RANDOM_RARE_CARD","is_daily":false,"chose_seed":false,"campfire_upgraded":1,"win_rate":0.0,"timestamp":1608748298,"path_taken":["M","M","?","M","M","E","R","E","T","E"],"items_purchased_type":[],"build_version":"2020-12-22","purchased_purges":0,"victory":false,"max_hp_per_floor":[80,80,80,80,80,80,80,80,80,80,80],"relic_stats":{"counters":[7,29],"Self Forming Clay":[21],"Ginger":[2],"obtain_stats":[{"Ice Cream":8,"Self Forming Clay":9,"Ginger":6,"Burning Blood":0,"Gensokyo:LunaticRedEyes":3},{"Ice Cream":6,"Self Forming Clay":6,"Ginger":5,"Burning Blood":0,"Gensokyo:LunaticRedEyes":2},{"Ice Cream":19,"Self Forming Clay":19,"Ginger":14,"Burning Blood":0,"Gensokyo:LunaticRedEyes":5}],"Burning Blood":36},"card_choices":[{"not_picked":["Clash","Havoc"],"picked":"Sword Boomerang","floor":1},{"not_picked":["Sword Boomerang","Havoc"],"picked":"Whirlwind","floor":2},{"not_picked":["Cleave","Anger"],"picked":"Ghostly Armor","floor":4},{"not_picked":["Combust","Perfected Strike","Barricade"],"picked":"SKIP","floor":5},{"not_picked":["Rage","Heavy Blade","Perfected Strike"],"picked":"SKIP","floor":6},{"not_picked":["Wild Strike","Carnage","Iron Wave"],"picked":"SKIP","floor":8}],"player_experience":519940,"relics_obtained":[{"floor":6,"key":"Ginger"},{"floor":8,"key":"Ice Cream"},{"floor":9,"key":"Self Forming Clay"}],"event_choices":[],"is_beta":false,"boss_relics":[],"items_purged_floors":[],"is_endless":false,"potions_floor_spawned":[4,5],"killed_by":"Gensokyo:Mamizou","ascension_level":8}}