{"host":"ged1bqtamtf4sn4x","time":1608752431,"event":{"mods":["BaseMod","Colored Map","DeckTracker","Highlight Path","Keyboard Shortcuts","Minty Spire (QoL Compilation)","Permanent Neow","Quick Restart","SuperFastMode","everything is the same but u backflip on backflip"],"gold_per_floor":[110,122,137,149,159,159,170,170,251,251,263,263,263,263],"floor_reached":13,"playtime":363,"items_purged":[],"score":158,"play_id":"d455936f-de9f-4b1b-bf10-657a213c4992","local_time":"20201224044031","is_ascension_mode":true,"campfire_choices":[{"data":"1","floor":6.0,"key":"LIFT"},{"data":"2","floor":8.0,"key":"LIFT"},{"data":"3","floor":10.0,"key":"LIFT"}],"circlet_count":0,"master_deck":["AscendersBane","Strike_R","Strike_R","Strike_R","Strike_R","Strike_R","Defend_R","Defend_R","Defend_R","Defend_R","Bash","Spot Weakness","Armaments","Cleave"],"relics":["Burning Blood","Girya","HornCleat"],"acts_visited":["Exordium"],"potions_floor_usage":[13],"damage_taken":[{"damage":2.0,"enemies":"Cultist","floor":1.0,"turns":4.0},{"damage":10.0,"enemies":"Small Slimes","floor":2.0,"turns":4.0},{"damage":0.0,"enemies":"Jaw Worm","floor":3.0,"turns":5.0},{"damage":7.0,"enemies":"2 Fungi Beasts","floor":4.0,"turns":5.0},{"damage":15.0,"enemies":"Exordium Thugs","floor":5.0,"turns":6.0},{"damage":15.0,"enemies":"3 Louse","floor":7.0,"turns":5.0},{"damage":34.0,"enemies":"Gremlin Gang","floor":11.0,"turns":6.0},{"damage":34,"enemies":"Lagavulin","floor":13,"turns":8}],"seed_played":"1382806037847789365","potions_obtained":[{"floor":1.0,"key":"EssenceOfSteel"},{"floor":2.0,"key":"EssenceOfSteel"}],"is_trial":false,"path_per_floor":["M","M","M","M","M","R","M","R","T","R","M","?","E"],"character_chosen":"IRONCLAD","items_purchased":[],"campfire_rested":0,"item_purchase_floors":[],"current_hp_per_floor":[68,64,68,67,58,58,49,49,49,49,21,21,0,0],"gold":263,"neow_bonus":"ONE_RARE_RELIC","is_daily":false,"chose_seed":false,"campfire_upgraded":0,"win_rate":0.0,"timestamp":1608752431,"path_taken":["M","M","?","M","M","R","M","R","T","R","M","?","E"],"items_purchased_type":[],"build_version":"2020-12-22","purchased_purges":0,"victory":false,"max_hp_per_floor":[68,68,68,68,68,68,68,68,68,68,68,68,68,68],"card_choices":[{"not_picked":["Pommel Strike","Body Slam"],"picked":"Spot Weakness","floor":1.0},{"not_picked":["Pommel Strike","Whirlwind"],"picked":"Armaments","floor":2.0},{"not_picked":["Dual Wield","True Grit","Blood for Blood"],"picked":"SKIP","floor":3.0},{"not_picked":["Whirlwind","Entrench","Pommel Strike"],"picked":"SKIP","floor":4.0},{"not_picked":["Pommel Strike","Clothesline","Clash"],"picked":"SKIP","floor":5.0},{"not_picked":["True Grit","Bloodletting","Fire Breathing"],"picked":"SKIP","floor":7.0},{"not_picked":["Headbutt","Warcry"],"picked":"Cleave","floor":11.0}],"player_experience":393335,"relics_obtained":[{"floor":9.0,"key":"HornCleat"}],"event_choices":[{"damage_healed":0.0,"max_hp_gain":0.0,"max_hp_loss":0.0,"gold_gain":0.0,"event_name":"Dead Adventurer","player_choice":"Searched \u00270\u0027 times","floor":12.0,"gold_loss":0.0,"damage_taken":0.0}],"is_beta":false,"boss_relics":[],"items_purged_floors":[],"is_endless":false,"potions_floor_spawned":[1,2],"killed_by":"Lagavulin","ascension_level":20}}