{"host":"owox7x4ngjt9htcc","time":1608707836,"event":{"mods":["BaseMod","Colored Map","DeckTracker","Keyboard Shortcuts","Minty Spire (QoL Compilation)","SuperFastMode"],"gold_per_floor":[114,129,144,144,163,201,276,276,276,295,295,333,333,371,371,496,496,496,496,496,446,446,446,446,196,196,196,196,196,196,196,196,196,196,196,196,196,196,46,46,46,46,46,46,46,46,46,46,46,46],"floor_reached":51,"playtime":2247,"items_purged":[],"score":894,"play_id":"06f28206-6571-4e79-8a99-c234251ef6d8","local_time":"20201223161716","daily_mods":["SealedDeck","Red Cards","Night Terrors"],"is_ascension_mode":false,"campfire_choices":[{"data":"LessonLearned","floor":8,"key":"SMITH"},{"data":"Shrug It Off","floor":11,"key":"SMITH"},{"data":"Rage","floor":13,"key":"SMITH"},{"data":"Iron Wave","floor":15,"key":"SMITH"},{"data":"PathToVictory","floor":32,"key":"SMITH"},{"data":"Prostrate","floor":42,"key":"SMITH"},{"data":"Shockwave","floor":49,"key":"SMITH"}],"circlet_count":0,"master_deck":["CrushJoints","SignatureMove+1","CutThroughFate","Evaluate+1","FollowUp+1","Rage+1","FollowUp+1","Shockwave+1","Shrug It Off+1","SashWhip","LessonLearned+1","Iron Wave+1","Iron Wave+1","Feed","Shrug It Off+1","Prostrate+1","PathToVictory","DeusExMachina+1","Spot Weakness+1","PathToVictory+1","DeusExMachina","PathToVictory+1","PathToVictory","Prostrate+1","PathToVictory+1","PathToVictory+1","Shockwave+1","TalkToTheHand","PathToVictory"],"relics":["PureWater","Golden Idol","Blue Candle","StrikeDummy","Question Card","StoneCalendar","Ectoplasm","Smiling Mask","Eternal Feather","Dead Branch","MealTicket","SlaversCollar","DollysMirror","CaptainsWheel","Nunchaku","Gambling Chip"],"acts_visited":["Exordium","TheCity","TheBeyond"],"potions_floor_usage":[14,33,50,50,50,50,50,50],"damage_taken":[{"damage":0,"enemies":"2 Louse","floor":1,"turns":2},{"damage":0,"enemies":"Jaw Worm","floor":2,"turns":2},{"damage":0,"enemies":"Small Slimes","floor":3,"turns":2},{"damage":0,"enemies":"2 Fungi Beasts","floor":5,"turns":3},{"damage":12,"enemies":"Gremlin Nob","floor":6,"turns":3},{"damage":6,"enemies":"Gremlin Gang","floor":10,"turns":4},{"damage":6,"enemies":"3 Sentries","floor":12,"turns":7},{"damage":0,"enemies":"Lagavulin","floor":14,"turns":4},{"damage":0,"enemies":"Hexaghost","floor":16,"turns":7},{"damage":0,"enemies":"Shell Parasite","floor":18,"turns":5},{"damage":0,"enemies":"3 Byrds","floor":19,"turns":5},{"damage":9,"enemies":"Slavers","floor":23,"turns":6},{"damage":0,"enemies":"Snecko","floor":24,"turns":5},{"damage":11,"enemies":"Gremlin Leader","floor":28,"turns":6},{"damage":0,"enemies":"Shelled Parasite and Fungi","floor":29,"turns":3},{"damage":34,"enemies":"Collector","floor":33,"turns":10},{"damage":10,"enemies":"3 Darklings","floor":35,"turns":5},{"damage":0,"enemies":"3 Shapes","floor":36,"turns":3},{"damage":2,"enemies":"Transient","floor":37,"turns":5},{"damage":10,"enemies":"Maw","floor":38,"turns":7},{"damage":1,"enemies":"Nemesis","floor":40,"turns":7},{"damage":0,"enemies":"Writhing Mass","floor":41,"turns":4},{"damage":0,"enemies":"Giant Head","floor":44,"turns":5},{"damage":0,"enemies":"Jaw Worm Horde","floor":46,"turns":3},{"damage":0,"enemies":"3 Darklings","floor":47,"turns":6},{"damage":7,"enemies":"Writhing Mass","floor":48,"turns":3},{"damage":13,"enemies":"Donu and Deca","floor":50,"turns":6}],"seed_played":"4926568582952100995","potions_obtained":[{"floor":1,"key":"EntropicBrew"},{"floor":2,"key":"Dexterity Potion"},{"floor":3,"key":"ColorlessPotion"},{"floor":14,"key":"StancePotion"},{"floor":16,"key":"DistilledChaos"},{"floor":37,"key":"SteroidPotion"},{"floor":38,"key":"DuplicationPotion"}],"is_trial":false,"path_per_floor":["M","M","M","?","M","E","?","R","T","M","R","E","R","E","R","B",null,"M","M","?","$","?","E","M","$","T","?","E","M","?","?","R","B",null,"M","M","M","M","$","E","M","R","T","E","$","M","M","M","R","B",null],"character_chosen":"WATCHER","items_purchased":["PathToVictory","Eternal Feather","DollysMirror"],"campfire_rested":0,"item_purchase_floors":[21,25,39],"current_hp_per_floor":[72,72,72,67,67,55,44,44,44,38,38,32,32,32,32,32,67,67,70,70,70,70,64,67,67,67,67,56,56,56,56,68,34,76,66,66,64,54,69,68,68,76,76,76,76,79,79,72,79,66],"gold":46,"neow_bonus":"","is_daily":true,"chose_seed":false,"campfire_upgraded":7,"win_rate":0.0,"timestamp":1608707836,"path_taken":["M","M","M","?","M","E","?","R","T","M","R","E","R","E","R","BOSS","M","M","?","$","?","E","M","$","T","?","E","M","?","?","R","BOSS","M","M","?","M","$","E","M","R","T","E","?","M","M","M","R","BOSS"],"items_purchased_type":["Card","Relic","Relic"],"build_version":"2020-12-22","purchased_purges":0,"victory":true,"max_hp_per_floor":[72,72,72,67,67,67,67,67,67,67,67,67,67,67,67,67,67,67,70,70,70,70,73,76,76,76,76,76,76,76,76,76,76,76,76,76,76,76,76,76,76,76,76,76,76,79,79,79,79,79],"card_choices":[{"not_picked":["Wallop","Blood for Blood","Sword Boomerang"],"picked":"SKIP","floor":1},{"not_picked":["Consecrate","Second Wind"],"picked":"SashWhip","floor":2},{"not_picked":["Burning Pact","Crescendo","WindmillStrike"],"picked":"SKIP","floor":3},{"not_picked":["Consecrate","Study","Evolve"],"picked":"SKIP","floor":5},{"not_picked":["Iron Wave","SandsOfTime"],"picked":"LessonLearned","floor":6},{"not_picked":["CrushJoints","Clash","Twin Strike"],"picked":"SKIP","floor":10},{"not_picked":["Power Through","Bloodletting"],"picked":"Iron Wave","floor":12},{"not_picked":["Blood for Blood","CutThroughFate","Flex"],"picked":"Iron Wave","floor":14},{"not_picked":["Fiend Fire","Blasphemy","Omniscience"],"picked":"Feed","floor":16},{"not_picked":["Havoc","Armaments","Cleave+1"],"picked":"Shrug It Off","floor":18},{"not_picked":["Thunderclap","Flex+1","Havoc+1"],"picked":"Prostrate","floor":19},{"not_picked":["Thunderclap","SashWhip","Crescendo+1"],"picked":"DeusExMachina","floor":23},{"not_picked":["FlurryOfBlows+1","FlyingSleeves","EmptyFist","BowlingBash"],"picked":"SKIP","floor":24},{"not_picked":["Consecrate","LikeWater","Thunderclap","Warcry+1"],"picked":"SKIP","floor":28},{"not_picked":["Blood for Blood","Vengeance","Heavy Blade+1"],"picked":"Spot Weakness+1","floor":29},{"not_picked":["SpiritShield","Exhume","Demon Form"],"picked":"DeusExMachina","floor":33},{"not_picked":["Feel No Pain","Warcry+1","EmptyFist+1"],"picked":"PathToVictory+1","floor":35},{"not_picked":["Dropkick","CarveReality","EmptyFist+1"],"picked":"PathToVictory","floor":36},{"not_picked":["BowlingBash+1","Thunderclap","SignatureMove","CutThroughFate+1"],"picked":"SKIP","floor":37},{"not_picked":["ClearTheMind","BattleHymn+1","CutThroughFate"],"picked":"Prostrate","floor":38},{"not_picked":["Weave+1","Corruption","Twin Strike+1"],"picked":"PathToVictory+1","floor":40},{"not_picked":["Clash+1","Body Slam+1","Shockwave+1","Twin Strike"],"picked":"SKIP","floor":41},{"not_picked":["Shrug It Off","Twin Strike+1","Body Slam+1","Shockwave"],"picked":"SKIP","floor":44},{"not_picked":["Shrug It Off","Twin Strike+1","Body Slam+1"],"picked":"Shockwave","floor":44},{"not_picked":["Study","InnerPeace","ThirdEye"],"picked":"TalkToTheHand","floor":46},{"not_picked":["Armaments+1","Cleave+1","Perfected Strike","Carnage+1"],"picked":"SKIP","floor":47},{"not_picked":["Protect+1","FlurryOfBlows","Warcry+1"],"picked":"PathToVictory","floor":48}],"player_experience":849625,"relics_obtained":[{"floor":6,"key":"Blue Candle"},{"floor":9,"key":"StrikeDummy"},{"floor":12,"key":"Question Card"},{"floor":14,"key":"StoneCalendar"},{"floor":23,"key":"Smiling Mask"},{"floor":26,"key":"Dead Branch"},{"floor":28,"key":"MealTicket"},{"floor":40,"key":"CaptainsWheel"},{"floor":43,"key":"Nunchaku"},{"floor":44,"key":"Gambling Chip"}],"event_choices":[{"damage_healed":0,"gold_gain":0,"player_choice":"Lose Max HP","damage_taken":0,"relics_obtained":["Golden Idol"],"max_hp_gain":0,"max_hp_loss":5,"event_name":"Golden Idol","floor":4,"gold_loss":0},{"damage_healed":0,"gold_gain":75,"player_choice":"Gather Gold","damage_taken":11,"max_hp_gain":0,"max_hp_loss":0,"event_name":"World of Goop","floor":7,"gold_loss":0},{"damage_healed":0,"gold_gain":0,"player_choice":"Ignored","damage_taken":0,"max_hp_gain":0,"max_hp_loss":0,"event_name":"Vampires","floor":20,"gold_loss":0},{"cards_removed":["Flex"],"damage_healed":0,"gold_gain":0,"player_choice":"Elegance","damage_taken":0,"max_hp_gain":0,"max_hp_loss":0,"event_name":"Back to Basics","floor":22,"gold_loss":0},{"damage_healed":0,"gold_gain":0,"player_choice":"Ignored","damage_taken":0,"max_hp_gain":0,"max_hp_loss":0,"event_name":"Ghosts","floor":27,"gold_loss":0},{"damage_healed":0,"gold_gain":0,"player_choice":"Ignored","damage_taken":0,"max_hp_gain":0,"max_hp_loss":0,"event_name":"Cursed Tome","floor":30,"gold_loss":0},{"damage_healed":0,"gold_gain":0,"player_choice":"Copied","damage_taken":0,"max_hp_gain":0,"max_hp_loss":0,"event_name":"Duplicator","floor":31,"gold_loss":0,"cards_obtained":["PathToVictory"]}],"is_beta":false,"boss_relics":[{"not_picked":["Busted Crown","Runic Pyramid"],"picked":"Ectoplasm"},{"not_picked":["VioletLotus","Astrolabe"],"picked":"SlaversCollar"}],"items_purged_floors":[],"is_endless":false,"potions_floor_spawned":[1,2,3,14,16,23,24,29,37,38,40,48],"ascension_level":0}}