{"host":"6z3lyu1ryohrpkr3","time":1608764115,"event":{"mods":["AchievementEnabler","BaseMod","Colored Map","Minty Spire (QoL Compilation)","Quick Restart"],"gold_per_floor":[117,29,49,63,74,74,86,111,111,124,181,198,198,198],"floor_reached":13,"playtime":1024,"items_purged":[],"score":114,"play_id":"02866144-97a2-4bf6-9c68-5e7893f4e10f","local_time":"20201223235515","is_ascension_mode":false,"campfire_choices":[{"data":"Devotion","floor":6,"key":"SMITH"}],"circlet_count":0,"master_deck":["Strike_P","Strike_P","Strike_P","Strike_P","Defend_P","Defend_P","Defend_P","Defend_P","Eruption","Vigilance","Writhe","Devotion+1","Prostrate","Prostrate","SandsOfTime","Prostrate"],"relics":["PureWater","Singing Bowl","Eternal Feather","Ginger","GoldenEye"],"acts_visited":["Exordium"],"potions_floor_usage":[8,8],"damage_taken":[{"damage":3,"enemies":"Jaw Worm","floor":1,"turns":4},{"damage":13,"enemies":"Cultist","floor":3,"turns":5},{"damage":2,"enemies":"Small Slimes","floor":4,"turns":3},{"damage":0,"enemies":"Blue Slaver","floor":5,"turns":4},{"damage":22,"enemies":"2 Fungi Beasts","floor":7,"turns":4},{"damage":0,"enemies":"Gremlin Nob","floor":8,"turns":1},{"damage":4,"enemies":"Red Slaver","floor":10,"turns":4},{"damage":15,"enemies":"Lagavulin Event","floor":11,"turns":4},{"damage":0,"enemies":"Large Slime","floor":12,"turns":5},{"damage":29,"enemies":"3 Sentries","floor":13,"turns":4}],"seed_played":"3061300353718468653","potions_obtained":[{"floor":3,"key":"FearPotion"},{"floor":7,"key":"SteroidPotion"},{"floor":11,"key":"Ancient Potion"},{"floor":12,"key":"Energy Potion"}],"is_trial":false,"path_per_floor":["M","?","M","M","M","R","M","E","T","M","?","M","E"],"character_chosen":"WATCHER","items_purchased":[],"campfire_rested":0,"item_purchase_floors":[],"current_hp_per_floor":[69,69,58,56,56,56,36,38,38,36,21,23,0,0],"gold":198,"neow_bonus":"THREE_RARE_CARDS","is_daily":false,"chose_seed":false,"campfire_upgraded":1,"win_rate":0.0,"timestamp":1608764115,"path_taken":["M","?","M","M","M","R","M","E","T","?","?","M","E"],"items_purchased_type":[],"build_version":"2020-12-22","purchased_purges":0,"victory":false,"max_hp_per_floor":[72,72,74,74,74,74,76,78,78,80,80,82,82,82],"card_choices":[{"not_picked":["Omniscience","ConjureBlade"],"picked":"Devotion","floor":0},{"not_picked":["CutThroughFate","FlyingSleeves"],"picked":"Prostrate","floor":1},{"not_picked":["Fasting2","CutThroughFate","EmptyBody"],"picked":"Singing Bowl","floor":3},{"not_picked":["Ragnarok","Meditate"],"picked":"Prostrate","floor":4},{"not_picked":["Weave","FollowUp"],"picked":"SandsOfTime","floor":5},{"not_picked":["Study","InnerPeace","JustLucky"],"picked":"Singing Bowl","floor":7},{"not_picked":["Indignation","PathToVictory","EmptyFist"],"picked":"Singing Bowl","floor":8},{"not_picked":["EmptyBody","ReachHeaven","CrushJoints"],"picked":"Singing Bowl","floor":10},{"not_picked":["EmptyFist","Protect"],"picked":"Prostrate","floor":11},{"not_picked":["SashWhip","Sanctity","Judgement"],"picked":"Singing Bowl","floor":12}],"player_experience":313836,"relics_obtained":[{"floor":8,"key":"Eternal Feather"},{"floor":9,"key":"Ginger"},{"floor":11,"key":"GoldenEye"}],"event_choices":[{"damage_healed":0,"gold_gain":0,"player_choice":"Paid Gold","damage_taken":0,"relics_obtained":["Singing Bowl"],"max_hp_gain":0,"max_hp_loss":0,"event_name":"WeMeetAgain","floor":2,"gold_loss":88},{"damage_healed":0,"gold_gain":0,"player_choice":"Searched \u00271\u0027 times","damage_taken":0,"max_hp_gain":0,"max_hp_loss":0,"event_name":"Dead Adventurer","floor":11,"gold_loss":0}],"is_beta":false,"boss_relics":[],"items_purged_floors":[],"is_endless":false,"potions_floor_spawned":[3,7,11,12],"killed_by":"3 Sentries","ascension_level":0}}