{"host":"kh6fvhxn285ncg0o","time":1608702081,"event":{"mods":["Act Like it!","BaseMod","Colored Map","Friendly Minions","Keyboard Shortcuts","Minty Spire (QoL Compilation)","Quick Restart","Relic Stats","StSLib","SuperFastMode"],"gold_per_floor":[118,118,130,55,55,55,83,83,106,133,133,151,171,197,197,197,197],"floor_reached":16,"playtime":3455,"items_purged":[],"score":286,"play_id":"e17a3e91-5610-4912-83e2-197c106af612","local_time":"20201223144121","is_ascension_mode":true,"campfire_choices":[{"data":"Body Slam","floor":6.0,"key":"SMITH"},{"data":"Flame Barrier","floor":8,"key":"SMITH"},{"data":"Shrug It Off","floor":11,"key":"SMITH"},{"data":"True Grit","floor":15,"key":"SMITH"}],"circlet_count":0,"master_deck":["AscendersBane","Strike_R","Strike_R","Defend_R","Defend_R","Defend_R","Defend_R","Bash","Body Slam+1","Flame Barrier+1","Offering","Shrug It Off+1","Shockwave","Power Through","True Grit+1"],"relics":["Burning Blood","Gambling Chip","Potion Belt","Eternal Feather","HornCleat"],"acts_visited":["Exordium"],"potions_floor_usage":[7,7,16],"damage_taken":[{"damage":6.0,"enemies":"2 Louse","floor":1.0,"turns":4.0},{"damage":8.0,"enemies":"Small Slimes","floor":3.0,"turns":6.0},{"damage":28,"enemies":"3 Sentries","floor":7,"turns":14},{"damage":6,"enemies":"Lagavulin","floor":10,"turns":7},{"damage":0,"enemies":"Cultist","floor":12,"turns":3},{"damage":7,"enemies":"Lots of Slimes","floor":13,"turns":4},{"damage":21,"enemies":"3 Sentries","floor":14,"turns":11},{"damage":53,"enemies":"Hexaghost","floor":16,"turns":11}],"seed_played":"-6522355995662249957","potions_obtained":[{"floor":1.0,"key":"ElixirPotion"},{"floor":3.0,"key":"EntropicBrew"},{"floor":10,"key":"AttackPotion"}],"is_trial":false,"path_per_floor":["M","?","M","?","?","R","E","R","T","E","R","M","M","E","R","B"],"character_chosen":"IRONCLAD","items_purchased":[],"campfire_rested":0,"item_purchase_floors":[],"current_hp_per_floor":[68,68,66,66,66,66,44,44,44,44,50,56,55,40,49,0,0],"gold":197,"neow_bonus":"REMOVE_TWO","is_daily":false,"chose_seed":false,"campfire_upgraded":4,"win_rate":0.0,"timestamp":1608702081,"path_taken":["M","?","M","?","?","R","E","R","T","E","R","M","M","E","R","BOSS"],"items_purchased_type":[],"build_version":"2020-12-13","purchased_purges":0,"victory":false,"max_hp_per_floor":[68,68,68,68,68,68,68,68,68,68,68,68,68,68,68,68,68],"relic_stats":{"counters":[8,60],"Gambling Chip":[21],"Eternal Feather":15,"obtain_stats":[{"Potion Belt":9,"HornCleat":14,"Gambling Chip":7,"Eternal Feather":10,"Burning Blood":0},{"Potion Belt":3,"HornCleat":7,"Gambling Chip":3,"Eternal Feather":4,"Burning Blood":0},{"Potion Belt":24,"HornCleat":49,"Gambling Chip":24,"Eternal Feather":31,"Burning Blood":0}],"Burning Blood":42},"card_choices":[{"not_picked":["Searing Blow","Inflame"],"picked":"Body Slam","floor":1.0},{"not_picked":["Twin Strike","Sever Soul"],"picked":"Flame Barrier","floor":3.0},{"not_picked":["Anger","Wild Strike"],"picked":"Shrug It Off","floor":7},{"not_picked":["Warcry","Havoc","Sever Soul"],"picked":"SKIP","floor":10},{"not_picked":["Shrug It Off","Pommel Strike"],"picked":"Shockwave","floor":12},{"not_picked":["Pommel Strike","Brutality"],"picked":"Power Through","floor":13},{"not_picked":["Warcry","Sentinel"],"picked":"True Grit","floor":14}],"player_experience":3222844,"relics_obtained":[{"floor":7,"key":"Gambling Chip"},{"floor":9,"key":"Potion Belt"},{"floor":10,"key":"Eternal Feather"},{"floor":14,"key":"HornCleat"}],"event_choices":[{"damage_healed":0.0,"max_hp_gain":0.0,"max_hp_loss":0.0,"gold_gain":0.0,"event_name":"Liars Game","player_choice":"Ignored","floor":2.0,"gold_loss":0.0,"damage_taken":0.0},{"cards_removed":["Strike_R"],"damage_healed":0.0,"max_hp_gain":0.0,"max_hp_loss":0.0,"gold_gain":0.0,"event_name":"The Cleric","player_choice":"Card Removal","floor":4.0,"gold_loss":75.0,"damage_taken":0.0},{"damage_healed":0.0,"max_hp_gain":0.0,"max_hp_loss":0.0,"gold_gain":0.0,"event_name":"Match and Keep!","player_choice":"1 cards matched","floor":5.0,"gold_loss":0.0,"damage_taken":0.0,"cards_obtained":["Offering"]}],"is_beta":false,"boss_relics":[],"items_purged_floors":[],"is_endless":false,"potions_floor_spawned":[1,3,10],"killed_by":"Hexaghost","ascension_level":20}}