{"host":"121m0oxswv9tg9hk","time":1608685515,"event":{"mods":["AchievementEnabler","BaseMod","Better Third Choice","Downfall","Hermit","Hubris","Infinite Spire","MarisaÅiñ∂âJÅ@ñÇóùçπÅj","Minty Spire (QoL Compilation)","Replay The Spire","Shade Mod","StSLib","The Construct","The Cursed","The Gatherer","The Hierophant","The Mystic"],"gold_per_floor":[110,128,78,78,1,28,28,47,96,110,137,151,151,165,165,262,262,279,279,40,58,58,71,71,25,49,49,80,96,112,125,125,227,227,239,239,239,289,305,305,320,320,320],"floor_reached":42,"playtime":3564,"items_purged":["Bite","construct:Tumble"],"score":581,"play_id":"b731726a-b5a0-4312-9559-c96cf6034f25","local_time":"20201223020515","is_ascension_mode":true,"campfire_choices":[{"data":"construct:Missile","floor":7,"key":"SMITH"},{"floor":13,"key":"REST"},{"data":"construct:Autoturret","floor":15,"key":"SMITH"},{"data":"construct:MassProduction","floor":24,"key":"SMITH"},{"data":"construct:Autoturret","floor":27,"key":"SMITH"},{"floor":32,"key":"REST"},{"floor":40,"key":"RECALL"}],"circlet_count":0,"master_deck":["construct:Defend_Gold","construct:Defend_Gold","construct:Defend_Gold","construct:Defend_Gold","construct:Defend_Gold","construct:AttackMode","construct:DefenseMode","construct:ShiftStrike","construct:VentSteam","construct:Missile+1","construct:ShiftGuard","construct:Accumulate","hubris:NaturalOne","construct:Autoturret+1","construct:Forcefield","construct:MassProduction+1","construct:Meltdown","Bite","Bite","Bite","Bite","Poisoned Strike","construct:Boost+1","construct:VentSteam+1","construct:Autoturret+1","construct:Zapper","construct:Forcefield+1","construct:ShieldBurst+1","construct:Stasis"],"relics":["construct:Cogwheel","NeowsBlessing","betterThird:SlimedRelic","hubris:Icosahedron","White Beast Statue","construct:MasterCore","construct:PurpleEmber","Replay:Grab Bag","ChewingGum","Busted Crown","Runic Pyramid","Ring of Chaos","infinitespire:PuzzleCube","FossilizedHelix","hubris:ScarierMask","Strawberry","Replay:Multitool"],"acts_visited":["Exordium","TheCity","TheBeyond"],"potions_floor_usage":[12,12,21,23,33,39],"damage_taken":[{"damage":0,"enemies":"Cultist","floor":1,"turns":1},{"damage":0,"enemies":"Jaw Worm","floor":2,"turns":1},{"damage":0,"enemies":"Replay:BlueRogue","floor":6,"turns":1},{"damage":0,"enemies":"Small Slimes","floor":8,"turns":3},{"damage":11,"enemies":"Blue Slaver","floor":10,"turns":2},{"damage":14,"enemies":"Lagavulin","floor":11,"turns":8},{"damage":10,"enemies":"Gremlin Gang","floor":12,"turns":3},{"damage":6,"enemies":"Exordium Thugs","floor":14,"turns":4},{"damage":14,"enemies":"The Guardian","floor":16,"turns":12},{"damage":7,"enemies":"3 Byrds","floor":18,"turns":4},{"damage":12,"enemies":"Shell Parasite","floor":21,"turns":5},{"damage":12,"enemies":"Snake Plant","floor":23,"turns":4},{"damage":0,"enemies":"Replay:Snechameleon","floor":28,"turns":7},{"damage":14,"enemies":"3 Cultists","floor":29,"turns":5},{"damage":17,"enemies":"Centurion and Healer","floor":30,"turns":16},{"damage":9,"enemies":"Snake Plant","floor":31,"turns":4},{"damage":21,"enemies":"Automaton","floor":33,"turns":18},{"damage":10,"enemies":"Orb Walker","floor":35,"turns":4},{"damage":0,"enemies":"Mind Bloom Boss Battle","floor":38,"turns":9},{"damage":16,"enemies":"3 Darklings","floor":39,"turns":8},{"damage":18,"enemies":"Spire Growth","floor":41,"turns":9},{"damage":70,"enemies":"Giant Head","floor":42,"turns":8}],"seed_played":"6065568411863587416","potions_obtained":[{"floor":6,"key":"sneckomod:MuddlingPotion"},{"floor":8,"key":"BlessingOfTheForge"},{"floor":10,"key":"Elixir"},{"floor":11,"key":"champ:CounterPotion"},{"floor":12,"key":"SneckoOil"},{"floor":14,"key":"Dexterity Potion"},{"floor":16,"key":"Slimebound:ThreeZeroPotion"},{"floor":18,"key":"DuplicationPotion"},{"floor":21,"key":"Adrenaline Potion"},{"floor":23,"key":"construct:MegaPotion"},{"floor":33,"key":"Block Potion"},{"floor":39,"key":"FearPotion"}],"is_trial":false,"path_per_floor":["M","M","?","?","$","E","R","M","T","M","E","M","R","M","R","B",null,"M","?","$","M","?","M","R","$","T","R","E","M","M","M","R","B",null,"M","?","AVR","?","M","R","M","E"],"character_chosen":"THE_CONSTRUCT_MOD","items_purchased":["construct:Missile","Poisoned Strike","construct:Autoturret"],"campfire_rested":2,"item_purchase_floors":[5,20,25],"current_hp_per_floor":[85,85,74,74,74,74,74,74,74,63,49,39,64,58,58,44,85,78,59,59,47,47,41,41,41,41,41,47,33,42,39,56,48,59,53,53,60,66,52,52,42,0,0],"gold":320,"neow_bonus":"THREE_ENEMY_KILL","is_daily":false,"chose_seed":false,"campfire_upgraded":4,"win_rate":0.0,"timestamp":1608685515,"path_taken":["M","M","?","?","$","E","R","?","T","M","E","M","R","M","R","BOSS","M","?","$","M","?","M","R","?","T","R","E","M","M","M","R","BOSS","M","?","AVR","?","M","R","M","E"],"items_purchased_type":["Card","Card","Card"],"build_version":"2020-12-13","purchased_purges":2,"victory":false,"max_hp_per_floor":[85,85,85,85,85,85,85,85,85,85,85,85,85,85,85,85,85,85,59,59,59,59,59,59,59,59,59,59,59,59,59,59,59,59,59,59,66,66,66,66,66,66,66],"card_choices":[{"not_picked":["construct:Construct_Overclock","construct:ForceCore"],"picked":"construct:ShiftStrike","floor":1},{"not_picked":["construct:FierceBash","construct:CriticalHit"],"picked":"construct:VentSteam","floor":2},{"not_picked":["construct:LongRangeLance","construct:Failsafe"],"picked":"construct:ShiftGuard","floor":6},{"not_picked":["construct:VentSteam","construct:Agitation"],"picked":"construct:Accumulate","floor":8},{"not_picked":["construct:ModeShift","construct:Versatility"],"picked":"construct:Autoturret","floor":10},{"not_picked":["construct:CreateCores","construct:Failsafe"],"picked":"construct:Forcefield","floor":11},{"not_picked":["construct:FocusedBeam","construct:ShiftStrike"],"picked":"construct:Tumble","floor":12},{"not_picked":["construct:Agitation","construct:PhosphorStorm"],"picked":"construct:MassProduction","floor":14},{"not_picked":["construct:HammerDown","construct:BatteryCore"],"picked":"construct:Meltdown","floor":16},{"not_picked":["construct:FlashFreeze+1"],"picked":"SKIP","floor":18},{"not_picked":[],"picked":"construct:Boost+1","floor":21},{"not_picked":[],"picked":"construct:VentSteam+1","floor":23},{"not_picked":["construct:Versatility"],"picked":"SKIP","floor":28},{"not_picked":["construct:Boost"],"picked":"SKIP","floor":29},{"not_picked":[],"picked":"construct:Zapper","floor":30},{"not_picked":[],"picked":"construct:Forcefield+1","floor":31},{"not_picked":[],"picked":"construct:ShieldBurst","floor":33},{"not_picked":["construct:Backfire+1"],"picked":"SKIP","floor":35},{"not_picked":[],"picked":"construct:Stasis","floor":38},{"not_picked":["construct:Backfire+1"],"picked":"SKIP","floor":39},{"not_picked":["construct:SyphonStrike+1"],"picked":"SKIP","floor":41}],"player_experience":2908854,"relics_obtained":[{"floor":6,"key":"White Beast Statue"},{"floor":9,"key":"construct:MasterCore"},{"floor":11,"key":"construct:PurpleEmber"},{"floor":26,"key":"infinitespire:PuzzleCube"},{"floor":28,"key":"FossilizedHelix"},{"floor":38,"key":"Replay:Multitool"}],"event_choices":[{"damage_healed":0,"gold_gain":0,"player_choice":"Slimed","damage_taken":11,"max_hp_gain":0,"max_hp_loss":0,"event_name":"betterThird:BetterGoop","floor":3,"gold_loss":50},{"damage_healed":0,"gold_gain":0,"player_choice":"Became a vampire","damage_taken":0,"max_hp_gain":0,"max_hp_loss":26,"event_name":"Vampires","floor":19,"gold_loss":0,"cards_obtained":["Bite","Bite","Bite","Bite","Bite"]},{"damage_healed":0,"gold_gain":0,"player_choice":"Ignored","damage_taken":0,"max_hp_gain":0,"max_hp_loss":0,"event_name":"Ghosts","floor":22,"gold_loss":0},{"damage_healed":0,"gold_gain":0,"player_choice":"Fight","damage_taken":0,"max_hp_gain":0,"max_hp_loss":0,"event_name":"MindBloom","floor":38,"gold_loss":0}],"is_beta":false,"boss_relics":[{"not_picked":["Black Star","hubris:CrackedHourglass"],"picked":"Replay:Grab Bag"},{"not_picked":["Abe\u0027s Treasure","infinitespire:Cupcake"],"picked":"ChewingGum"},{"not_picked":["Runic Dome","ReplayTheSpireMod:DimensionalGlitch"],"picked":"Busted Crown"},{"not_picked":["construct:ClawGrip","construct:WeddingRing"],"picked":"Runic Pyramid"},{"not_picked":["Replay:Drink Me","SlaversCollar"],"picked":"Ring of Chaos"},{"not_picked":["Replay:Ancient Bell","ReplayTheSpireMod:SealedPack"],"picked":"hubris:ScarierMask"}],"items_purged_floors":[20,37],"is_endless":false,"potions_floor_spawned":[6,8,10,11,12,14,16,18,21,23,28,29,30,31,33,35,38,39,41],"killed_by":"Giant Head","ascension_level":2}}