{"host":"konjmgczbcns2r3g","time":1608765288,"event":{"mods":["AchievementEnabler","BaseMod","Colored Powertips","Hermit","Infinite Spire","Minty Spire (QoL Compilation)","Replay The Spire","StSLib","The Cursed","The Necromancer","The Servant 0.9.4"],"gold_per_floor":[119,133,143,154,174,174,84,113,113,130,160,175,190,208,208,303,303,303,303],"floor_reached":18,"playtime":1818,"items_purged":[],"score":228,"play_id":"92676dbc-a400-4622-876c-dffb089ef8d8","local_time":"20201223181448","is_ascension_mode":false,"campfire_choices":[{"data":"Dagger Spray","floor":6.0,"key":"SMITH"},{"floor":15.0,"key":"DIG"}],"circlet_count":0,"master_deck":["Strike_G","Strike_G","Strike_G","Strike_G","Strike_G","Defend_G","Defend_G","Defend_G","Defend_G","Defend_G","Survivor","Neutralize","Pot Of Greed","Pot Of Greed","Flying Knee","Dodge and Roll","Dagger Spray+1","Dagger Throw","Infinite Blades","Fluid Movement","Cloak And Dagger","Accuracy","Toxin Wave","ReplayTheSpireMod:Shiv Toss","Deflect","Dodge and Roll","Pot Of Greed","ReplayTheSpireMod:Tripwire","Adrenaline"],"relics":["Ring of the Snake","Grinning Jar","Ancient Tea Set","infinitespire:CheckeredPen","Gambling Chip","ReplayTheSpireMod:Ninjato","Replay:Bronze Core"],"acts_visited":["Exordium","TheCity"],"potions_floor_usage":[],"damage_taken":[{"damage":0.0,"enemies":"Small Slimes","floor":1.0,"turns":4.0},{"damage":0.0,"enemies":"Cultist","floor":2.0,"turns":3.0},{"damage":7.0,"enemies":"infinitespire:Voidling","floor":3.0,"turns":6.0},{"damage":0.0,"enemies":"Blue Slaver","floor":4.0,"turns":5.0},{"damage":6.0,"enemies":"Large Slime","floor":5.0,"turns":7.0},{"damage":4.0,"enemies":"Lagavulin","floor":8.0,"turns":9.0},{"damage":0.0,"enemies":"Lots of Slimes","floor":10.0,"turns":3.0},{"damage":12.0,"enemies":"3 Sentries","floor":11.0,"turns":6.0},{"damage":3.0,"enemies":"2 Fungi Beasts","floor":12.0,"turns":3.0},{"damage":3.0,"enemies":"Blue Slaver","floor":13.0,"turns":3.0},{"damage":0.0,"enemies":"Gremlin Gang","floor":14.0,"turns":5.0},{"damage":0.0,"enemies":"Fading Forest","floor":16.0,"turns":11.0},{"damage":0,"enemies":"3 Byrds","floor":18,"turns":1}],"seed_played":"8158411378158974321","potions_obtained":[{"floor":1.0,"key":"PowerPotion"},{"floor":8.0,"key":"Block Potion"},{"floor":10.0,"key":"FearPotion"},{"floor":13.0,"key":"Languid Potion"},{"floor":14.0,"key":"ColorlessPotion"},{"floor":16.0,"key":"Swift Potion"}],"is_trial":false,"path_per_floor":["M","M","M","M","M","R","$","E","T","M","E","M","M","M","R","B",null,"M"],"character_chosen":"THE_SILENT","items_purchased":["Fluid Movement","Cloak And Dagger"],"campfire_rested":0,"item_purchase_floors":[7,7],"current_hp_per_floor":[70,70,70,70,64,64,64,60,60,60,48,45,42,42,42,42,70,70,70],"gold":303,"neow_bonus":"RANDOM_COMMON_RELIC","is_daily":false,"chose_seed":false,"campfire_upgraded":1,"win_rate":0.0,"timestamp":1608765288,"path_taken":["M","M","M","M","M","R","$","E","T","M","E","M","M","M","R","BOSS","M"],"items_purchased_type":["Card","Card"],"build_version":"2020-12-22","purchased_purges":0,"victory":false,"max_hp_per_floor":[70,70,70,70,70,70,70,70,70,70,70,70,70,70,70,70,70,70,70],"card_choices":[{"not_picked":["Predator","Deadly Poison"],"picked":"Flying Knee","floor":1.0},{"not_picked":["Sneak Up","Deadly Poison"],"picked":"Dodge and Roll","floor":2.0},{"not_picked":["Heel Hook","Deflect"],"picked":"Dagger Spray","floor":3.0},{"not_picked":["Expertise","Tactician"],"picked":"Dagger Throw","floor":4.0},{"not_picked":["Prepared","Sucker Punch"],"picked":"Infinite Blades","floor":5.0},{"not_picked":["Dodge and Roll","Footwork"],"picked":"Accuracy","floor":8.0},{"not_picked":["Sneak Up","Poisoned Stab"],"picked":"Toxin Wave","floor":10.0},{"not_picked":["Deadly Poison","Dagger Spray"],"picked":"ReplayTheSpireMod:Shiv Toss","floor":11.0},{"not_picked":["Unload","Catalyst"],"picked":"Deflect","floor":12.0},{"not_picked":["Dash","Sneak Up"],"picked":"Dodge and Roll","floor":13.0},{"not_picked":["Dodge and Roll","All Out Attack"],"picked":"ReplayTheSpireMod:Tripwire","floor":14.0},{"not_picked":["Corpse Explosion","A Thousand Cuts"],"picked":"Adrenaline","floor":16.0}],"player_experience":272418,"relics_obtained":[{"floor":8.0,"key":"Ancient Tea Set"},{"floor":9.0,"key":"infinitespire:CheckeredPen"},{"floor":11.0,"key":"Gambling Chip"},{"floor":15.0,"key":"ReplayTheSpireMod:Ninjato"}],"event_choices":[],"is_beta":false,"boss_relics":[{"not_picked":["Empty Cage","Painkiller Herb"],"picked":"Replay:Bronze Core"}],"items_purged_floors":[],"is_endless":false,"potions_floor_spawned":[1,8,10,13,14,16],"killed_by":"3 Byrds","ascension_level":0}}