{"host":"f5n4tidiz2n5sooh","time":1608719542,"event":{"mods":["BaseMod","Bestiary","Colored Map","Minty Spire (QoL Compilation)","Relic Stats","StSLib"],"gold_per_floor":[111,122,122,197,10,42,57,57,57,22,48,48,48,61,61,140,140,157,157,174,227,227,227,237,267,294,294,322,38,38,49,49,49,49],"floor_reached":33,"playtime":1860,"items_purged":["Strike_R","Strike_R"],"score":582,"play_id":"7f821e2b-45af-437e-82a2-d42a3a20dab7","local_time":"20201223043222","is_ascension_mode":true,"campfire_choices":[{"data":"Bash","floor":8,"key":"SMITH"},{"data":"Double Tap","floor":15,"key":"SMITH"},{"data":"Sword Boomerang","floor":23,"key":"SMITH"},{"data":"Power Through","floor":27,"key":"SMITH"},{"data":"Second Wind","floor":32,"key":"SMITH"}],"circlet_count":0,"master_deck":["AscendersBane","Strike_R","Strike_R","Defend_R","Defend_R","Defend_R","Defend_R","Bash+1","Cleave","Power Through+1","Clothesline","Spot Weakness","Double Tap+1","Sword Boomerang+1","Corruption","Heavy Blade","Shrug It Off+1","Feel No Pain","Pummel","Shrug It Off","Pain","Second Wind+1"],"relics":["Burning Blood","TungstenRod","Unceasing Top","Letter Opener","Red Skull","Kunai","Runic Pyramid","MealTicket","Enchiridion","Ancient Tea Set","Akabeko","FossilizedHelix","WarpedTongs"],"acts_visited":["Exordium","TheCity"],"potions_floor_usage":[6,6,11,16,18,20,28,28],"damage_taken":[{"damage":2,"enemies":"2 Louse","floor":1,"turns":4},{"damage":8,"enemies":"Jaw Worm","floor":2,"turns":4},{"damage":20,"enemies":"Gremlin Nob","floor":6,"turns":4},{"damage":4,"enemies":"Small Slimes","floor":7,"turns":3},{"damage":39,"enemies":"3 Sentries","floor":11,"turns":7},{"damage":0,"enemies":"Blue Slaver","floor":14,"turns":2},{"damage":14,"enemies":"Slime Boss","floor":16,"turns":9},{"damage":3,"enemies":"3 Byrds","floor":18,"turns":6},{"damage":20,"enemies":"Shell Parasite","floor":20,"turns":3},{"damage":0,"enemies":"Snecko","floor":24,"turns":2},{"damage":8,"enemies":"Book of Stabbing","floor":25,"turns":3},{"damage":19,"enemies":"Slavers","floor":28,"turns":4},{"damage":11,"enemies":"Snake Plant","floor":31,"turns":2},{"damage":38,"enemies":"Automaton","floor":33,"turns":8}],"seed_played":"1302800100666940630","potions_obtained":[{"floor":1,"key":"ElixirPotion"},{"floor":7,"key":"ColorlessPotion"},{"floor":14,"key":"Explosive Potion"},{"floor":16,"key":"DistilledChaos"},{"floor":18,"key":"DistilledChaos"},{"floor":24,"key":"BlessingOfTheForge"},{"floor":25,"key":"Energy Potion"}],"is_trial":false,"path_per_floor":["M","M","?","?","$","E","M","R","T","?","E","$","T","M","R","B",null,"M","?","M","T","?","R","M","E","T","R","E","$","?","M","R","B"],"character_chosen":"IRONCLAD","items_purchased":["Clothesline","SteroidPotion","Feel No Pain","Pummel","Shrug It Off"],"campfire_rested":0,"item_purchase_floors":[5,5,29,29,29],"current_hp_per_floor":[72,70,64,54,54,40,42,42,42,60,27,27,27,33,33,25,63,66,66,52,52,35,35,41,39,39,39,26,41,41,36,36,0,0],"gold":49,"neow_bonus":"ONE_RARE_RELIC","is_daily":false,"chose_seed":false,"campfire_upgraded":5,"win_rate":0.0,"timestamp":1608719542,"path_taken":["M","M","?","?","$","E","M","R","T","?","E","?","?","M","R","BOSS","M","?","?","?","?","R","M","E","T","R","E","?","?","?","R","BOSS"],"items_purchased_type":["Card","Potion","Card","Card","Card"],"build_version":"2020-12-22","purchased_purges":2,"victory":false,"max_hp_per_floor":[75,75,75,75,75,75,75,75,75,75,75,75,75,75,75,75,75,75,75,75,75,75,75,75,75,75,75,75,75,75,75,75,75,75],"relic_stats":{"counters":[14,61],"MealTicket":15,"Letter Opener":[40],"Kunai":[10],"obtain_stats":[{"Enchiridion":22,"Letter Opener":9,"Ancient Tea Set":25,"Burning Blood":0,"Akabeko":26,"WarpedTongs":30,"MealTicket":21,"Kunai":13,"TungstenRod":0,"Unceasing Top":6,"Red Skull":11,"FossilizedHelix":28,"Runic Pyramid":17},{"Enchiridion":9,"Letter Opener":4,"Ancient Tea Set":11,"Burning Blood":0,"Akabeko":11,"WarpedTongs":12,"MealTicket":9,"Kunai":5,"TungstenRod":0,"Unceasing Top":3,"Red Skull":5,"FossilizedHelix":12,"Runic Pyramid":7},{"Enchiridion":42,"Letter Opener":15,"Ancient Tea Set":47,"Burning Blood":0,"Akabeko":47,"WarpedTongs":51,"MealTicket":42,"Kunai":22,"TungstenRod":0,"Unceasing Top":12,"Red Skull":22,"FossilizedHelix":51,"Runic Pyramid":33}],"Burning Blood":78,"TungstenRod":58,"Unceasing Top":[0],"WarpedTongs":[10]},"card_choices":[{"not_picked":["Warcry","Twin Strike"],"picked":"Cleave","floor":1},{"not_picked":["Sword Boomerang","Clash"],"picked":"Power Through","floor":2},{"not_picked":["Pommel Strike","Rage"],"picked":"Spot Weakness","floor":6},{"not_picked":["Clash","Flex","Armaments"],"picked":"SKIP","floor":7},{"not_picked":["Rage","Iron Wave"],"picked":"Double Tap","floor":11},{"not_picked":["Disarm","Clothesline"],"picked":"Sword Boomerang","floor":14},{"not_picked":["Fiend Fire","Offering"],"picked":"Corruption","floor":16},{"not_picked":["Warcry","Searing Blow+1","Shrug It Off"],"picked":"SKIP","floor":18},{"not_picked":["Armaments","Shrug It Off"],"picked":"Heavy Blade","floor":20},{"not_picked":["Thunderclap","Clothesline"],"picked":"Shrug It Off+1","floor":24},{"not_picked":["Iron Wave","Clash","Sword Boomerang"],"picked":"SKIP","floor":25},{"not_picked":["Iron Wave+1","Headbutt","Bloodletting"],"picked":"SKIP","floor":28},{"not_picked":["Burning Pact","Flex"],"picked":"Second Wind","floor":31}],"player_experience":1919657,"relics_obtained":[{"floor":6,"key":"Unceasing Top"},{"floor":9,"key":"Letter Opener"},{"floor":11,"key":"Red Skull"},{"floor":13,"key":"Kunai"},{"floor":21,"key":"MealTicket"},{"floor":22,"key":"Enchiridion"},{"floor":25,"key":"Ancient Tea Set"},{"floor":26,"key":"Akabeko"},{"floor":28,"key":"FossilizedHelix"}],"event_choices":[{"cards_removed":["Writhe"],"damage_healed":0,"gold_gain":0,"player_choice":"Card Removal","damage_taken":7,"max_hp_gain":0,"max_hp_loss":0,"event_name":"Golden Wing","floor":3,"gold_loss":0},{"damage_healed":0,"gold_gain":75,"player_choice":"Gather Gold","damage_taken":11,"max_hp_gain":0,"max_hp_loss":0,"event_name":"World of Goop","floor":4,"gold_loss":0},{"damage_healed":18,"gold_gain":0,"player_choice":"Healed","damage_taken":0,"max_hp_gain":0,"max_hp_loss":0,"event_name":"The Cleric","floor":10,"gold_loss":35},{"cards_removed":["Strike_R"],"damage_healed":0,"gold_gain":0,"player_choice":"Card Removal","damage_taken":0,"max_hp_gain":0,"max_hp_loss":0,"event_name":"Wheel of Change","floor":19,"gold_loss":0},{"damage_healed":0,"gold_gain":0,"player_choice":"Obtained Book","damage_taken":21,"max_hp_gain":0,"max_hp_loss":0,"event_name":"Cursed Tome","floor":22,"gold_loss":0},{"damage_healed":0,"gold_gain":0,"player_choice":"Rummage","damage_taken":0,"relics_obtained":["WarpedTongs"],"max_hp_gain":0,"max_hp_loss":0,"event_name":"Accursed Blacksmith","floor":30,"gold_loss":0,"cards_obtained":["Pain"]}],"is_beta":false,"boss_relics":[{"not_picked":["Black Star","Tiny House"],"picked":"Runic Pyramid"}],"items_purged_floors":[5,29],"is_endless":false,"potions_floor_spawned":[1,7,14,16,18,24,25],"killed_by":"Automaton","ascension_level":20}}