{"host":"gww6ffkzfofersck","time":1608766275,"event":{"mods":["Astrologer","BaseMod","ChefMod","Colored Powertips","Conspire","Downfall","Ekko","Fiend Mod","Hermit","Highlight Path","Infinite Spire","Ironclad Rager","Minty Spire (QoL Compilation)","Pikachu Mod","Potionbrewer","Quick Restart","Replay The Spire","Shedinja","Shop Mod","StSLib","The Blackbeard","The Hierophant","The Necromancer","TheVacant","Wandering Minibosses"],"gold_per_floor":[99,109,14,25,44,44,92,104,142,139,151,174,186,231,260,272,272,272],"floor_reached":16,"playtime":1645,"items_purged":["Writhe"],"score":110,"play_id":"7ba2bc1f-eded-4901-94eb-aaf0573f522e","local_time":"20201223183115","is_ascension_mode":false,"campfire_choices":[{"data":"hexamod:Float","floor":1,"key":"SMITH"},{"data":"hexamod:Sear","floor":8,"key":"SMITH"},{"data":"hexamod:RadiantFlame","floor":11,"key":"SMITH"},{"data":"hexamod:HexaLevel","floor":13,"key":"SMITH"}],"circlet_count":0,"master_deck":["hexamod:Strike","hexamod:Strike","hexamod:Strike","hexamod:Strike","hexamod:Defend","hexamod:Defend","hexamod:Defend","hexamod:Defend","hexamod:Sear+1","hexamod:Float+1","hexamod:RadiantFlame+1","hexamod:Firestarter","hexamod:StepThrough","hexamod:HeatCrush","hexamod:HauntingEcho","infinitespire:Starlight","hexamod:SwordOfDarkness","hexamod:SpectersWail","hexamod:HexaLevel+1","hexamod:ExtraCrispy","hexamod:GhostflameBarrier"],"relics":["hexamod:SpiritBrand","ReplayTheSpireMod:CursedCoin","MawBank","Letter Opener","Golden Egg"],"acts_visited":["Exordium"],"potions_floor_usage":[14,16],"damage_taken":[{"damage":0,"enemies":"Cultist","floor":2,"turns":3},{"damage":0,"enemies":"downfall:FleeingMerchant","floor":3,"turns":4},{"damage":1,"enemies":"Small Slimes","floor":4,"turns":3},{"damage":5,"enemies":"Jaw Worm","floor":5,"turns":3},{"damage":22,"enemies":"3 Sentries","floor":9,"turns":7},{"damage":0,"enemies":"downfall:FleeingMerchant","floor":10,"turns":4},{"damage":19,"enemies":"Exordium Thugs","floor":12,"turns":6},{"damage":24,"enemies":"Lagavulin","floor":14,"turns":4},{"damage":0,"enemies":"Exordium Wildlife","floor":15,"turns":3},{"damage":53,"enemies":"downfall:Defect","floor":16,"turns":5}],"seed_played":"401790372296653621","potions_obtained":[{"floor":2,"key":"Weak Potion"},{"floor":4,"key":"champ:CounterPotion"},{"floor":5,"key":"potionbrewer:CleansingPotion"},{"floor":9,"key":"Explosive Potion"},{"floor":14,"key":"Death Potion"}],"is_trial":false,"path_per_floor":["R","M","$","M","M","?","T","R","E","$","R","M","R","E","M","B"],"character_chosen":"THE_SPIRIT","items_purchased":["hexamod:StepThrough","ReplayTheSpireMod:CursedCoin","hexamod:HeatCrush"],"campfire_rested":0,"item_purchase_floors":[3,3,3],"current_hp_per_floor":[77,77,77,76,71,52,52,52,40,50,50,41,41,27,37,0,0,0],"gold":272,"neow_bonus":"TEN_PERCENT_HP_BONUS","is_daily":false,"chose_seed":false,"campfire_upgraded":4,"win_rate":0.0,"timestamp":1608766275,"path_taken":["R","M","?","M","?","?","T","R","E","?","R","M","R","E","M","BOSS"],"items_purchased_type":["Card","Relic","Card"],"build_version":"2020-12-22","purchased_purges":1,"victory":false,"max_hp_per_floor":[77,77,77,77,77,77,77,77,77,77,77,77,77,77,77,77,77,77],"card_choices":[{"not_picked":["hexamod:Firestarter","hexamod:RainOfEmbers"],"picked":"hexamod:RadiantFlame","floor":2},{"not_picked":["hexamod:SwordOfDarkness","hexamod:SpectralAdrenaline"],"picked":"hexamod:Firestarter","floor":3},{"not_picked":["hexamod:ShieldOfDarkness","hexamod:GhostShield"],"picked":"hexamod:HauntingEcho","floor":4},{"not_picked":["hexamod:GhostShield","hexamod:GhostLash","hexamod:RetreatToShadows"],"picked":"SKIP","floor":5},{"not_picked":["infinitespire:FutureSight","infinitespire:Fortify"],"picked":"infinitespire:Starlight","floor":6},{"not_picked":["hexamod:GhostLash","hexamod:HauntingEcho"],"picked":"hexamod:SwordOfDarkness","floor":9},{"not_picked":["hexamod:Again","hexamod:GhostShield"],"picked":"hexamod:SpectersWail","floor":10},{"not_picked":["hexamod:EtherealExpedition","hexamod:EmpoweredFlame"],"picked":"hexamod:HexaLevel","floor":12},{"not_picked":["hexamod:HauntingEcho","hexamod:RadiantFlame"],"picked":"hexamod:ExtraCrispy","floor":14},{"not_picked":["hexamod:Firestarter","hexamod:InspiringFlames"],"picked":"hexamod:GhostflameBarrier","floor":15}],"player_experience":223814,"relics_obtained":[{"floor":7,"key":"MawBank"},{"floor":9,"key":"Letter Opener"},{"floor":14,"key":"Golden Egg"}],"event_choices":[],"is_beta":false,"boss_relics":[],"items_purged_floors":[3],"is_endless":false,"potions_floor_spawned":[2,4,5,9,14],"killed_by":"downfall:Defect","ascension_level":0}}