{"host":"dntw6kil9p09eemm","time":1608695864,"event":{"mods":["Alarm Clock","Aspiration","BaseMod","Colored Powertips","Downfall","Hermit","Hubris","Minty Spire (QoL Compilation)","Permanent Neow","Replay The Spire","Reworked Bosses","Shop Mod","Spicy Shops","StSLib","The Runesmith"],"gold_per_floor":[112,125,125,125,136,136,172,172,223,30,58,79,105,142,142,249,249,277,28,53,53,53,53],"floor_reached":21,"playtime":1131,"items_purged":[],"score":191,"play_id":"e87a475e-6682-487f-b616-256e2cefc4cc","local_time":"20201223125744","is_ascension_mode":false,"campfire_choices":[{"data":"hexamod:ExtraCrispy","floor":6,"key":"SMITH"},{"floor":8,"key":"REST"},{"floor":15,"key":"REST"}],"circlet_count":0,"master_deck":["hexamod:Strike","hexamod:Strike","hexamod:Strike","hexamod:Strike","hexamod:Defend","hexamod:Defend","hexamod:Defend","hexamod:Defend","hexamod:Sear","hexamod:Float+1","hexamod:ExtraCrispy+1","hexamod:SecondSeal","hexamod:PhantomFireball","hexamod:GhostflameBarrier","hexamod:RadiantFlame","hexamod:HexaLevel","hexamod:GhostflameInferno"],"relics":["hexamod:SpiritBrand","Lantern","BranchBurnRelic","aspiration:ChemicalBlood","Dream Catcher","Happy Flower","MerchantsRug","PreservedInsect","Black Star","Replay:Arrowhead","hexamod:JarOfFuel"],"acts_visited":["Exordium","TheCity"],"potions_floor_usage":[16,16,16,18,20],"damage_taken":[{"damage":0,"enemies":"Small Slimes","floor":1,"turns":3},{"damage":0,"enemies":"Jaw Worm","floor":2,"turns":3},{"damage":1,"enemies":"2 Louse","floor":5,"turns":2},{"damage":26,"enemies":"Gremlin Nob","floor":7,"turns":5},{"damage":6,"enemies":"Looter","floor":11,"turns":4},{"damage":4,"enemies":"2 Fungi Beasts","floor":12,"turns":4},{"damage":0,"enemies":"Blue Slaver","floor":13,"turns":3},{"damage":7,"enemies":"Replay:BlueRogue","floor":14,"turns":6},{"damage":57,"enemies":"Slime Boss","floor":16,"turns":13},{"damage":27,"enemies":"Chosen","floor":18,"turns":8},{"damage":26,"enemies":"3 Byrds","floor":20,"turns":6},{"damage":17,"enemies":"Centurion and Healer","floor":21,"turns":5}],"seed_played":"7259885930888577916","potions_obtained":[{"floor":2,"key":"Milkshake"},{"floor":12,"key":"Strength Potion"},{"floor":14,"key":"Regen Potion"},{"floor":16,"key":"Adrenaline Potion"},{"floor":16,"key":"Elixir"},{"floor":16,"key":"BlessingOfTheForge"},{"floor":18,"key":"SkillPotion"},{"floor":18,"key":"DuplicationPotion"}],"is_trial":false,"path_per_floor":["M","M","?","?","M","R","E","R","T","$","M","M","M","E","R","B",null,"M","$","M","M"],"character_chosen":"THE_SPIRIT","items_purchased":["Happy Flower","MerchantsRug","Replay:Arrowhead","hexamod:JarOfFuel"],"campfire_rested":2,"item_purchase_floors":[10,10,19,19],"current_hp_per_floor":[70,70,67,67,66,66,49,70,70,70,67,63,63,56,70,41,70,43,43,17,0,0,0],"gold":53,"neow_bonus":"RANDOM_COMMON_RELIC","is_daily":false,"chose_seed":false,"campfire_upgraded":1,"win_rate":0.0,"timestamp":1608695864,"path_taken":["M","M","?","?","M","R","E","R","T","$","M","M","M","E","R","BOSS","M","$","M","M"],"items_purchased_type":["Relic","Relic","Relic","Relic"],"build_version":"2020-12-13","purchased_purges":0,"victory":false,"max_hp_per_floor":[70,70,70,70,70,70,70,70,70,70,70,70,70,70,70,70,70,70,70,70,70,70,70],"card_choices":[{"not_picked":["hexamod:GhostShield","hexamod:SwordOfDarkness","hexamod:HauntingEcho"],"picked":"SKIP","floor":1},{"not_picked":["hexamod:ThermalTransfer","hexamod:NightmareStrike"],"picked":"hexamod:ExtraCrispy","floor":2},{"not_picked":["hexamod:GhostShield","hexamod:NightmareGuise"],"picked":"hexamod:SecondSeal","floor":5},{"not_picked":["hexamod:EmpoweredFlame","hexamod:TimeWarp"],"picked":"hexamod:PhantomFireball","floor":7},{"not_picked":["hexamod:Haunt","hexamod:AdvancingGuard"],"picked":"hexamod:GhostflameBarrier","floor":11},{"not_picked":["hexamod:ShieldOfDarkness","hexamod:NightmareStrike","hexamod:SwordOfDarkness"],"picked":"SKIP","floor":12},{"not_picked":["hexamod:ThermalTransfer","hexamod:SuperheatedStrike"],"picked":"hexamod:RadiantFlame","floor":13},{"not_picked":["hexamod:Rewind","hexamod:ParanormalForm","hexamod:RecurringNightmare"],"picked":"SKIP","floor":14},{"not_picked":["hexamod:GiftsFromTheDead","hexamod:CrushingStance"],"picked":"hexamod:HexaLevel","floor":16},{"not_picked":["hexamod:BacktrackSmack+1","hexamod:Hexaguard","hexamod:AdvancingGuard+1"],"picked":"SKIP","floor":18},{"not_picked":["hexamod:NightmareGuise","hexamod:GhostLash"],"picked":"hexamod:GhostflameInferno","floor":20}],"player_experience":438074,"relics_obtained":[{"floor":7,"key":"aspiration:ChemicalBlood"},{"floor":9,"key":"Dream Catcher"},{"floor":14,"key":"PreservedInsect"}],"event_choices":[{"damage_healed":0,"gold_gain":0,"player_choice":"Success","damage_taken":3,"relics_obtained":["Dead Branch"],"max_hp_gain":0,"max_hp_loss":0,"event_name":"Scrap Ooze","floor":3,"gold_loss":0}],"is_beta":false,"boss_relics":[{"not_picked":["aspiration:SecretTechniqueScroll","SacredBark"],"picked":"Black Star"}],"items_purged_floors":[],"is_endless":false,"potions_floor_spawned":[2,12,14,18],"killed_by":"Centurion and Healer","ascension_level":0}}