{"host":"fm9e0lfunjlbhzxv","time":1608702938,"event":{"mods":["2.2 Compatiblity","Astrologer","BaseMod","Colored Map","Colored Powertips","Downfall","Energized Spire","Gremlin Mod","Key Reminder","Minty Spire (QoL Compilation)","Permanent Neow","Rare Cards Sparkle","Relic Stats","StSLib","The Administrix","The Bug Knight","The Disciple","The Mystic","The Vixen","slay the spire mod where everything is the same but ironclad has a cowboy hat"],"gold_per_floor":[99,99,112,130,148,58,113,123,123,141,141,158,158,258,268,373,373,373,390,18,29,40,40,63,75,75,102,102,102],"floor_reached":28,"playtime":1706,"items_purged":["Slimebound:Icky","sneckomod:Strike"],"score":257,"play_id":"29a96ca1-dfb2-40fb-a11b-71b3dc324eae","local_time":"20201222215538","is_ascension_mode":false,"campfire_choices":[{"data":"sneckomod:UnlimitedRolls","floor":1,"key":"SMITH"},{"data":"sneckomod:MasterEye","floor":11,"key":"SMITH"},{"data":"sneckomod:WideSting","floor":13,"key":"SMITH"},{"data":"sneckomod:SerpentMind","floor":18,"key":"SMITH"},{"floor":23,"key":"REST"},{"floor":26,"key":"REST"}],"circlet_count":0,"master_deck":["sneckomod:Defend","sneckomod:Defend","sneckomod:TailWhip","sneckomod:SnekBite","sneckomod:Unknown","sneckomod:Unknown","sneckomod:UnlimitedRolls+1","sneckomod:UnknownCommonAttack","sneckomod:UnknownClassLichGold","sneckomod:Unknown0Cost","sneckomod:MasterEye+1","sneckomod:UnknownCommonAttack","sneckomod:UnknownVulnerable","sneckomod:WideSting+1","sneckomod:UnknownRarePower","sneckomod:UnknownUncommonPower","sneckomod:SerpentMind+1","sneckomod:CheapStock+1","sneckomod:Nope","sneckomod:Unknown1Cost","sneckomod:UnknownClassBUGKNIGHT_GRAY_COLOR","sneckomod:UnknownClassBUGKNIGHT_GRAY_COLOR+1","sneckomod:PureSnecko"],"relics":["sneckomod:SneckoSoul","Happy Flower","Empty Cage","Membership Card","Lantern","Oddly Smooth Stone","HollowMod:LifeEnderRelic"],"acts_visited":["Exordium","TheCity"],"potions_floor_usage":[10,15,16,21,27,28,28],"damage_taken":[{"damage":3,"enemies":"2 Louse","floor":3,"turns":3},{"damage":7,"enemies":"Cultist","floor":4,"turns":4},{"damage":8,"enemies":"Small Slimes","floor":5,"turns":3},{"damage":0,"enemies":"downfall:FleeingMerchant","floor":6,"turns":4},{"damage":4,"enemies":"2 Fungi Beasts","floor":8,"turns":3},{"damage":11,"enemies":"Blue Slaver","floor":10,"turns":3},{"damage":0,"enemies":"Large Slime","floor":12,"turns":5},{"damage":4,"enemies":"Gremlin Gang","floor":15,"turns":2},{"damage":51,"enemies":"downfall:Defect","floor":16,"turns":6},{"damage":16,"enemies":"Chosen","floor":19,"turns":5},{"damage":10,"enemies":"downfall:FleeingMerchant","floor":20,"turns":4},{"damage":34,"enemies":"Cultist and Chosen","floor":21,"turns":5},{"damage":37,"enemies":"Snake Plant","floor":22,"turns":4},{"damage":24,"enemies":"Centurion and Healer","floor":25,"turns":5},{"damage":52,"enemies":"Book of Stabbing","floor":27,"turns":5},{"damage":12,"enemies":"3 Cultists","floor":28,"turns":2}],"seed_played":"8005381241207999161","potions_obtained":[{"floor":4,"key":"Fire Potion"},{"floor":5,"key":"Guardian:BlockOnCardUsePotion"},{"floor":8,"key":"Weak Potion"},{"floor":16,"key":"Swift Potion"},{"floor":21,"key":"AttackPotion"},{"floor":22,"key":"Regen Potion"}],"is_trial":false,"path_per_floor":["R","?","M","M","M","$","T","M","?","M","R","M","R","?","M","B",null,"R","M","$","M","M","R","T","M","R","E","M"],"character_chosen":"THE_SNECKO","items_purchased":["Membership Card","Lantern","Fruit Juice","sneckomod:Unknown1Cost"],"campfire_rested":2,"item_purchase_floors":[20,20,20,20],"current_hp_per_floor":[90,95,93,87,80,80,80,77,78,67,67,68,68,68,65,14,102,102,86,77,48,12,44,44,21,54,2,0,0],"gold":102,"neow_bonus":"THREE_RARE_CARDS","is_daily":false,"chose_seed":false,"campfire_upgraded":4,"win_rate":0.0,"timestamp":1608702938,"path_taken":["R","?","M","M","M","$","T","M","?","?","R","M","R","?","M","BOSS","R","M","$","M","M","R","T","M","R","E","M"],"items_purchased_type":["Relic","Relic","Potion","Card"],"build_version":"2020-12-13","purchased_purges":2,"victory":false,"max_hp_per_floor":[90,95,96,97,98,98,98,99,100,100,100,101,101,101,102,102,102,102,102,103,108,109,109,109,110,110,110,110,110],"relic_stats":{"Happy Flower":[16],"counters":[16,63],"obtain_stats":[{"Lantern":20,"HollowMod:LifeEnderRelic":27,"Happy Flower":7,"Oddly Smooth Stone":24,"Membership Card":20,"sneckomod:SneckoSoul":0,"Empty Cage":17},{"Lantern":11,"HollowMod:LifeEnderRelic":15,"Happy Flower":4,"Oddly Smooth Stone":13,"Membership Card":11,"sneckomod:SneckoSoul":0,"Empty Cage":9},{"Lantern":42,"HollowMod:LifeEnderRelic":61,"Happy Flower":14,"Oddly Smooth Stone":51,"Membership Card":42,"sneckomod:SneckoSoul":0,"Empty Cage":33}]},"card_choices":[{"not_picked":["sneckomod:UnknownRarePower","sneckomod:Unknown3Cost"],"picked":"sneckomod:UnlimitedRolls","floor":0},{"not_picked":["sneckomod:UnknownCommonSkill","sneckomod:Unknown1Cost"],"picked":"sneckomod:UnknownCommonAttack","floor":3},{"not_picked":["sneckomod:Unknown1Cost","sneckomod:SoulRoll"],"picked":"sneckomod:UnknownClassLichGold","floor":4},{"not_picked":["sneckomod:DiceCrush","sneckomod:UnknownCommonAttack"],"picked":"sneckomod:Unknown0Cost","floor":5},{"not_picked":["sneckomod:UnknownClassGUARDIAN","sneckomod:Mudshield"],"picked":"sneckomod:MasterEye","floor":6},{"not_picked":["sneckomod:ImprovisedAttack","sneckomod:DiceBlock"],"picked":"sneckomod:UnknownCommonAttack","floor":8},{"not_picked":["sneckomod:UnknownClassASTROLOGER","sneckomod:DiceBlock"],"picked":"sneckomod:WideSting","floor":10},{"not_picked":["sneckomod:UnknownClassASTROLOGER","sneckomod:UnknownClassBUGKNIGHT_GRAY_COLOR"],"picked":"sneckomod:UnknownRarePower","floor":12},{"not_picked":["sneckomod:UnknownClassGREEN","sneckomod:SoulDraw"],"picked":"sneckomod:UnknownUncommonPower","floor":15},{"not_picked":["sneckomod:DangerNoodle","sneckomod:Unknown3Cost"],"picked":"sneckomod:SerpentMind","floor":16},{"not_picked":["sneckomod:UnknownCommonAttack","sneckomod:SoulRoll+1"],"picked":"sneckomod:CheapStock+1","floor":19},{"not_picked":["sneckomod:Unknown1Cost","sneckomod:UnknownBlock+1"],"picked":"sneckomod:Nope","floor":20},{"not_picked":["sneckomod:WideSting","sneckomod:DiceCrush","sneckomod:RainOfDice+1"],"picked":"SKIP","floor":21},{"not_picked":["sneckomod:RainOfDice","sneckomod:QuickBite"],"picked":"sneckomod:UnknownClassBUGKNIGHT_GRAY_COLOR","floor":22},{"not_picked":["sneckomod:UnknownCommonAttack","sneckomod:SoulCleanse"],"picked":"sneckomod:UnknownClassBUGKNIGHT_GRAY_COLOR+1","floor":25},{"not_picked":["sneckomod:Unknown1Cost","sneckomod:SerpentMind"],"picked":"sneckomod:PureSnecko","floor":27}],"player_experience":638778,"relics_obtained":[{"floor":7,"key":"Happy Flower"},{"floor":24,"key":"Oddly Smooth Stone"},{"floor":27,"key":"HollowMod:LifeEnderRelic"}],"event_choices":[{"damage_healed":0,"gold_gain":0,"player_choice":"Donut","damage_taken":0,"max_hp_gain":5,"max_hp_loss":0,"event_name":"Big Fish","floor":2,"gold_loss":0},{"damage_healed":0,"gold_gain":0,"cards_transformed":["sneckomod:Strike"],"player_choice":"Transformed","damage_taken":0,"max_hp_gain":0,"max_hp_loss":0,"event_name":"Transmorgrifier","floor":9,"gold_loss":0,"cards_obtained":["sneckomod:UnknownVulnerable"]}],"is_beta":false,"boss_relics":[{"not_picked":["Cursed Key","energizedSpire:DeadBattery"],"picked":"Empty Cage"}],"items_purged_floors":[6,20],"is_endless":false,"potions_floor_spawned":[4,5,8,12,16,21,22,25],"killed_by":"3 Cultists","ascension_level":0}}