{"host":"2d0rd30cigwncx1y","time":1608745341,"event":{"mods":["BaseMod","Colored Map","Colored Powertips","Downfall","MarisaÅiñ∂âJÅ@ñÇóùçπÅj","Minty Spire (QoL Compilation)","Replay The Spire","StSLib","The Alterego","The Marked","The Servant 0.9.4"],"gold_per_floor":[99,116,131,406,417,428,428,447,447,622,651,651,651,651,651],"floor_reached":13,"playtime":489,"items_purged":[],"score":94,"play_id":"6f987eb8-38d8-4c4a-bee6-6d03fc99ca2d","local_time":"20201223184221","is_ascension_mode":true,"campfire_choices":[{"data":"champ:Taunt","floor":1,"key":"SMITH"},{"data":"champ:StanceDance","floor":9,"key":"SMITH"},{"data":"champ:BringItOn","floor":12,"key":"SMITH"}],"circlet_count":0,"master_deck":["champ:Strike","champ:Strike","champ:Strike","champ:Strike","champ:Defend","champ:Defend","champ:Defend","champ:Defend","champ:Execute","champ:Taunt+1","champ:MurderStrike","champ:StanceDance+1","champ:RisingSlash","Regret","champ:BringItOn+1","champ:CalledShot","Doubt"],"relics":["champ:ChampionCrown","Bottled Tornado","Replay:Accelerometer"],"acts_visited":["Exordium"],"potions_floor_usage":[],"damage_taken":[{"damage":17,"enemies":"Jaw Worm","floor":2,"turns":4},{"damage":5,"enemies":"Cultist","floor":3,"turns":4},{"damage":10,"enemies":"2 Louse","floor":5,"turns":2},{"damage":5,"enemies":"Blue Slaver","floor":6,"turns":4},{"damage":37,"enemies":"Lots of Slimes","floor":8,"turns":5},{"damage":29,"enemies":"Lagavulin","floor":11,"turns":8},{"damage":2,"enemies":"Gremlin Nob","floor":13,"turns":1}],"seed_played":"4147686801068269428","potions_obtained":[{"floor":2,"key":"SpeedPotion"},{"floor":8,"key":"Venom Potion"}],"is_trial":false,"path_per_floor":["R","M","M","?","M","M","T","M","R","?","E","R","E"],"character_chosen":"THE_CHAMP","items_purchased":[],"campfire_rested":0,"item_purchase_floors":[],"current_hp_per_floor":[90,78,78,78,68,63,63,31,31,31,2,2,0,0,0],"gold":651,"neow_bonus":"ONE_RANDOM_RARE_CARD","is_daily":false,"chose_seed":false,"campfire_upgraded":3,"win_rate":0.0,"timestamp":1608745341,"path_taken":["R","M","M","?","M","M","T","?","R","?","E","R","E"],"items_purchased_type":[],"build_version":"2020-12-22","purchased_purges":0,"victory":false,"max_hp_per_floor":[90,90,90,90,90,90,90,90,90,90,90,90,90,90,90],"card_choices":[{"not_picked":["champ:GutPunch","champ:BringItOn"],"picked":"champ:StanceDance","floor":2},{"not_picked":["champ:ShieldSigil","champ:BerserkersShout"],"picked":"champ:RisingSlash","floor":3},{"not_picked":["champ:ViciousMockery","champ:GladiatorsShout"],"picked":"champ:BringItOn","floor":5},{"not_picked":["champ:HeartStrike","champ:GutPunch"],"picked":"champ:CalledShot","floor":6},{"not_picked":["champ:Encircle","champ:FocusedBerserking","champ:Backstep"],"picked":"SKIP","floor":8},{"not_picked":["champ:BerserkersShout","champ:HeartStrike","champ:BladeFlurry"],"picked":"SKIP","floor":11}],"player_experience":96424,"relics_obtained":[{"floor":7,"key":"Bottled Tornado"},{"floor":11,"key":"Replay:Accelerometer"}],"event_choices":[],"is_beta":false,"boss_relics":[],"items_purged_floors":[],"is_endless":false,"potions_floor_spawned":[2,8],"killed_by":"Gremlin Nob","ascension_level":2}}