{"host":"q6rs3in4l29iepap","time":1608767609,"event":{"mods":["Aspiration","BaseMod","BetterRewards","Colored Map","Downfall","Friendly Minions","Hermit","Hubris","Infinite Spire","Jorbs\u0027s Wanderer Trilogy","Minty Spire (QoL Compilation)","Replay The Spire","Shade Mod","StSLib","The Bug Knight","The Construct","The Cursed","The Disciple","The Hierophant","The Mystic","The Runesmith"],"gold_per_floor":[116,126,141,154,170,170,203,203,203,219,494,514,514,514,514,618,618,633,649,649,661,30,30,61,61,61,72,82,82,107,107,107,205,205,224,224,244,89,0,33,52,52,78,113,126,20,20,20,20],"floor_reached":48,"playtime":4052,"items_purged":[],"score":709,"play_id":"c3b91a1d-1990-4976-ba15-0b0436b2e288","local_time":"20201223155329","is_ascension_mode":false,"campfire_choices":[{"floor":6,"key":"RECALL"},{"data":"ReplayTheSpireMod:Brewmster","floor":8,"key":"SMITH"},{"floor":15,"key":"DIG"},{"floor":23,"key":"REST"},{"floor":25,"key":"REST"},{"data":"Demon Form","floor":32,"key":"SMITH"},{"floor":42,"key":"REST"},{"floor":47,"key":"REST"}],"circlet_count":0,"master_deck":["Bash","ReplayTheSpireMod:Brewmster+1","Thunderclap","Replay:Undeath\u0027s Touch+1","Cleave","ReplayTheSpireMod:Stacked","Anger","Iron Wave","Flex","Pommel Strike","Replay:Many Hands","Flame Barrier","Demon Form+1","Warcry","Clash","Warcry","Double Tap","infinitespire:OneForAll","Run Through","Battle Trance","Feel No Pain","Power Through","Iron Wave+1","Headbutt","infinitespire:OneForAll","Mayhem","Dramatic Entrance","Flex","Reaper","Spot Weakness","Double Tap","infinitespire:OneForAll+1","ReplayTheSpireMod:Stacked","Anger","Life Link","Demon Form","Infernal Blade","Shrug It Off+1","Life Link","Twin Strike+1","Heavy Blade+1","Anger+1","ReplayTheSpireMod:LeadingStrike+1","Seeing Red+1","Ghostly Armor","Ghostly Armor","Replay:Undeath\u0027s Touch+1"],"relics":["Burning Blood","Bronze Scales","HornCleat","aspiration:HummingbirdHeart","Dream Catcher","Juzu Bracelet","Pandora\u0027s Box","aspiration:RitualStick","hubris:TenFootPole","The Courier","Centennial Puzzle","infinitespire:Cupcake","hubris:Towel","Medical Kit","Red Mask","aspiration:FetidBarrel","Replay:Wax Seal","aspiration:SeaSaltIceCream","aspiration:Nostalgia","hermit:Momento"],"acts_visited":["Exordium","TheCity","TheBeyond"],"potions_floor_usage":[3,3,4,4,4,7,7,7,16,16,16,16,16,16,18,18,19,19,21,21,24,27,27,27,29,30,37,41,44,44,45,45,48,48,48],"damage_taken":[{"damage":0,"enemies":"Cultist","floor":1,"turns":3},{"damage":12,"enemies":"Small Slimes","floor":2,"turns":3},{"damage":0,"enemies":"2 Louse","floor":3,"turns":4},{"damage":0,"enemies":"Large Slime","floor":4,"turns":5},{"damage":0,"enemies":"3 Louse","floor":5,"turns":2},{"damage":5,"enemies":"Gremlin Nob","floor":7,"turns":4},{"damage":1,"enemies":"Blue Slaver","floor":10,"turns":3},{"damage":5,"enemies":"Looter","floor":12,"turns":3},{"damage":31,"enemies":"Slime Boss","floor":16,"turns":9},{"damage":5,"enemies":"2 Thieves","floor":18,"turns":4},{"damage":16,"enemies":"Shell Parasite","floor":19,"turns":4},{"damage":16,"enemies":"Centurion and Healer","floor":21,"turns":8},{"damage":15,"enemies":"Replay:Snechameleon","floor":24,"turns":4},{"damage":16,"enemies":"Shelled Parasite and Fungi","floor":27,"turns":5},{"damage":0,"enemies":"3 Cultists","floor":28,"turns":4},{"damage":0,"enemies":"Snake Plant","floor":29,"turns":1},{"damage":4,"enemies":"Gremlin Leader","floor":30,"turns":3},{"damage":68,"enemies":"Automaton","floor":33,"turns":8},{"damage":36,"enemies":"3 Darklings","floor":35,"turns":4},{"damage":2,"enemies":"3 Shapes","floor":37,"turns":4},{"damage":14,"enemies":"Nemesis","floor":40,"turns":5},{"damage":26,"enemies":"Jaw Worm Horde","floor":41,"turns":4},{"damage":85,"enemies":"Nightmare","floor":44,"turns":6},{"damage":20,"enemies":"Maw","floor":45,"turns":6},{"damage":1,"enemies":"infinitespire:Three Voidlings","floor":48,"turns":5},{"damage":54,"enemies":"Nightmare_Alpha","floor":48,"turns":4}],"seed_played":"410756689756477917","potions_obtained":[{"floor":7,"key":"Explosive Potion"},{"floor":12,"key":"PowerPotion"},{"floor":19,"key":"EssenceOfSteel"},{"floor":24,"key":"Swift Potion"},{"floor":27,"key":"Fire Potion"},{"floor":28,"key":"FairyPotion"},{"floor":35,"key":"Regen Potion"},{"floor":44,"key":"Energy Potion"}],"is_trial":false,"path_per_floor":["M","M","M","M","M","R","E","R","T","M","?","M","?","?","R_BF","B",null,"M","M","?","M","$","R","E","R","T","M","M","M","E","?","R","B",null,"M","?","M","$","?","E","M","R","T","NM","M","$","R","?"],"character_chosen":"IRONCLAD","items_purchased":["ReplayTheSpireMod:Brewmster","Bronze Scales","Replay:Undeath\u0027s Touch+1","HornCleat","hubris:TenFootPole","Mayhem","Dramatic Entrance","Flex","Reaper","Block Potion","Life Link","Medical Kit","Ghostly Armor","DistilledChaos"],"campfire_rested":4,"item_purchase_floors":[0,0,0,0,22,22,22,22,22,22,38,38,46,46],"current_hp_per_floor":[58,52,58,64,70,70,71,71,71,75,75,75,75,75,75,50,75,75,65,50,40,40,62,53,75,75,65,71,75,75,75,75,13,75,45,45,66,66,66,58,38,60,60,39,25,25,47,0,0],"gold":20,"neow_bonus":"","is_daily":false,"chose_seed":false,"campfire_upgraded":2,"win_rate":0.0,"timestamp":1608767609,"path_taken":["M","M","?","M","M","R","E","R","T","M","?","?","?","?","R_BF","BOSS","M","M","?","M","$","R","E","R","T","M","M","M","E","?","R","BOSS","M","?","M","$","?","E","M","R","T","NM","M","?","R","?"],"items_purchased_type":["Card","Relic","Card","Relic","Relic","Card","Card","Card","Card","Potion","Card","Relic","Card","Potion"],"build_version":"2020-12-13","purchased_purges":0,"victory":false,"max_hp_per_floor":[75,75,75,75,75,75,75,75,75,75,75,75,75,75,75,75,75,75,75,75,75,75,75,75,75,75,75,75,75,75,75,75,75,75,75,75,75,75,75,75,75,75,75,75,75,75,75,75,75],"card_choices":[{"not_picked":["Clothesline","Warcry"],"picked":"Cleave","floor":1},{"not_picked":["True Grit","Run Through"],"picked":"ReplayTheSpireMod:Stacked","floor":2},{"not_picked":["Blood for Blood","True Grit"],"picked":"Anger","floor":3},{"not_picked":["Perfected Strike","Blood for Blood"],"picked":"Iron Wave","floor":4},{"not_picked":["Clothesline","ReplayTheSpireMod:Limb From Limb"],"picked":"Flex","floor":5},{"not_picked":["Hemokinesis","hubris:SharpeningStone"],"picked":"Pommel Strike","floor":7},{"not_picked":["Inflame","Entrench"],"picked":"Replay:Many Hands","floor":10},{"not_picked":["Heavy Blade","Twin Strike"],"picked":"Flame Barrier","floor":12},{"not_picked":["Double Tap","Juggernaut"],"picked":"Demon Form","floor":16},{"not_picked":["hubris:CleavingFinish","Heavy Blade"],"picked":"Iron Wave+1","floor":18},{"not_picked":["Sever Soul","Pommel Strike"],"picked":"Headbutt","floor":19},{"not_picked":["Heavy Blade","Thunderclap"],"picked":"infinitespire:OneForAll","floor":21},{"not_picked":["Dual Wield+1","Massacre+1"],"picked":"Spot Weakness","floor":23},{"not_picked":["Sword Boomerang+1","Clash"],"picked":"Double Tap","floor":24},{"not_picked":["Sword Boomerang","Replay:Undeath\u0027s Touch"],"picked":"infinitespire:OneForAll+1","floor":25},{"not_picked":["Cleave","Wild Strike+1"],"picked":"ReplayTheSpireMod:Stacked","floor":27},{"not_picked":["Body Slam","Flex+1"],"picked":"Anger","floor":28},{"not_picked":["Headbutt","Seeing Red"],"picked":"Life Link","floor":30},{"not_picked":["Immolate","Offering"],"picked":"Demon Form","floor":33},{"not_picked":["infinitespire:OneForAll+1","Sword Boomerang+1"],"picked":"Infernal Blade","floor":35},{"not_picked":["Body Slam+1","Wild Strike"],"picked":"Shrug It Off+1","floor":37},{"not_picked":["Fiend Fire","Clothesline+1"],"picked":"Twin Strike+1","floor":40},{"not_picked":["Pommel Strike","Uppercut"],"picked":"Heavy Blade+1","floor":41},{"not_picked":["Wild Strike","Flex"],"picked":"Anger+1","floor":42},{"not_picked":["Blood for Blood","Hemokinesis"],"picked":"ReplayTheSpireMod:LeadingStrike+1","floor":44},{"not_picked":["Pummel+1","Barricade"],"picked":"Seeing Red+1","floor":45},{"not_picked":["Iron Wave","Thunderclap"],"picked":"Replay:Undeath\u0027s Touch+1","floor":47}],"player_experience":114621,"relics_obtained":[{"floor":7,"key":"aspiration:HummingbirdHeart"},{"floor":9,"key":"Dream Catcher"},{"floor":15,"key":"Juzu Bracelet"},{"floor":24,"key":"The Courier"},{"floor":30,"key":"Centennial Puzzle"},{"floor":40,"key":"aspiration:FetidBarrel"},{"floor":43,"key":"Replay:Wax Seal"},{"floor":44,"key":"aspiration:SeaSaltIceCream"}],"event_choices":[{"damage_healed":0,"gold_gain":275,"player_choice":"Desecrate","damage_taken":0,"max_hp_gain":0,"max_hp_loss":0,"event_name":"Golden Shrine","floor":11,"gold_loss":0,"cards_obtained":["Regret"]},{"damage_healed":0,"gold_gain":0,"player_choice":"Leave","damage_taken":0,"max_hp_gain":0,"max_hp_loss":0,"event_name":"The Cleric","floor":14,"gold_loss":0},{"damage_healed":0,"gold_gain":0,"player_choice":"Paid","damage_taken":0,"relics_obtained":["Red Mask"],"max_hp_gain":0,"max_hp_loss":0,"event_name":"Tomb of Lord Red Mask","floor":39,"gold_loss":89}],"is_beta":false,"boss_relics":[{"not_picked":["Tiny House","Mark of Pain"],"picked":"Pandora\u0027s Box"},{"not_picked":["Replay:Wanted Poster","Runic Dome"],"picked":"infinitespire:Cupcake"}],"items_purged_floors":[],"is_endless":false,"potions_floor_spawned":[4,5,7,12,19,24,27,28,35,37,44],"killed_by":"Nightmare_Alpha","ascension_level":0}}