{"host":"1kq2ingo3j45gyyp","time":1608693587,"event":{"mods":["BaseMod","Better Note","Better Third Choice","Minty Spire (QoL Compilation)","StSLib","The Gatherer"],"gold_per_floor":[109,109,284,137,153,153,187,41,66,82,94,113,113,42,42,146,196,216,228,228,228,228,228,228],"floor_reached":22,"playtime":709,"items_purged":["Doubt"],"score":259,"play_id":"b2750107-bfe8-4c5d-af38-b12fbad70815","local_time":"20201222221947","daily_mods":["SealedDeck"],"is_ascension_mode":false,"metric_token":401,"campfire_choices":[{"data":"Gatherer:EnergyBasket","floor":6,"key":"SMITH"},{"data":"Gatherer:Liquidism","floor":13,"key":"SMITH"},{"data":"Gatherer:Liquidism","floor":15,"key":"SMITH"}],"circlet_count":0,"master_deck":["Gatherer:FlowerShield","Gatherer:FragileHammer","Gatherer:BalancedGrowth","Gatherer:AlchemyTrial","Gatherer:QuickSynthesis","Gatherer:QuickSynthesis","Gatherer:EnergyBasket+1","Gatherer:EnergyBasket","Gatherer:QuickSynthesis","Gatherer:SealedBomb","Gatherer:Liquidism+1","Gatherer:Liquidism+1","Gatherer:QuickSynthesis","Gatherer:EnergyBasket","Gatherer:Liquidism","Gatherer:FlamingBottle+1","Gatherer:QuickSynthesis","Necronomicurse"],"relics":["Gatherer:AlchemyBag","Boot","PreservedInsect","Medical Kit","Regal Pillow","Tiny House","Necronomicon"],"acts_visited":["Exordium","TheCity"],"potions_floor_usage":[],"damage_taken":[{"damage":0,"enemies":"Cultist","floor":1,"turns":3},{"damage":4,"enemies":"Small Slimes","floor":5,"turns":3},{"damage":0,"enemies":"Lagavulin","floor":7,"turns":4},{"damage":3,"enemies":"Jaw Worm","floor":10,"turns":2},{"damage":10,"enemies":"2 Fungi Beasts","floor":11,"turns":3},{"damage":9,"enemies":"Exordium Wildlife","floor":12,"turns":5},{"damage":24,"enemies":"Hexaghost","floor":16,"turns":5},{"damage":18,"enemies":"Shell Parasite","floor":18,"turns":5},{"damage":34,"enemies":"Chosen","floor":19,"turns":5},{"damage":8,"enemies":"Masked Bandits","floor":22,"turns":2}],"seed_played":"-8902894697015013095","potions_obtained":[{"floor":10,"key":"Dexterity Potion"},{"floor":12,"key":"Strength Potion"},{"floor":16,"key":"SmokeBomb"}],"is_trial":true,"path_per_floor":["M","T","?","$","M","R","E","$","T","M","M","M","R","$","R","B",null,"M","M","?","?","?"],"character_chosen":"THE_GATHERER","items_purchased":["Gatherer:Liquidism","Medical Kit","Gatherer:Liquidism"],"campfire_rested":0,"item_purchase_floors":[4,8,14],"current_hp_per_floor":[72,72,72,72,68,68,68,68,68,65,55,46,46,46,46,22,77,59,25,25,9,1,1,1],"gold":228,"neow_bonus":"","is_daily":false,"chose_seed":false,"campfire_upgraded":3,"win_rate":0.0,"timestamp":1608693587,"path_taken":["M","?","?","$","M","R","E","$","T","M","M","M","R","?","R","BOSS","M","M","?","?","?"],"items_purchased_type":["Card","Relic","Card"],"build_version":"2020-12-13","purchased_purges":1,"victory":false,"max_hp_per_floor":[72,72,72,72,72,72,72,72,72,72,72,72,72,72,72,72,77,77,77,77,77,77,77,77],"card_choices":[{"not_picked":["Gatherer:FruitForce","Gatherer:BambuSword"],"picked":"Gatherer:Liquidism","floor":1},{"not_picked":["Gatherer:Uplift","Gatherer:RecoveryHerb","Gatherer:Snatch"],"picked":"SKIP","floor":5},{"not_picked":["Gatherer:Photoscythe","Gatherer:CarefulStrike"],"picked":"Gatherer:QuickSynthesis","floor":7},{"not_picked":["Gatherer:QuickSynthesis","Gatherer:FlowerShield"],"picked":"Gatherer:EnergyBasket","floor":10},{"not_picked":["Gatherer:PotentialSlash","Gatherer:GatherMaterial","Gatherer:OddSpoils"],"picked":"SKIP","floor":11},{"not_picked":["Gatherer:Enchant","Gatherer:GlowingPlant","Gatherer:CollectorsShot"],"picked":"SKIP","floor":12},{"not_picked":["Gatherer:GrowBook","Gatherer:LuckyClover"],"picked":"Gatherer:FlamingBottle","floor":16},{"not_picked":["Gatherer:ScentOfRosmari","Gatherer:AlchemyTrial"],"picked":"Gatherer:QuickSynthesis","floor":17},{"not_picked":["Gatherer:Duplicator+1","Gatherer:BigPouch","Gatherer:PotentialSlash"],"picked":"SKIP","floor":18},{"not_picked":["Gatherer:PotentialSlash+1","Gatherer:FlowerFalling+1","Gatherer:FragileHammer"],"picked":"SKIP","floor":19}],"player_experience":815809,"relics_obtained":[{"floor":2,"key":"Boot"},{"floor":7,"key":"PreservedInsect"},{"floor":9,"key":"Regal Pillow"},{"floor":21,"key":"Necronomicon"}],"event_choices":[{"damage_healed":0,"gold_gain":175,"player_choice":"AGREE","damage_taken":109,"max_hp_gain":0,"max_hp_loss":0,"event_name":"betterThird:BetterSerpent","floor":3,"gold_loss":0},{"damage_healed":0,"gold_gain":0,"player_choice":"Ignored","damage_taken":0,"max_hp_gain":0,"max_hp_loss":0,"event_name":"betterNote:BetterNote","floor":20,"gold_loss":0,"cards_obtained":["Blind"]},{"damage_healed":0,"gold_gain":0,"player_choice":"Obtained Book","damage_taken":16,"max_hp_gain":0,"max_hp_loss":0,"event_name":"Cursed Tome","floor":21,"gold_loss":0},{"damage_healed":0,"gold_gain":0,"player_choice":"Fought Bandits","damage_taken":0,"max_hp_gain":0,"max_hp_loss":0,"event_name":"Masked Bandits","floor":22,"gold_loss":0}],"is_beta":false,"boss_relics":[{"not_picked":["Velvet Choker","Coffee Dripper"],"picked":"Tiny House"}],"items_purged_floors":[4],"is_endless":false,"potions_floor_spawned":[10,12,16],"killed_by":"Masked Bandits","ascension_level":0}}