{"host":"cbs04hxbqwdiijvt","time":1608697938,"event":{"mods":["AchievementEnabler","BaseMod","Colored Map","Minty Spire (QoL Compilation)","StSLib","SuperFastMode","everything is the same but u backflip on backflip"],"gold_per_floor":[111,111,36,50,50,50,66,66,66,66,77,95,123,123,123,202,202,218,118,43,58,71,71,71,101,179,179,250,83,100,111,111,188,188,204,221,221,275,108,108,133,133,133,133,147,147,176,193,193,193,193],"floor_reached":52,"playtime":2798,"items_purged":["Defend_G","Strike_G","Flying Knee+1"],"score":2381,"play_id":"b2cee5b3-16a5-4ec3-8852-ceab542934e7","local_time":"20201223133218","is_ascension_mode":true,"campfire_choices":[{"data":"Acrobatics","floor":6.0,"key":"SMITH"},{"floor":8.0,"key":"REST"},{"data":"Tactician","floor":10.0,"key":"SMITH"},{"data":"Acrobatics","floor":15.0,"key":"SMITH"},{"data":"Neutralize","floor":23.0,"key":"SMITH"},{"data":"Well Laid Plans","floor":32.0,"key":"SMITH"},{"floor":40.0,"key":"REST"},{"data":"Reflex","floor":42.0,"key":"SMITH"},{"data":"After Image","floor":44.0,"key":"SMITH"},{"data":"Blur","floor":49.0,"key":"SMITH"}],"circlet_count":0,"master_deck":["AscendersBane","Defend_G+1","Survivor","Neutralize+1","Tactician+1","Dagger Throw+1","Acrobatics+1","Backflip","Acrobatics+1","Backstab","Predator","Masterful Stab+1","Dodge and Roll+1","Deflect","PiercingWail","Well Laid Plans+1","Backflip+1","Reflex+1","Terror","Blur+1","After Image+1","Tactician+1"],"relics":["Ring of the Snake","Mercury Hourglass","Paper Crane","Astrolabe","Shuriken","Bottled Flame","Blue Candle","Centennial Puzzle","HoveringKite","TungstenRod","Nunchaku","Toxic Egg 2","Akabeko"],"acts_visited":["Exordium","TheCity","TheBeyond"],"potions_floor_usage":[50,51],"damage_taken":[{"damage":2.0,"enemies":"Jaw Worm","floor":1.0,"turns":6.0},{"damage":0.0,"enemies":"2 Louse","floor":4.0,"turns":3.0},{"damage":0.0,"enemies":"Small Slimes","floor":7.0,"turns":2.0},{"damage":0.0,"enemies":"Looter","floor":11.0,"turns":2.0},{"damage":10.0,"enemies":"Exordium Thugs","floor":12.0,"turns":5.0},{"damage":5.0,"enemies":"3 Sentries","floor":13.0,"turns":4.0},{"damage":49.0,"enemies":"Slime Boss","floor":16.0,"turns":9.0},{"damage":7.0,"enemies":"3 Byrds","floor":18.0,"turns":4.0},{"damage":0.0,"enemies":"Shell Parasite","floor":21.0,"turns":2.0},{"damage":12.0,"enemies":"Cultist and Chosen","floor":22.0,"turns":5.0},{"damage":0.0,"enemies":"Gremlin Leader","floor":25.0,"turns":3.0},{"damage":0.0,"enemies":"Chosen and Byrds","floor":30.0,"turns":4.0},{"damage":8.0,"enemies":"Snake Plant","floor":31.0,"turns":2.0},{"damage":0.0,"enemies":"Champ","floor":33.0,"turns":8.0},{"damage":16.0,"enemies":"3 Shapes","floor":35.0,"turns":4.0},{"damage":0.0,"enemies":"3 Darklings","floor":36.0,"turns":3.0},{"damage":20.0,"enemies":"2 Orb Walkers","floor":38.0,"turns":4.0},{"damage":0.0,"enemies":"Giant Head","floor":41.0,"turns":5.0},{"damage":0.0,"enemies":"Writhing Mass","floor":45.0,"turns":4.0},{"damage":0.0,"enemies":"Reptomancer","floor":47.0,"turns":6.0},{"damage":0.0,"enemies":"Spire Growth","floor":48.0,"turns":2.0},{"damage":0,"enemies":"Awakened One","floor":50,"turns":10},{"damage":0,"enemies":"Donu and Deca","floor":51,"turns":8}],"seed_played":"-4726394011909129598","potions_obtained":[{"floor":4.0,"key":"SteroidPotion"},{"floor":13.0,"key":"Fruit Juice"},{"floor":16.0,"key":"SteroidPotion"},{"floor":25.0,"key":"GhostInAJar"},{"floor":30.0,"key":"Weak Potion"},{"floor":38.0,"key":"BlessingOfTheForge"},{"floor":41.0,"key":"LiquidMemories"}],"is_trial":false,"path_per_floor":["M","?","$","M","?","R","M","R","T","R","M","M","E","?","R","B",null,"M","$","?","M","M","R","?","E","T","?","T","$","M","M","R","B",null,"M","M","?","?","$","R","E","R","T","R","M","?","E","M","R","B","B",null],"character_chosen":"THE_SILENT","items_purchased":["Centennial Puzzle","Blur"],"campfire_rested":2,"item_purchase_floors":[29,39],"current_hp_per_floor":[42,42,42,42,22,22,22,41,41,41,41,31,26,48,48,4,54,47,47,47,47,35,35,35,35,35,35,35,35,35,27,27,27,60,44,44,44,24,24,45,45,45,45,45,45,45,45,45,45,45,45],"gold":193,"neow_bonus":"TRANSFORM_TWO_CARDS","is_daily":false,"chose_seed":false,"campfire_upgraded":8,"win_rate":0.0,"timestamp":1608697938,"path_taken":["M","?","$","M","?","R","M","R","T","R","M","M","E","?","R","BOSS","M","$","?","M","M","R","?","E","T","?","?","$","M","M","R","BOSS","M","M","?","?","$","R","E","R","T","R","M","?","E","M","R","BOSS","BOSS"],"items_purchased_type":["Relic","Card"],"build_version":"2020-12-13","purchased_purges":3,"victory":true,"max_hp_per_floor":[66,66,66,66,66,66,66,66,66,66,66,66,66,66,66,71,71,71,71,71,71,71,71,71,71,71,71,71,71,71,71,71,71,71,71,71,71,71,71,71,71,71,71,71,71,67,67,67,67,67,67],"card_choices":[{"not_picked":["Deflect","Deadly Poison"],"picked":"Acrobatics","floor":1.0},{"not_picked":["Poisoned Stab","Flying Knee","Dagger Throw"],"picked":"SKIP","floor":4.0},{"not_picked":["Burst","Caltrops"],"picked":"Backflip","floor":7.0},{"not_picked":["Backstab","Sucker Punch"],"picked":"Acrobatics","floor":11.0},{"not_picked":["Blade Dance","Deadly Poison"],"picked":"Backstab","floor":12.0},{"not_picked":["Concentrate","Blade Dance"],"picked":"Predator","floor":13.0},{"not_picked":["Setup","Deadly Poison","Riddle With Holes"],"picked":"SKIP","floor":18.0},{"not_picked":["Caltrops","Noxious Fumes+1"],"picked":"Deflect","floor":21.0},{"not_picked":["Catalyst","Sucker Punch+1","Expertise"],"picked":"SKIP","floor":22.0},{"not_picked":["PiercingWail","Outmaneuver","Quick Slash"],"picked":"SKIP","floor":25.0},{"not_picked":["Quick Slash","Concentrate","Catalyst"],"picked":"SKIP","floor":30.0},{"not_picked":["PiercingWail","Dodge and Roll"],"picked":"Well Laid Plans","floor":31.0},{"not_picked":["Deflect","Sucker Punch"],"picked":"Backflip+1","floor":35.0},{"not_picked":["Deflect","Deadly Poison"],"picked":"Reflex","floor":36.0},{"not_picked":["Cloak And Dagger","Tools of the Trade"],"picked":"Terror","floor":38.0},{"not_picked":["Dash","Terror+1"],"picked":"After Image","floor":41.0},{"not_picked":["Backstab","Blade Dance+1"],"picked":"Tactician+1","floor":45.0},{"not_picked":["Bouncing Flask+1","Finisher","Accuracy"],"picked":"SKIP","floor":47.0},{"not_picked":["Poisoned Stab","Catalyst+1","Bane+1"],"picked":"SKIP","floor":48.0}],"player_experience":605855,"relics_obtained":[{"floor":9.0,"key":"Mercury Hourglass"},{"floor":13.0,"key":"Paper Crane"},{"floor":25.0,"key":"Shuriken"},{"floor":26.0,"key":"Bottled Flame"},{"floor":28.0,"key":"Blue Candle"},{"floor":38.0,"key":"TungstenRod"},{"floor":41.0,"key":"Nunchaku"},{"floor":43.0,"key":"Toxic Egg 2"},{"floor":47.0,"key":"Akabeko"}],"event_choices":[{"cards_removed":["Strike_G"],"damage_healed":0.0,"max_hp_gain":0.0,"max_hp_loss":0.0,"gold_gain":0.0,"event_name":"Living Wall","player_choice":"Forget","floor":2.0,"gold_loss":0.0,"damage_taken":0.0},{"damage_healed":0.0,"max_hp_gain":0.0,"max_hp_loss":0.0,"gold_gain":0.0,"event_name":"Shining Light","player_choice":"Entered Light","floor":5.0,"gold_loss":0.0,"damage_taken":20.0,"cards_upgraded":["Defend_G","Dagger Throw"]},{"damage_healed":22.0,"max_hp_gain":0.0,"max_hp_loss":0.0,"gold_gain":0.0,"event_name":"Big Fish","player_choice":"Banana","floor":14.0,"gold_loss":0.0,"damage_taken":0.0},{"cards_removed":["Defend_G"],"damage_healed":0.0,"max_hp_gain":0.0,"max_hp_loss":0.0,"gold_gain":0.0,"event_name":"Beggar","player_choice":"Gave Gold","floor":20.0,"gold_loss":75.0,"damage_taken":0.0},{"damage_healed":0.0,"max_hp_gain":0.0,"max_hp_loss":0.0,"gold_gain":0.0,"event_name":"The Library","player_choice":"Read","floor":24.0,"gold_loss":0.0,"damage_taken":0.0,"cards_obtained":["PiercingWail"]},{"damage_healed":0.0,"max_hp_gain":0.0,"max_hp_loss":0.0,"gold_gain":0.0,"event_name":"Cursed Tome","player_choice":"Ignored","floor":27.0,"gold_loss":0.0,"damage_taken":0.0},{"damage_healed":0.0,"max_hp_gain":0.0,"max_hp_loss":0.0,"gold_gain":0.0,"event_name":"Tomb of Lord Red Mask","player_choice":"Ignored","floor":37.0,"gold_loss":0.0,"damage_taken":0.0},{"damage_healed":0.0,"max_hp_gain":0.0,"max_hp_loss":0.0,"gold_gain":0.0,"event_name":"Mysterious Sphere","player_choice":"Fight","floor":38.0,"gold_loss":0.0,"damage_taken":0.0},{"damage_healed":0.0,"max_hp_gain":0.0,"max_hp_loss":4.0,"gold_gain":0.0,"event_name":"Winding Halls","player_choice":"Max HP","floor":46.0,"gold_loss":0.0,"damage_taken":0.0}],"is_beta":false,"boss_relics":[{"not_picked":["SacredBark","Black Star"],"picked":"Astrolabe"},{"not_picked":["Fusion Hammer","SlaversCollar"],"picked":"HoveringKite"}],"items_purged_floors":[3,19,39],"is_endless":false,"potions_floor_spawned":[4,13,16,25,30,38,41,45],"ascension_level":20}}