{"host":"85gsg7iislfawqi4","time":1608750623,"event":{"mods":["AchievementEnabler","Aspiration","BaseMod","Beaked The Cultist","Better Altar","Better Match","Better Note","Better Sensory Stone","Better Skull","Better Third Choice","BetterRewards","CCEM","Colored Map","Conspire","Downfall","GifTheSpireLib","Googly Eyes","Highlight Path","Hubris","Infinite Spire","Minty Spire (QoL Compilation)","Permanent Neow","Replay The Spire","Spicy Shops","StSLib","Stuff the Spire","Unceasing Turn Reminder"],"gold_per_floor":[113,131,131,131,142,168,168,196,196,215,230,230,75,92,92,193,193,210,221,234,234,254,254,272,272,272,272,299,318,318,330,330,435,435,446,446,446,513,513,547,547,557,557,591,606,39,55,70,70,70,70,70,70,104,104],"floor_reached":56,"playtime":5429,"items_purged":["beaked:Strike_Y","beaked:Strike_Y"],"score":1241,"play_id":"1881c6a6-6b8d-4890-9878-757383a31ef6","local_time":"20201223201023","is_ascension_mode":false,"campfire_choices":[{"data":"ReplayTheSpireMod:Wings of Steel","floor":7,"key":"SMITH"},{"data":"beaked:MaddeningMurmurs","floor":15,"key":"SMITH"},{"data":"beaked:MachineEssence","floor":23,"key":"SMITH"},{"data":"beaked:CrazyRituals","floor":25,"key":"SMITH"},{"floor":30,"key":"RECALL"},{"data":"infinitespire:UltimateForm","floor":41,"key":"SMITH"},{"data":"Apotheosis","floor":49,"key":"SMITH"},{"data":"Enlightenment","floor":52,"key":"SMITH"}],"circlet_count":0,"master_deck":["beaked:Strike_Y","beaked:Strike_Y","beaked:Strike_Y","beaked:Defend_Y","beaked:Defend_Y","beaked:Defend_Y","beaked:Defend_Y","beaked:Ceremony","beaked:CrazyRituals","beaked:CrazyRituals+1","Enlightenment+1","ReplayTheSpireMod:Wings of Steel+1","beaked:Insight","beaked:Flinch","beaked:CrazyRituals+1","beaked:MaddeningMurmurs+1","beaked:MachineEssence+1","beaked:RuinSticks+1","beaked:Recite+1","beaked:Foresight","beaked:Overpower","beaked:MachineEssence","beaked:MaddeningMurmurs","beaked:FeelMyPain+1","beaked:VolatileMisfortune","beaked:Struggle+1","infinitespire:UltimateForm+1","beaked:Insight","beaked:Foresight","beaked:Tweet","beaked:Resilience+1","beaked:Resilience+1","Apotheosis+1","Parasite","beaked:Molting+1","beaked:BraceForImpact+1","beaked:Windmill+1"],"relics":["beaked:MendingPlumage","StuffTheSpire:RedRose","Nunchaku","Meat on the Bone","hubris:GrandSneckoEye","Nloth\u0027s Gift","hubris:SphereOfDissonance","ChewingGum","Vajra","Potion Belt","ReplayTheSpireMod:Ninjato","CCEMRelics:TechnogenicHelmet","Pet Ghost","TungstenRod","Replay:PocketPolymizer"],"acts_visited":["Exordium","TheCity","TheBeyond","TheEnding"],"potions_floor_usage":[8,8,14,18,28,33,33,40,40,40,40,54,54,55,55,55,55,55,55,55],"damage_taken":[{"damage":6,"enemies":"Jaw Worm","floor":1,"turns":3},{"damage":2,"enemies":"conspire:RoseBush","floor":2,"turns":3},{"damage":9,"enemies":"Small Slimes","floor":5,"turns":4},{"damage":45,"enemies":"Lagavulin","floor":6,"turns":6},{"damage":7,"enemies":"Replay:BlueRogue","floor":8,"turns":4},{"damage":6,"enemies":"Red Slaver","floor":10,"turns":6},{"damage":4,"enemies":"Blue Slaver","floor":11,"turns":5},{"damage":20,"enemies":"Looter","floor":14,"turns":4},{"damage":18,"enemies":"Slime Boss","floor":16,"turns":8},{"damage":22,"enemies":"3 Byrds","floor":18,"turns":5},{"damage":34,"enemies":"Chosen","floor":19,"turns":4},{"damage":47,"enemies":"Snake Plant","floor":20,"turns":4},{"damage":37,"enemies":"Centurion and Healer","floor":22,"turns":7},{"damage":14,"enemies":"Snecko","floor":24,"turns":6},{"damage":26,"enemies":"Slavers","floor":28,"turns":4},{"damage":40,"enemies":"Cultist and Chosen","floor":29,"turns":6},{"damage":30,"enemies":"conspire:HollyBat","floor":31,"turns":7},{"damage":78,"enemies":"Champ","floor":33,"turns":7},{"damage":55,"enemies":"Orb Walker","floor":35,"turns":5},{"damage":69,"enemies":"Nemesis","floor":40,"turns":7},{"damage":27,"enemies":"3 Darklings","floor":42,"turns":4},{"damage":113,"enemies":"beaked:SuperParasite","floor":44,"turns":8},{"damage":62,"enemies":"Maw","floor":45,"turns":6},{"damage":58,"enemies":"Writhing Mass","floor":47,"turns":5},{"damage":9,"enemies":"4 Shapes","floor":48,"turns":3},{"damage":122,"enemies":"conspire:OrnateMirror","floor":50,"turns":7},{"damage":102,"enemies":"Shield and Spear","floor":54,"turns":8},{"damage":101,"enemies":"The Heart","floor":55,"turns":8}],"seed_played":"-4446236569091686952","potions_obtained":[{"floor":2,"key":"SkillPotion"},{"floor":5,"key":"infinitespire:BlackPotion"},{"floor":6,"key":"Swift Potion"},{"floor":12,"key":"Adrenaline Potion"},{"floor":12,"key":"champ:CounterPotion"},{"floor":12,"key":"Slimebound:ThreeZeroPotion"},{"floor":19,"key":"SpeedPotion"},{"floor":20,"key":"CultistPotion"},{"floor":20,"key":"BlessingOfTheForge"},{"floor":28,"key":"Reflective Coating"},{"floor":38,"key":"Languid Potion"},{"floor":45,"key":"hexamod:EctoCoolerPotion"},{"floor":47,"key":"hexamod:EctoCoolerPotion"}],"is_trial":false,"path_per_floor":["M","M","?","?","M","E","R","E","T","M","M","?","$","M","R","B",null,"M","M","M","?","M","R","M","R","T","?","E","M","R","M","R_BF","B",null,"M","?","AVR","?","?","E","R","M","T","E","M","$","M","M","R_BF","B",null,"R","$","E","B",null],"character_chosen":"BEAKED_THE_CULTIST","items_purchased":["beaked:CrazyRituals","Apotheosis","TungstenRod","EntropicBrew"],"campfire_rested":0,"item_purchase_floors":[13,46,46,46],"current_hp_per_floor":[50,48,48,48,50,25,25,33,33,44,50,50,50,45,45,50,50,43,44,32,32,47,47,50,50,50,50,50,50,50,50,50,50,50,42,42,42,30,50,50,50,31,31,49,45,45,50,50,50,32,50,50,50,50,50],"gold":104,"neow_bonus":"RANDOM_COLORLESS","is_daily":false,"chose_seed":false,"campfire_upgraded":7,"win_rate":0.0,"timestamp":1608750623,"path_taken":["M","M","?","?","M","E","R","E","T","M","M","?","$","?","R","BOSS","M","M","M","?","M","R","M","R","T","?","E","M","R","M","R_BF","BOSS","M","?","AVR","?","?","E","R","M","T","E","?","?","?","M","R_BF","BOSS","R","$","E","BOSS"],"items_purchased_type":["Card","Card","Relic","Potion"],"build_version":"2020-12-22","purchased_purges":2,"victory":true,"max_hp_per_floor":[50,50,50,50,50,50,50,50,50,50,50,50,50,50,50,50,50,50,50,50,50,50,50,50,50,50,50,50,50,50,50,50,50,50,50,50,50,50,50,50,50,50,50,50,50,50,50,50,50,50,50,50,50,50,50],"card_choices":[{"not_picked":["expansioncontent:Sear","expansioncontent:ChargeUp"],"picked":"Enlightenment","floor":0},{"not_picked":["beaked:SacrificialAttack","beaked:MimicWarrior","beaked:Resilience"],"picked":"SKIP","floor":1},{"not_picked":["beaked:DigDeep","beaked:Poke","beaked:SacrificialDive"],"picked":"SKIP","floor":2},{"not_picked":["beaked:Poke","beaked:Redirect","beaked:Cower"],"picked":"SKIP","floor":5},{"not_picked":["beaked:DigDeeper","beaked:HuntressEssence"],"picked":"ReplayTheSpireMod:Wings of Steel","floor":6},{"not_picked":["beaked:FeelMyPain","beaked:ShadowFade"],"picked":"beaked:Insight","floor":8},{"not_picked":["beaked:FeelMyPain","beaked:BounceBack"],"picked":"beaked:Flinch","floor":10},{"not_picked":["beaked:Brace","beaked:CursingBlood","ReplayTheSpireMod:Prepare the Ceremony"],"picked":"SKIP","floor":11},{"not_picked":["beaked:Brace","beaked:Flinch"],"picked":"beaked:MaddeningMurmurs","floor":14},{"not_picked":["beaked:FullHouse","beaked:DarkPact"],"picked":"beaked:MachineEssence","floor":16},{"not_picked":["beaked:Negation","beaked:StunningBlow"],"picked":"beaked:RuinSticks+1","floor":18},{"not_picked":["beaked:CursingBlood","beaked:BarbedWire+1","beaked:Resilience"],"picked":"SKIP","floor":19},{"not_picked":["beaked:Evade+1","beaked:Insight"],"picked":"beaked:Recite+1","floor":20},{"not_picked":["beaked:Hexing","beaked:Brace"],"picked":"beaked:Foresight","floor":22},{"not_picked":["beaked:Cower","beaked:MimicMachine"],"picked":"beaked:Overpower","floor":24},{"not_picked":["beaked:DarkPact","beaked:Negation"],"picked":"beaked:MachineEssence","floor":28},{"not_picked":["ReplayTheSpireMod:Wings of Steel+1","beaked:Evade+1"],"picked":"beaked:MaddeningMurmurs","floor":29},{"not_picked":["beaked:RuinSticks","beaked:Evade"],"picked":"beaked:FeelMyPain+1","floor":31},{"not_picked":["beaked:FakeOut","beaked:LiftOff"],"picked":"beaked:VolatileMisfortune","floor":33},{"not_picked":["beaked:BraceForImpact+1","beaked:MimicHuntress"],"picked":"beaked:Struggle+1","floor":35},{"not_picked":["beaked:SurvivalInstinct","beaked:Cower+1"],"picked":"beaked:Insight","floor":38},{"not_picked":["beaked:SurvivalInstinct","ReplayTheSpireMod:RavenHex+1"],"picked":"beaked:Foresight","floor":38},{"not_picked":["ReplayTheSpireMod:RavenHex","ReplayTheSpireMod:Owlgaze"],"picked":"beaked:Tweet","floor":40},{"not_picked":["beaked:Replenish+1","beaked:Cower+1","beaked:Poke"],"picked":"SKIP","floor":42},{"not_picked":["beaked:RitualOfBody","beaked:ScreechingChant"],"picked":"beaked:Resilience+1","floor":44},{"not_picked":["beaked:FakeOut","beaked:Cower+1"],"picked":"beaked:Resilience+1","floor":45},{"not_picked":["beaked:WindBringer+1","beaked:FeelMyPain"],"picked":"beaked:Molting+1","floor":47},{"not_picked":["beaked:BounceBack+1","beaked:WindBringer"],"picked":"beaked:BraceForImpact+1","floor":48},{"not_picked":["beaked:Overpower+1","beaked:SacrificialDive"],"picked":"beaked:Windmill+1","floor":54}],"player_experience":317763,"relics_obtained":[{"floor":6,"key":"StuffTheSpire:SapphireSignet"},{"floor":8,"key":"Nunchaku"},{"floor":9,"key":"Meat on the Bone"},{"floor":28,"key":"hubris:SphereOfDissonance"},{"floor":38,"key":"Potion Belt"},{"floor":40,"key":"ReplayTheSpireMod:Ninjato"},{"floor":43,"key":"CCEMRelics:TechnogenicHelmet"},{"floor":44,"key":"Pet Ghost"},{"floor":54,"key":"Replay:PocketPolymizer"}],"event_choices":[{"cards_removed":["Regret"],"damage_healed":0,"gold_gain":0,"player_choice":"Forget","damage_taken":0,"max_hp_gain":0,"max_hp_loss":0,"event_name":"Living Wall","floor":4,"gold_loss":0},{"damage_healed":0,"gold_gain":0,"player_choice":"Got Potions","damage_taken":0,"max_hp_gain":0,"max_hp_loss":0,"event_name":"Lab","floor":12,"gold_loss":0},{"damage_healed":0,"gold_gain":0,"player_choice":"Traded Relic","damage_taken":0,"relics_obtained":["Nloth\u0027s Gift"],"max_hp_gain":0,"max_hp_loss":0,"event_name":"N\u0027loth","floor":21,"relics_lost":["StuffTheSpire:SapphireSignet"],"gold_loss":0},{"cards_removed":["beaked:Strike_Y"],"damage_healed":0,"gold_gain":0,"player_choice":"Purged","damage_taken":0,"max_hp_gain":0,"max_hp_loss":0,"event_name":"Purifier","floor":27,"gold_loss":0},{"damage_healed":0,"gold_gain":0,"player_choice":"Ignored","damage_taken":0,"max_hp_gain":0,"max_hp_loss":0,"event_name":"Tomb of Lord Red Mask","floor":36,"gold_loss":0},{"damage_healed":20,"gold_gain":0,"player_choice":"Full Heal","damage_taken":0,"max_hp_gain":0,"max_hp_loss":0,"event_name":"Wheel of Change","floor":39,"gold_loss":0}],"is_beta":false,"boss_relics":[{"not_picked":["conspire:SlowCooker","Replay:Drink Me"],"picked":"hubris:GrandSneckoEye"},{"not_picked":["Coffee Dripper","Astrolabe"],"picked":"ChewingGum"}],"items_purged_floors":[13,37],"is_endless":false,"potions_floor_spawned":[2,5,6,19,20,22,28,45,47],"ascension_level":0}}