{"host":"njruw0b0uprlitpx","time":1608741490,"event":{"mods":["2.2 Compatiblity","Astrologer","BaseMod","Better Altar","Better Match","Better Note","Better Sensory Stone","Better Skull","Better Third Choice","BetterRewards","Block Reminder","Colored Map","Colored Powertips","Ekko","Gremlin Mod","Hermit","Jedi Mod","Keyboard Shortcuts","Minty Spire (QoL Compilation)","Quick Restart","Relic Stats","Replay The Spire","SacredBarkPlus","Spicy Shops","StSLib","SuperFastMode","The Construct","The Cursed","The Marked","The Mystic","The Necromancer","The Spell Scribe"],"gold_per_floor":[117,128,3,3,14,14,25,37,37,72,72,83,83,102,102,207,207,220,220,236,333,333,333,333,333,333,333,333,333,333,333,333,333,333,333,333,333,12,12,12,12,12,12,12,12,12,12,12],"floor_reached":49,"playtime":2555,"items_purged":["Defend_G"],"score":1433,"play_id":"21cac1c7-bc82-4eea-a1ab-b635455f0cba","local_time":"20201223103810","is_ascension_mode":true,"campfire_choices":[{"data":"hermit:GoldenBullet","floor":6,"key":"SMITH"},{"floor":11,"key":"REST"},{"data":"Wraith Form v2","floor":13,"key":"SMITH"},{"floor":15,"key":"REST"},{"floor":23,"key":"REST"},{"floor":28,"key":"REST"},{"floor":32,"key":"REST"},{"floor":40,"key":"REST"},{"data":"After Image","floor":47,"key":"SMITH"},{"data":"Infinite Blades","floor":47,"key":"SMITH"}],"circlet_count":0,"master_deck":["AscendersBane","Strike_G","Strike_G","Strike_G","Strike_G","Defend_G","Defend_G","Defend_G","Defend_G","Survivor","Neutralize","Accuracy","Poisoned Stab","Finisher+1","Hidden Blade","Dagger Throw","hermit:GoldenBullet+1","Blade Dance+1","ReplayTheSpireMod:Speed Training+1","Sneak Up+1","Wraith Form v2+1","Footwork","jedi:studypoison+1","Calculated Gamble+1","Skewer+1","Blade Dance+1","Bane","Blade Dance+1","Delirium","Cloak And Dagger+1","After Image+1","Backflip+1","Replay:Bag of Tricks+1","Grand Finale","Malaise+1","jedi:studypoison+1","AbeCurse","Hidden Blade+1","Infinite Blades+1","Infinite Blades","Escape Plan+1","Bane","Catalyst+1","Burst+1","ReplayTheSpireMod:Restless Dread","Backstab+1","Prepared+1"],"relics":["Ring of the Snake","StoneCalendar","Toxic Egg 2","White Beast Statue","Darkstone Periapt","Cursed Key","Replay:Arrowhead","jedi:ominousloannote","Membership Card","Boot","Matryoshka","Replay:Bottled Eggs","CeramicFish","Abe\u0027s Treasure","HornCleat","ClockworkSouvenir","Gremlin Food","Quantum Egg"],"acts_visited":["Exordium","TheCity","TheBeyond"],"potions_floor_usage":[7,10,10,10,27,30,31,33,48,48],"damage_taken":[{"damage":0,"enemies":"2 Louse","floor":1,"turns":2},{"damage":3,"enemies":"Cultist","floor":2,"turns":4},{"damage":7,"enemies":"Jaw Worm","floor":5,"turns":4},{"damage":10,"enemies":"Lots of Slimes","floor":7,"turns":3},{"damage":5,"enemies":"Gremlin Gang","floor":8,"turns":5},{"damage":0,"enemies":"3 Sentries","floor":10,"turns":7},{"damage":6,"enemies":"2 Fungi Beasts","floor":12,"turns":3},{"damage":0,"enemies":"Exordium Wildlife","floor":14,"turns":3},{"damage":54,"enemies":"Hexaghost","floor":16,"turns":10},{"damage":2,"enemies":"2 Thieves","floor":18,"turns":4},{"damage":9,"enemies":"Shell Parasite","floor":20,"turns":5},{"damage":50,"enemies":"Centurion and Healer","floor":22,"turns":7},{"damage":1,"enemies":"Snecko","floor":24,"turns":3},{"damage":3,"enemies":"Snake Plant","floor":25,"turns":4},{"damage":18,"enemies":"Gremlin Leader","floor":27,"turns":4},{"damage":24,"enemies":"Sentry and Sphere","floor":30,"turns":5},{"damage":2,"enemies":"Slavers","floor":31,"turns":5},{"damage":67,"enemies":"Collector","floor":33,"turns":8},{"damage":10,"enemies":"3 Darklings","floor":35,"turns":5},{"damage":7,"enemies":"3 Shapes","floor":36,"turns":4},{"damage":28,"enemies":"3 Darklings","floor":37,"turns":5},{"damage":2,"enemies":"4 Shapes","floor":39,"turns":5},{"damage":0,"enemies":"Spire Growth","floor":41,"turns":7},{"damage":31,"enemies":"Writhing Mass","floor":44,"turns":5},{"damage":0,"enemies":"4 Shapes","floor":45,"turns":2},{"damage":77,"enemies":"Time Eater","floor":48,"turns":12}],"seed_played":"-4474955742962814392","potions_obtained":[{"floor":7,"key":"BlessingOfTheForge"},{"floor":10,"key":"jedi:holywater"},{"floor":12,"key":"BlessingOfTheForge"},{"floor":14,"key":"jedi:wingpotion"},{"floor":16,"key":"PowerPotion"},{"floor":27,"key":"Toxic Potion"},{"floor":30,"key":"Block Potion"},{"floor":31,"key":"jedi:hoardpotion"},{"floor":33,"key":"PowerPotion"}],"is_trial":false,"path_per_floor":["M","M","$","?","M","R","M","M","T","E","R","M","R","M","R","B",null,"M","?","M","$","M","R","M","M","T","E","R","?","M","E","R","B",null,"M","M","M","$","M","R","M","?","T","M","M","$","R","B",null],"character_chosen":"THE_SILENT","items_purchased":["Accuracy","CunningPotion","PowerPotion","Poisoned Stab","Finisher","Hidden Blade","Toxic Egg 2","jedi:ominousloannote","Membership Card","Boot","Skewer+1","Infinite Blades","Escape Plan+1","HornCleat","ClockworkSouvenir","Bane"],"campfire_rested":6,"item_purchase_floors":[0,0,0,0,0,0,3,21,21,21,21,38,38,38,38,38],"current_hp_per_floor":[63,60,60,60,53,53,43,38,38,38,59,53,53,53,70,16,57,55,61,52,52,2,24,73,70,76,58,82,82,58,56,80,13,71,61,54,26,26,24,50,50,50,56,25,25,25,25,8],"gold":12,"neow_bonus":"","is_daily":false,"chose_seed":false,"campfire_upgraded":4,"win_rate":0.0,"timestamp":1608741490,"path_taken":["M","M","$","?","M","R","M","M","T","E","R","?","R","M","R","BOSS","M","?","M","$","M","R","?","M","T","E","R","?","M","E","R","BOSS","M","?","?","$","?","R","M","?","T","M","M","?","R","BOSS"],"items_purchased_type":["Card","Potion","Potion","Card","Card","Card","Relic","Relic","Relic","Relic","Card","Card","Card","Relic","Relic","Card"],"build_version":"2020-12-22","purchased_purges":1,"victory":true,"max_hp_per_floor":[70,70,70,70,70,70,70,70,70,70,70,70,70,70,70,70,70,70,76,76,76,76,76,76,76,82,82,82,82,82,82,82,82,88,88,88,88,88,88,88,88,88,94,94,94,94,94,94],"relic_stats":{"Darkstone Periapt":24,"counters":[92,445],"CeramicFish":0,"StoneCalendar":[207],"Cursed Key":2,"Boot":[137],"obtain_stats":[{"Ice Cream":38,"Divine Protection":45,"jedi:zontanonomicon":29,"CeramicFish":31,"Vajra":11,"jedi:command_rare":19,"Sling":0,"Boot":26,"Replay:Ringing Soul":16,"HornCleat":38,"FaceOfCleric":13,"DollysMirror":23,"jedi:firstaidkit":27,"Sundial":14,"Philosopher\u0027s Stone":19,"Vampire_Amulet":0,"Fusion Hammer":36,"Toxic Egg 2":10,"Replay:Wax Seal":0,"Replay:Bottled Steam":19,"Happy Flower":39,"ReplayTheSpireMod:CursedCoin":19,"Counterbalance":2,"Replay:Grab Bag":19,"Velvet Choker":17,"Eternal Feather":26,"Ring of Chaos":19,"War Paint":33,"Akabeko":28,"jedi:heavyjacket":45,"ReplayTheSpireMod:TigerMarble":9,"StrikeDummy":50,"Abe\u0027s Treasure":34,"Meat on the Bone":12,"Darkstone Periapt":10,"StoneCalendar":0,"Bag of Preparation":39,"Cursed Key":36,"Pet Ghost":31,"ClockworkSouvenir":38,"Replay:Bandana":24,"Matryoshka":26,"Pantograph":12,"Gambling Chip":41,"jedi:matchstick":42,"Red Mask":33,"Replay:Bottled Eggs":8,"InkBottle":47,"Runic Pyramid":19,"Ring of the Snake":0,"Gremlin Food":0,"BargainBundle":39,"Quantum Egg":43,"PreservedInsect":19,"Omamori":28,"jedi:crownofsimplicity":50,"Orichalcum":45,"Replay:Arrowhead":39,"White Beast Statue":24,"Calling Bell":19,"jedi:ominousloannote":21,"ChewingGum":19,"Membership Card":21,"FossilizedHelix":19,"wanderingMiniBosses:Inkheart":30},{"Ice Cream":15,"Divine Protection":16,"jedi:zontanonomicon":11,"CeramicFish":83,"Vajra":49,"jedi:command_rare":76,"Sling":20,"Boot":32,"Replay:Ringing Soul":4,"HornCleat":87,"FaceOfCleric":49,"DollysMirror":8,"jedi:firstaidkit":11,"Sundial":27,"Philosopher\u0027s Stone":5,"Vampire_Amulet":0,"Fusion Hammer":13,"Toxic Egg 2":25,"Replay:Wax Seal":43,"Replay:Bottled Steam":5,"Happy Flower":15,"ReplayTheSpireMod:CursedCoin":29,"Counterbalance":1,"Replay:Grab Bag":5,"Velvet Choker":28,"Eternal Feather":10,"Ring of Chaos":52,"War Paint":34,"Akabeko":11,"jedi:heavyjacket":40,"ReplayTheSpireMod:TigerMarble":3,"StrikeDummy":19,"Abe\u0027s Treasure":84,"Meat on the Bone":26,"Darkstone Periapt":72,"StoneCalendar":66,"Bag of Preparation":15,"Cursed Key":35,"Pet Ghost":59,"ClockworkSouvenir":87,"Replay:Bandana":32,"Matryoshka":80,"Pantograph":4,"Gambling Chip":38,"jedi:matchstick":39,"Red Mask":12,"Replay:Bottled Eggs":3,"InkBottle":18,"Runic Pyramid":5,"Ring of the Snake":0,"Gremlin Food":20,"BargainBundle":15,"Quantum Egg":89,"PreservedInsect":5,"Omamori":58,"jedi:crownofsimplicity":42,"Orichalcum":63,"Replay:Arrowhead":37,"White Beast Statue":56,"Calling Bell":5,"jedi:ominousloannote":77,"ChewingGum":5,"Membership Card":77,"FossilizedHelix":5,"wanderingMiniBosses:Inkheart":34},{"Ice Cream":61,"Divine Protection":65,"jedi:zontanonomicon":45,"CeramicFish":392,"Vajra":216,"jedi:command_rare":359,"Sling":82,"Boot":140,"Replay:Ringing Soul":13,"HornCleat":414,"FaceOfCleric":216,"DollysMirror":32,"jedi:firstaidkit":45,"Sundial":110,"Philosopher\u0027s Stone":19,"Vampire_Amulet":0,"Fusion Hammer":54,"Toxic Egg 2":101,"Replay:Wax Seal":193,"Replay:Bottled Steam":19,"Happy Flower":61,"ReplayTheSpireMod:CursedCoin":124,"Counterbalance":3,"Replay:Grab Bag":19,"Velvet Choker":118,"Eternal Feather":41,"Ring of Chaos":232,"War Paint":153,"Akabeko":45,"jedi:heavyjacket":180,"ReplayTheSpireMod:TigerMarble":11,"StrikeDummy":76,"Abe\u0027s Treasure":400,"Meat on the Bone":107,"Darkstone Periapt":339,"StoneCalendar":314,"Bag of Preparation":61,"Cursed Key":160,"Pet Ghost":274,"ClockworkSouvenir":414,"Replay:Bandana":140,"Matryoshka":378,"Pantograph":13,"Gambling Chip":171,"jedi:matchstick":176,"Red Mask":48,"Replay:Bottled Eggs":11,"InkBottle":72,"Runic Pyramid":19,"Ring of the Snake":0,"Gremlin Food":82,"BargainBundle":61,"Quantum Egg":426,"PreservedInsect":19,"Omamori":268,"jedi:crownofsimplicity":186,"Orichalcum":295,"Replay:Arrowhead":168,"White Beast Statue":255,"Calling Bell":19,"jedi:ominousloannote":364,"ChewingGum":19,"Membership Card":364,"FossilizedHelix":19,"wanderingMiniBosses:Inkheart":153}],"Ring of the Snake":[98]},"card_choices":[{"not_picked":["Sucker Punch","Flechettes","Hidden Blade"],"picked":"SKIP","floor":1},{"not_picked":["Deflect","jedi:acidrain"],"picked":"Dagger Throw","floor":2},{"not_picked":["Dagger Throw","Outmaneuver+1"],"picked":"Blade Dance+1","floor":5},{"not_picked":["Noxious Fumes","Bouncing Flask+1"],"picked":"ReplayTheSpireMod:Speed Training+1","floor":7},{"not_picked":["Hidden Blade+1","jedi:unstablefumes+1"],"picked":"Sneak Up+1","floor":8},{"not_picked":["Acrobatics+1","Reflex+1"],"picked":"Wraith Form v2","floor":10},{"not_picked":["Slice","Dagger Throw","Underhanded Strike"],"picked":"SKIP","floor":12},{"not_picked":["Quick Slash","Acrobatics+1"],"picked":"Footwork","floor":14},{"not_picked":["Tools of the Trade","Grand Finale"],"picked":"jedi:studypoison+1","floor":16},{"not_picked":["Masterful Stab","Acrobatics+1"],"picked":"Calculated Gamble+1","floor":18},{"not_picked":["Calculated Gamble+1","Dagger Throw","PiercingWail+1"],"picked":"SKIP","floor":20},{"not_picked":["Flying Knee","Outmaneuver+1"],"picked":"Blade Dance+1","floor":22},{"not_picked":["Flying Knee","Acrobatics+1"],"picked":"Bane","floor":24},{"not_picked":["jedi:collectorvenom+1","Dagger Throw"],"picked":"Blade Dance+1","floor":25},{"not_picked":["Dagger Spray","Grand Finale"],"picked":"Cloak And Dagger+1","floor":27},{"not_picked":["Outmaneuver+1","Blade Dance+1"],"picked":"Backflip+1","floor":30},{"not_picked":["Backstab","Quick Slash+1"],"picked":"Replay:Bag of Tricks+1","floor":31},{"not_picked":["Outmaneuver+1","Quick Slash","ReplayTheSpireMod:The Works+1"],"picked":"SKIP","floor":35},{"not_picked":["Dagger Throw","Quick Slash+1"],"picked":"Hidden Blade+1","floor":36},{"not_picked":["Outmaneuver+1","Draining Mist+1","Bane"],"picked":"SKIP","floor":37},{"not_picked":["jedi:pocketpoison+1","ReplayTheSpireMod:Scrap Shanks+1"],"picked":"Catalyst+1","floor":39},{"not_picked":["Noxious Fumes","Prepared+1"],"picked":"Burst+1","floor":41},{"not_picked":["Poisoned Stab","Underhanded Strike"],"picked":"Backstab+1","floor":44},{"not_picked":["Endless Agony+1","Sneak Up+1"],"picked":"Prepared+1","floor":45}],"player_experience":1759189,"relics_obtained":[{"floor":9,"key":"White Beast Statue"},{"floor":10,"key":"Darkstone Periapt"},{"floor":26,"key":"Matryoshka"},{"floor":27,"key":"Replay:Bottled Eggs"},{"floor":31,"key":"CeramicFish"},{"floor":43,"key":"Gremlin Food"},{"floor":43,"key":"Quantum Egg"}],"event_choices":[{"cards_removed":["Finisher"],"damage_healed":0,"gold_gain":0,"player_choice":"Take \u0026 Give","damage_taken":0,"max_hp_gain":0,"max_hp_loss":0,"event_name":"betterNote:BetterNote","floor":4,"gold_loss":0,"cards_obtained":["hermit:GoldenBullet"]},{"damage_healed":0,"gold_gain":0,"cards_transformed":["Strike_G"],"player_choice":"Transformed","damage_taken":0,"max_hp_gain":0,"max_hp_loss":0,"event_name":"Transmorgrifier","floor":29,"gold_loss":0,"cards_obtained":["After Image"]},{"damage_healed":0,"gold_gain":0,"player_choice":"Ignored","damage_taken":0,"max_hp_gain":0,"max_hp_loss":0,"event_name":"Mysterious Sphere","floor":42,"gold_loss":0}],"is_beta":false,"boss_relics":[{"not_picked":["SlaversCollar","Velvet Choker"],"picked":"Cursed Key"},{"not_picked":["Replay:Wanted Poster","Empty Cage"],"picked":"Abe\u0027s Treasure"}],"items_purged_floors":[21],"is_endless":false,"potions_floor_spawned":[1,7,10,12,14,16,18,20,22,24,25,27,30,31,33,35,36,37,39,41,44,45],"ascension_level":11}}