{"host":"baymyijz6sxaqj5s","time":1608739989,"event":{"mods":["AchievementEnabler","BaseMod","Colored Map","Colored Powertips","DeckTracker","KOR Keyword Fix","Keyboard Shortcuts","Minty Spire (QoL Compilation)","Quick Restart","StSLib","SuperFastMode"],"gold_per_floor":[117,117,130,146,63,63,79,79,79,93,93,105,118,128,128,228,228,238,238,257,257,257],"floor_reached":21,"playtime":660,"items_purged":[],"score":184,"play_id":"a6acdd0a-8ecb-4bca-b7bc-8b96e23217c3","local_time":"20201224011309","is_ascension_mode":true,"campfire_choices":[{"data":"Flame Barrier","floor":6,"key":"SMITH"},{"data":"Shrug It Off","floor":8,"key":"SMITH"},{"data":"Spot Weakness","floor":15,"key":"SMITH"}],"circlet_count":0,"master_deck":["Strike_R","Strike_R","Strike_R","Strike_R","Strike_R","Defend_R","Defend_R","Defend_R","Defend_R","Bash","Armaments","Shrug It Off+1","Flame Barrier+1","Impatience","Shrug It Off","Battle Trance","Spot Weakness+1","Demon Form"],"relics":["Burning Blood","Dead Branch","Sozu"],"acts_visited":["Exordium","TheCity"],"potions_floor_usage":[12,16,21],"damage_taken":[{"damage":1,"enemies":"2 Louse","floor":1,"turns":4},{"damage":0,"enemies":"Small Slimes","floor":3,"turns":3},{"damage":1,"enemies":"Cultist","floor":4,"turns":3},{"damage":0,"enemies":"Exordium Wildlife","floor":7,"turns":4},{"damage":1,"enemies":"3 Louse","floor":10,"turns":4},{"damage":13,"enemies":"Exordium Thugs","floor":12,"turns":6},{"damage":1,"enemies":"2 Fungi Beasts","floor":13,"turns":6},{"damage":1,"enemies":"Gremlin Gang","floor":14,"turns":5},{"damage":39,"enemies":"The Guardian","floor":16,"turns":13},{"damage":19,"enemies":"Chosen","floor":18,"turns":5},{"damage":9,"enemies":"Shell Parasite","floor":20,"turns":6},{"damage":76,"enemies":"3 Cultists","floor":21,"turns":7}],"seed_played":"8441134154354259148","potions_obtained":[{"floor":7,"key":"AttackPotion"},{"floor":12,"key":"CultistPotion"},{"floor":13,"key":"Strength Potion"},{"floor":16,"key":"DuplicationPotion"}],"is_trial":false,"path_per_floor":["M","?","M","M","$","R","M","R","T","M","?","M","M","M","R","B",null,"M","?","M","M"],"character_chosen":"IRONCLAD","items_purchased":["Impatience"],"campfire_rested":0,"item_purchase_floors":[5],"current_hp_per_floor":[88,88,88,88,88,88,88,88,88,88,88,81,86,88,88,55,88,75,75,72,0,0],"gold":257,"neow_bonus":"TEN_PERCENT_HP_BONUS","is_daily":false,"chose_seed":false,"campfire_upgraded":3,"win_rate":0.0,"timestamp":1608739989,"path_taken":["M","?","M","M","$","R","M","R","T","M","?","M","M","M","R","BOSS","M","?","M","M"],"items_purchased_type":["Card"],"build_version":"2020-12-22","purchased_purges":0,"victory":false,"max_hp_per_floor":[88,88,88,88,88,88,88,88,88,88,88,88,88,88,88,88,88,88,88,88,88,88],"card_choices":[{"not_picked":["Perfected Strike","Thunderclap"],"picked":"Armaments","floor":1},{"not_picked":["Twin Strike","Thunderclap"],"picked":"Shrug It Off","floor":3},{"not_picked":["Sword Boomerang","Wild Strike"],"picked":"Flame Barrier","floor":4},{"not_picked":["Rampage","Fiend Fire","Pommel Strike"],"picked":"SKIP","floor":7},{"not_picked":["Headbutt","Hemokinesis"],"picked":"Shrug It Off","floor":10},{"not_picked":["Flex","Iron Wave"],"picked":"Battle Trance","floor":12},{"not_picked":["Iron Wave","Cleave","Rage"],"picked":"SKIP","floor":13},{"not_picked":["Thunderclap","Wild Strike"],"picked":"Spot Weakness","floor":14},{"not_picked":["Offering","Immolate"],"picked":"Demon Form","floor":16},{"not_picked":["Feel No Pain","Havoc+1","Cleave"],"picked":"SKIP","floor":18},{"not_picked":["Clash","Armaments","Rampage+1"],"picked":"SKIP","floor":20}],"player_experience":207539,"relics_obtained":[{"floor":9,"key":"Dead Branch"}],"event_choices":[{"damage_healed":0,"gold_gain":0,"player_choice":"Ignored","damage_taken":0,"max_hp_gain":0,"max_hp_loss":0,"event_name":"Liars Game","floor":2,"gold_loss":0},{"damage_healed":0,"gold_gain":0,"player_choice":"Ignored","damage_taken":0,"max_hp_gain":0,"max_hp_loss":0,"event_name":"Golden Idol","floor":11,"gold_loss":0},{"damage_healed":0,"gold_gain":0,"player_choice":"Ignored","damage_taken":0,"max_hp_gain":0,"max_hp_loss":0,"event_name":"The Mausoleum","floor":19,"gold_loss":0}],"is_beta":false,"boss_relics":[{"not_picked":["Coffee Dripper","Tiny House"],"picked":"Sozu"}],"items_purged_floors":[],"is_endless":false,"potions_floor_spawned":[7,12,13,16,18],"killed_by":"3 Cultists","ascension_level":1}}