{"host":"4tnjxquzd1sn7hrw","time":1608702186,"event":{"mods":["BaseMod","Colored Map","Downfall","Hubris","Minty Spire (QoL Compilation)","Quick Restart","StSLib"],"gold_per_floor":[99,118,130,140,157,187,267,294,294,309,309,459,459,469,484,581,581,581,592,607,617,617,617,669,680,705,736,81,104,104,124,137,137,137,137],"floor_reached":33,"playtime":2835,"items_purged":["Slimebound:Icky"],"score":348,"play_id":"0aaa6747-0f41-44a5-a4d1-91a53252507c","local_time":"20201223144306","is_ascension_mode":true,"campfire_choices":[{"data":"champ:Taunt","floor":1,"key":"SMITH"},{"data":"champ:ArenaPreparation","floor":9,"key":"SMITH"},{"data":"champ:IgnorePain","floor":18,"key":"SMITH"},{"floor":30,"key":"REST"}],"circlet_count":0,"master_deck":["champ:Strike+1","champ:Strike+1","champ:Strike+1","champ:Strike+1","champ:Defend+1","champ:Defend+1","champ:Defend+1","champ:Defend+1","champ:Execute","champ:Taunt+1","champ:ArenaPreparation+1","champ:BladeFlurry","champ:Lariat+1","champ:BringItOn","champ:Balance","champ:BladeFlurry","champ:Circumvent","champ:IronFortress","champ:IgnorePain+1","champ:Backstep+1","champ:CrownThrow","champ:Circumvent","champ:GladiatorsShout","champ:DefensiveShout","champ:Lariat","Mayhem","champ:ShieldSigil+1","champ:EndlessRage+1","champ:Encircle+1"],"relics":["champ:ChampionCrown","Lizard Tail","hubris:TinFlute","hubris:TenFootPole","hubris:CrackedHourglass","Enchiridion","Dream Catcher","Calipers","Red Mask","Matryoshka","OrangePellets","Bag of Preparation","Oddly Smooth Stone"],"acts_visited":["Exordium","TheCity"],"potions_floor_usage":[6,8,26,26],"damage_taken":[{"damage":12,"enemies":"Jaw Worm","floor":2,"turns":4},{"damage":10,"enemies":"Small Slimes","floor":3,"turns":5},{"damage":14,"enemies":"Cultist","floor":4,"turns":3},{"damage":53,"enemies":"Gremlin Gang","floor":5,"turns":5},{"damage":10,"enemies":"3 Sentries","floor":6,"turns":5},{"damage":10,"enemies":"Lagavulin","floor":8,"turns":4},{"damage":11,"enemies":"3 Louse","floor":10,"turns":3},{"damage":27,"enemies":"Exordium Thugs","floor":14,"turns":4},{"damage":8,"enemies":"2 Fungi Beasts","floor":15,"turns":2},{"damage":71,"enemies":"downfall:Watcher","floor":16,"turns":8},{"damage":16,"enemies":"Chosen","floor":19,"turns":7},{"damage":31,"enemies":"3 Cultists","floor":20,"turns":6},{"damage":30,"enemies":"Cultist and Chosen","floor":21,"turns":5},{"damage":27,"enemies":"Chosen and Byrds","floor":25,"turns":4},{"damage":68,"enemies":"Gremlin Leader","floor":26,"turns":6},{"damage":36,"enemies":"Masked Bandits","floor":27,"turns":5},{"damage":5,"enemies":"downfall:FleeingMerchant","floor":28,"turns":4},{"damage":43,"enemies":"Centurion and Healer","floor":31,"turns":3},{"damage":55,"enemies":"3 Cultists","floor":32,"turns":5},{"damage":78,"enemies":"downfall:Silent","floor":33,"turns":10}],"seed_played":"-2263341241312958039","potions_obtained":[{"floor":3,"key":"SpeedPotion"},{"floor":5,"key":"champ:OpenerPotion"},{"floor":6,"key":"Slimebound:ThreeZeroPotion"},{"floor":14,"key":"SpeedPotion"},{"floor":20,"key":"PowerPotion"},{"floor":25,"key":"Regen Potion"}],"is_trial":false,"path_per_floor":["R","M","M","M","M","E","T","E","R","M","?","?","?","M","M","B",null,"R","M","M","M","?","?","T","M","E","?","$","T","R","M","M","B"],"character_chosen":"THE_CHAMP","items_purchased":["Matryoshka","OrangePellets","Mayhem"],"campfire_rested":1,"item_purchase_floors":[28,28,28],"current_hp_per_floor":[99,92,92,91,67,67,67,67,67,67,67,67,72,71,68,48,104,104,98,72,67,67,59,59,59,51,30,30,30,61,64,64,0,0,0],"gold":137,"neow_bonus":"TEN_PERCENT_HP_BONUS","is_daily":false,"chose_seed":false,"campfire_upgraded":3,"win_rate":0.0,"timestamp":1608702186,"path_taken":["R","M","M","M","M","E","T","E","R","M","?","?","?","M","M","BOSS","R","M","M","M","?","?","T","M","E","?","$","?","R","M","M","BOSS"],"items_purchased_type":["Relic","Relic","Card"],"build_version":"2020-12-13","purchased_purges":1,"victory":false,"max_hp_per_floor":[99,99,99,99,99,99,99,99,99,99,99,99,104,104,104,104,104,104,104,104,104,104,104,104,104,104,104,104,104,104,104,104,104,104,104],"card_choices":[{"not_picked":["champ:StanceDance","champ:BringItOn"],"picked":"champ:ArenaPreparation","floor":2},{"not_picked":["champ:Haymaker","champ:Riposte"],"picked":"champ:BladeFlurry","floor":3},{"not_picked":["champ:Haymaker","champ:AdrenalArmor"],"picked":"champ:Lariat","floor":4},{"not_picked":["champ:FalseCounter","champ:DeathBlow"],"picked":"champ:BringItOn","floor":5},{"not_picked":["champ:CalledShot","champ:Backstep"],"picked":"champ:Balance","floor":6},{"not_picked":["champ:Shatter","champ:Backstep"],"picked":"champ:BladeFlurry","floor":8},{"not_picked":["champ:GutPunch","champ:EndlessRage","champ:BerserkerStyle"],"picked":"SKIP","floor":10},{"not_picked":["champ:Encircle","champ:CalledShot"],"picked":"champ:Circumvent","floor":14},{"not_picked":["champ:FocusedBerserking","champ:BerserkersShout"],"picked":"champ:IronFortress","floor":15},{"not_picked":["champ:HeavySlash","champ:Improvising"],"picked":"champ:IgnorePain","floor":16},{"not_picked":["champ:FanOfKnives","champ:BringItOn+1"],"picked":"champ:Backstep+1","floor":19},{"not_picked":["champ:Shatter","champ:Circumvent"],"picked":"champ:CrownThrow","floor":20},{"not_picked":["champ:EnragedBash","champ:FocusedBerserking"],"picked":"champ:Circumvent","floor":21},{"not_picked":["champ:Haymaker","champ:Aggression","champ:HeartStrike"],"picked":"SKIP","floor":25},{"not_picked":["champ:HeartStrike","champ:CrookedStrike"],"picked":"champ:GladiatorsShout","floor":26},{"not_picked":["champ:BladeFlurry","champ:FlashCut"],"picked":"champ:DefensiveShout","floor":27},{"not_picked":["champ:EndlessRage","champ:FocusedGladiator"],"picked":"champ:Lariat","floor":28},{"not_picked":["champ:BerserkerStyle","champ:Haymaker"],"picked":"champ:ShieldSigil+1","floor":30},{"not_picked":["champ:Backstep","champ:BladeFlurry"],"picked":"champ:EndlessRage+1","floor":31},{"not_picked":["champ:Riposte","champ:BerserkersShout+1"],"picked":"champ:Encircle+1","floor":32}],"player_experience":492338,"relics_obtained":[{"floor":6,"key":"Lizard Tail"},{"floor":7,"key":"hubris:TinFlute"},{"floor":8,"key":"hubris:TenFootPole"},{"floor":23,"key":"Enchiridion"},{"floor":24,"key":"Dream Catcher"},{"floor":26,"key":"Calipers"},{"floor":27,"key":"Red Mask"},{"floor":29,"key":"Bag of Preparation"},{"floor":29,"key":"Oddly Smooth Stone"}],"event_choices":[{"damage_healed":0,"gold_gain":0,"player_choice":"Donut","damage_taken":0,"max_hp_gain":5,"max_hp_loss":0,"event_name":"Big Fish","floor":13,"gold_loss":0},{"damage_healed":0,"gold_gain":0,"player_choice":"Simplicity","damage_taken":0,"max_hp_gain":0,"max_hp_loss":0,"event_name":"Back to Basics","floor":22,"gold_loss":0,"cards_upgraded":["champ:Strike","champ:Strike","champ:Strike","champ:Strike","champ:Defend","champ:Defend","champ:Defend","champ:Defend"]},{"damage_healed":0,"gold_gain":0,"player_choice":"Fought Bandits","damage_taken":0,"max_hp_gain":0,"max_hp_loss":0,"event_name":"Masked Bandits","floor":27,"gold_loss":0}],"is_beta":false,"boss_relics":[{"not_picked":["Tiny House","hubris:ScarierMask"],"picked":"hubris:CrackedHourglass"}],"items_purged_floors":[28],"is_endless":false,"potions_floor_spawned":[3,5,6,14,20,25],"killed_by":"downfall:Silent","ascension_level":1}}