{"host":"ocy7z4248lncoz2b","time":1608767892,"event":{"mods":["BaseMod","Beaked The Cultist","Bestiary","Better Match","Better Sensory Stone","Better Third Choice","BetterRewards","Clockwork Mod","Colored Map","Colored Powertips","Conspire","Curses Come First","Downfall","Friendly Minions","Gremlin Mod","Highlight Path","Hubris","Infinite Spire","Jorbs\u0027s Wanderer Trilogy","Marisa????????","Mimic Mod","Minty Spire (QoL Compilation)","READ ME - Guardian Mod","Rare Cards Sparkle","Replay The Spire","Shop Mod","Spicy Shops","Spikes Relics","StSLib","SuperFastMode","The Administrix","The Blue Laboratory","The Construct","The Jungle","The Servant 0.9.4","The Wild Card","WarShipGirlsR/????R mod"],"gold_per_floor":[110,120,120,135,135,135,166,34,61,61,74,92,92,92,92,187,187,203,203,221,231,245,245,279,44,44,44,72,72,100,119,119,223,223,239,239,249,267,282,282,302,302,302,302,302,313,313,341,341,341],"floor_reached":51,"playtime":2397,"items_purged":["Pain"],"score":817,"play_id":"bf66a64e-7d8c-4086-8c43-64ec43da09e7","local_time":"20201224085812","is_ascension_mode":false,"campfire_choices":[{"data":"BasicCrystalCard","floor":6.0,"key":"SMITH"},{"data":"Gash","floor":10.0,"key":"SMITH"},{"data":"Hologram","floor":13.0,"key":"SMITH"},{"data":"Consume","floor":15.0,"key":"SMITH"},{"data":"Redo","floor":23.0,"key":"SMITH"},{"data":"Blizzard","floor":27.0,"key":"SMITH"},{"data":"Crystallizer","floor":29.0,"key":"SMITH"},{"data":"Coolheaded","floor":32.0,"key":"SMITH"},{"floor":40.0,"key":"REST"},{"data":"Crystallizer","floor":42,"key":"SMITH"},{"data":"Fusion","floor":44,"key":"SMITH"},{"data":"Self Repair","floor":47,"key":"SMITH"},{"data":"infinitespire:SevenWalls","floor":49,"key":"SMITH"}],"circlet_count":0,"master_deck":["Strike_B","Strike_B","Strike_B","Strike_B","Defend_B","Defend_B","Defend_B","Defend_B","Zap+1","Dualcast+1","hexamod:Float+1","Vigilance","Consume+1","Chill","BasicCrystalCard+1","Blizzard+1","Conserve Battery","Gash","Gash+1","Turbo","Self Repair+1","Cold Snap","Hologram+1","infinitespire:SevenWalls+1","Reinforced Body+1","Sunder","ReplayTheSpireMod:Omega Cannon","Redo+1","Coolheaded+1","Crystallizer+1","Fusion+1","Self Repair","Crystallizer+1","Conserve Battery+1","conspire:SharedLibrary+1","ReplayTheSpireMod:Calculation Training+1","ReplayTheSpireMod:Fabricate Wheel"],"relics":["Cracked Core","WarpedTongs","Bag of Preparation","Orrery","War Paint","Inserter","Red Mask","Replay:Antivirus Software","Mirror","GiantMaggot","Mango","construct:ClawGrip","Prayer Wheel","Prayer Wheel","hubris:DeckOfHolding","hubris:Icosahedron","InkBottle","Prayer Wheel","Prayer Wheel"],"acts_visited":["Exordium","TheCity","TheBeyond"],"potions_floor_usage":[41],"damage_taken":[{"damage":1.0,"enemies":"Jaw Worm","floor":1.0,"turns":4.0},{"damage":6.0,"enemies":"Cultist","floor":2.0,"turns":4.0},{"damage":0.0,"enemies":"Small Slimes","floor":4.0,"turns":4.0},{"damage":33.0,"enemies":"Lagavulin","floor":7.0,"turns":7.0},{"damage":3.0,"enemies":"conspire:2 RoseBushes","floor":11.0,"turns":5.0},{"damage":2.0,"enemies":"3 Louse","floor":12.0,"turns":4.0},{"damage":36.0,"enemies":"Slime Boss","floor":16.0,"turns":9.0},{"damage":5.0,"enemies":"Shell Parasite","floor":18.0,"turns":7.0},{"damage":14.0,"enemies":"Chosen","floor":20.0,"turns":6.0},{"damage":15.0,"enemies":"Shelled Parasite and Fungi","floor":21.0,"turns":6.0},{"damage":11.0,"enemies":"Cultist and Chosen","floor":22.0,"turns":6.0},{"damage":36.0,"enemies":"Masked Bandits","floor":24.0,"turns":6.0},{"damage":5.0,"enemies":"Replay:Snechameleon","floor":28.0,"turns":9.0},{"damage":6.0,"enemies":"conspire:Head Lice","floor":30.0,"turns":12.0},{"damage":10.0,"enemies":"Snake Plant","floor":31.0,"turns":4.0},{"damage":5.0,"enemies":"conspire:MysteriousRune","floor":33.0,"turns":15.0},{"damage":24.0,"enemies":"Orb Walker","floor":35.0,"turns":5.0},{"damage":14.0,"enemies":"3 Shapes","floor":37.0,"turns":6.0},{"damage":54.0,"enemies":"3 Darklings","floor":38.0,"turns":8.0},{"damage":40.0,"enemies":"Maw","floor":39.0,"turns":10.0},{"damage":12,"enemies":"Writhing Mass","floor":41,"turns":7},{"damage":17,"enemies":"3 Darklings","floor":46,"turns":6},{"damage":0,"enemies":"beaked:SuperParasite","floor":48,"turns":15},{"damage":8,"enemies":"conspire:OrnateMirror","floor":50,"turns":18}],"seed_played":"-2696108234774191206","potions_obtained":[{"floor":4.0,"key":"blueLaboratory:FruitPunch"},{"floor":7.0,"key":"SpeedPotion"},{"floor":12.0,"key":"blueLaboratory:NullPotion"},{"floor":16.0,"key":"blueLaboratory:FruitPunch"},{"floor":18.0,"key":"hexamod:EctoCoolerPotion"},{"floor":24.0,"key":"blueLaboratory:LouseDecoction"},{"floor":28.0,"key":"PowerPotion"},{"floor":30.0,"key":"Fire Potion"},{"floor":41,"key":"Doom Potion"}],"is_trial":false,"path_per_floor":["M","M","?","M","?","R","E","$","T","R","M","M","R","?","R","B",null,"M","?","M","M","M","R","?","$","T","R","E","R","E","M","R","B",null,"M","?","M","M","M","R","M","R","T","R","?","M","R","E","R","B",null],"character_chosen":"DEFECT","items_purchased":["Orrery","Crystallizer","Replay:Antivirus Software"],"campfire_rested":1,"item_purchase_floors":[8,25,25],"current_hp_per_floor":[88,82,82,82,82,82,51,51,51,51,55,60,60,38,38,9,91,91,91,87,79,77,77,48,48,48,48,50,50,65,55,55,70,107,90,90,83,46,23,55,57,57,57,57,57,54,54,74,74,83],"gold":341,"neow_bonus":"TWENTY_PERCENT_HP_BONUS","is_daily":false,"chose_seed":false,"campfire_upgraded":12,"win_rate":0.0,"timestamp":1608767892,"path_taken":["M","M","?","?","?","R","E","$","T","R","?","M","R","?","R","BOSS","M","?","M","M","M","R","?","$","T","R","E","R","E","M","R","BOSS","M","?","?","M","M","R","M","R","T","R","?","M","R","E","R","BOSS"],"items_purchased_type":["Relic","Card","Relic"],"build_version":"2020-12-22","purchased_purges":1,"victory":true,"max_hp_per_floor":[89,89,89,89,89,89,91,91,91,91,91,91,91,91,91,91,91,91,91,91,91,93,93,93,93,93,93,93,93,107,107,107,107,107,107,107,107,107,107,107,107,107,107,107,107,107,107,107,107,107],"card_choices":[{"not_picked":["Auto Shields","Self Repair"],"picked":"Consume","floor":1.0},{"not_picked":["FTL","Beam Cell"],"picked":"Chill","floor":2.0},{"not_picked":["Chaos","Go for the Eyes"],"picked":"BasicCrystalCard","floor":4.0},{"not_picked":["Loop","RefreshScreen"],"picked":"Blizzard","floor":7.0},{"not_picked":["FIFO Queue","Chill"],"picked":"Conserve Battery","floor":8.0},{"not_picked":["Turbo","Leap"],"picked":"Gash","floor":8.0},{"not_picked":["Sweeping Beam","Compile Driver"],"picked":"Gash","floor":8.0},{"not_picked":["hubris:SpecializedCircuitry","Barrage"],"picked":"Turbo","floor":8.0},{"not_picked":["Cold Snap","Gash"],"picked":"Self Repair","floor":8.0},{"not_picked":["Go for the Eyes","Beam Cell"],"picked":"Cold Snap","floor":11.0},{"not_picked":["Stack","BasicCrystalCard"],"picked":"Hologram","floor":12.0},{"not_picked":["infinitespire:SealOfDarkness+","infinitespire:Fortify"],"picked":"infinitespire:SevenWalls","floor":14.0},{"not_picked":["Auto Shields","BasicCrystalCard"],"picked":"Reinforced Body+1","floor":18.0},{"not_picked":["Turbo","Leap"],"picked":"Sunder","floor":20.0},{"not_picked":["Leap+1","Conserve Battery"],"picked":"ReplayTheSpireMod:Omega Cannon","floor":21.0},{"not_picked":["Turbo","hubris:Ukulele"],"picked":"Redo","floor":22.0},{"not_picked":["Panic Button","Barrage"],"picked":"Coolheaded","floor":24.0},{"not_picked":["ReplayRNGCard","Leap+1","ReplayTheSpireMod:Reroute Power"],"picked":"SKIP","floor":28.0},{"not_picked":["Compile Driver+1","Ball Lightning"],"picked":"Fusion","floor":30.0},{"not_picked":["Panic Button","Sweeping Beam"],"picked":"Self Repair","floor":31.0},{"not_picked":["Buffer","hubris:DoWhile"],"picked":"ReplayTheSpireMod:Fabricate Wheel","floor":33.0},{"not_picked":["Cold Snap","Sweeping Beam","Hologram"],"picked":"SKIP","floor":35.0},{"not_picked":["Reprogram","Turbo+1","Reinforced Body+1"],"picked":"SKIP","floor":37.0},{"not_picked":["Hologram","Beam Cell"],"picked":"ReplayTheSpireMod:Fabricate Wheel","floor":38.0},{"not_picked":["Redo+1","BasicCrystalCard+1","Rebound"],"picked":"SKIP","floor":38.0},{"not_picked":["Turbo","Force Field","FIFO Queue"],"picked":"SKIP","floor":39.0},{"not_picked":["Coolheaded+1","Leap","ReplayTheSpireMod:Dual Polarity"],"picked":"SKIP","floor":39.0},{"not_picked":["Doom and Gloom+1","ReplayTheSpireMod:GoodbyeWorld","Hologram"],"picked":"SKIP","floor":39.0},{"not_picked":["hubris:SpecializedCircuitry","Conserve Battery"],"picked":"Crystallizer","floor":41},{"not_picked":["Streamline+1","Compile Driver+1"],"picked":"Conserve Battery+1","floor":41},{"not_picked":["ReplaySolidLightProjector","Rebound+1"],"picked":"conspire:SharedLibrary+1","floor":41},{"not_picked":["Heatsinks+1","Gash+1"],"picked":"ReplayTheSpireMod:Calculation Training+1","floor":46},{"not_picked":["Beam Cell","BasicCrystalCard+1","Scrape+1"],"picked":"SKIP","floor":46},{"not_picked":["conspire:SharedLibrary","Hologram+1","Rebound"],"picked":"SKIP","floor":46},{"not_picked":["Doom and Gloom","Beam Cell"],"picked":"ReplayTheSpireMod:Fabricate Wheel","floor":48}],"player_experience":297841,"relics_obtained":[{"floor":7.0,"key":"Bag of Preparation"},{"floor":9.0,"key":"War Paint"},{"floor":24.0,"key":"Red Mask"},{"floor":26.0,"key":"Mirror"},{"floor":28.0,"key":"GiantMaggot"},{"floor":30.0,"key":"Mango"},{"floor":43,"key":"hubris:DeckOfHolding"},{"floor":48,"key":"InkBottle"}],"event_choices":[{"damage_healed":0.0,"max_hp_gain":0.0,"max_hp_loss":0.0,"gold_gain":0.0,"event_name":"Upgrade Shrine","player_choice":"Upgraded","floor":3.0,"gold_loss":0.0,"damage_taken":0.0,"cards_upgraded":["Dualcast"]},{"damage_healed":0.0,"max_hp_gain":0.0,"max_hp_loss":0.0,"gold_gain":0.0,"event_name":"Accursed Blacksmith","player_choice":"Rummage","floor":5.0,"gold_loss":0.0,"damage_taken":0.0,"relics_obtained":["WarpedTongs"],"cards_obtained":["Pain"]},{"damage_healed":0.0,"max_hp_gain":0.0,"max_hp_loss":0.0,"gold_gain":0.0,"event_name":"Masked Bandits","player_choice":"Fought Bandits","floor":24.0,"gold_loss":0.0,"damage_taken":0.0},{"cards_removed":["Writhe"],"damage_healed":0.0,"max_hp_gain":0.0,"max_hp_loss":0.0,"gold_gain":0.0,"event_name":"Purifier","player_choice":"Purged","floor":36.0,"gold_loss":0.0,"damage_taken":0.0}],"is_beta":false,"boss_relics":[{"not_picked":["Sandwich","Replay:Ancient Bell"],"picked":"Inserter"},{"not_picked":["Astrolabe","Runic Dome"],"picked":"construct:ClawGrip"}],"items_purged_floors":[8],"is_endless":false,"potions_floor_spawned":[4,7,12,16,18,21,24,28,30,37,41],"ascension_level":0}}