{"host":"1hv1kueuvc4r3rdp","time":1608742398,"event":{"mods":["AchievementEnabler","BaseMod","DeckTracker","Highlight Path","Minty Spire (QoL Compilation)","Permanent Neow","StSLib"],"gold_per_floor":[111,76,88,104,104,104,4,36,59,77,102,117,117,29,29,124,124,136,150,150,150],"floor_reached":20,"playtime":1036,"items_purged":[],"score":285,"play_id":"4599604e-c1f5-4a4c-990b-a47867c11549","local_time":"20201223105318","is_ascension_mode":true,"campfire_choices":[{"data":"Quick Slash","floor":6,"key":"SMITH"},{"floor":13,"key":"REST"},{"floor":15,"key":"REST"}],"circlet_count":0,"master_deck":["AscendersBane","Strike_G+1","Strike_G","Strike_G","Strike_G","Strike_G","Defend_G","Defend_G","Defend_G","Defend_G","Defend_G","Survivor","Neutralize","Deadly Poison","Quick Slash+1","Bane+1","Dagger Throw","Footwork","Catalyst","Footwork","Envenom","Deflect+1","Noxious Fumes"],"relics":["SlaversCollar","Whetstone","Nunchaku","Mummified Hand","Cursed Key"],"acts_visited":["Exordium","TheCity"],"potions_floor_usage":[8,10,20,20],"damage_taken":[{"damage":5,"enemies":"Jaw Worm","floor":1,"turns":5},{"damage":2,"enemies":"2 Louse","floor":3,"turns":4},{"damage":0,"enemies":"Cultist","floor":4,"turns":3},{"damage":24,"enemies":"3 Sentries","floor":8,"turns":12},{"damage":16,"enemies":"Lots of Slimes","floor":10,"turns":5},{"damage":26,"enemies":"Gremlin Nob","floor":11,"turns":4},{"damage":1,"enemies":"Exordium Wildlife","floor":12,"turns":3},{"damage":37,"enemies":"Hexaghost","floor":16,"turns":12},{"damage":20,"enemies":"3 Byrds","floor":18,"turns":6},{"damage":19,"enemies":"Spheric Guardian","floor":19,"turns":6},{"damage":22,"enemies":"Shelled Parasite and Fungi","floor":20,"turns":2}],"seed_played":"6360731779814087732","potions_obtained":[{"floor":4,"key":"SkillPotion"},{"floor":12,"key":"BlessingOfTheForge"},{"floor":19,"key":"Explosive Potion"}],"is_trial":false,"path_per_floor":["M","?","M","M","?","R","$","E","T","M","E","M","R","$","R","B",null,"M","M","M"],"character_chosen":"THE_SILENT","items_purchased":["Bane","Fire Potion","Footwork","AttackPotion"],"campfire_rested":2,"item_purchase_floors":[7,7,14,14],"current_hp_per_floor":[58,70,68,68,68,68,68,44,44,28,2,1,22,22,43,6,54,34,15,0,0],"gold":150,"neow_bonus":"BOSS_RELIC","is_daily":false,"chose_seed":false,"campfire_upgraded":1,"win_rate":0.0,"timestamp":1608742398,"path_taken":["M","?","M","M","?","R","?","E","T","M","E","?","R","$","R","BOSS","M","M","M"],"items_purchased_type":["Card","Potion","Card","Potion"],"build_version":"2020-12-22","purchased_purges":0,"victory":false,"max_hp_per_floor":[70,70,70,70,70,70,70,70,70,70,70,70,70,70,70,70,70,70,70,70,70],"card_choices":[{"not_picked":["Blur","Heel Hook"],"picked":"Deadly Poison","floor":1},{"not_picked":["Sucker Punch","Backflip"],"picked":"Quick Slash","floor":3},{"not_picked":["Sucker Punch","Deadly Poison","Choke"],"picked":"SKIP","floor":4},{"not_picked":["Bullet Time","Corpse Explosion"],"picked":"Dagger Throw","floor":8},{"not_picked":["Blade Dance","Underhanded Strike"],"picked":"Footwork","floor":10},{"not_picked":["Concentrate","Quick Slash"],"picked":"Catalyst","floor":11},{"not_picked":["Dagger Throw","Heel Hook","Blade Dance"],"picked":"SKIP","floor":12},{"not_picked":["Malaise","Grand Finale"],"picked":"Envenom","floor":16},{"not_picked":["Bane+1","Slice+1"],"picked":"Deflect+1","floor":18},{"not_picked":["All Out Attack","Caltrops+1"],"picked":"Noxious Fumes","floor":19}],"player_experience":1094896,"relics_obtained":[{"floor":8,"key":"Whetstone"},{"floor":9,"key":"Nunchaku"},{"floor":11,"key":"Mummified Hand"}],"event_choices":[{"damage_healed":17,"gold_gain":0,"player_choice":"Healed","damage_taken":0,"max_hp_gain":0,"max_hp_loss":0,"event_name":"The Cleric","floor":2,"gold_loss":35},{"damage_healed":0,"gold_gain":0,"player_choice":"Ignored","damage_taken":0,"max_hp_gain":0,"max_hp_loss":0,"event_name":"Liars Game","floor":5,"gold_loss":0}],"is_beta":false,"boss_relics":[{"not_picked":["Runic Dome","Tiny House"],"picked":"Cursed Key"}],"items_purged_floors":[],"is_endless":false,"potions_floor_spawned":[4,12,19],"killed_by":"Shelled Parasite and Fungi","ascension_level":11}}