{"host":"kh6fvhxn285ncg0o","time":1608709388,"event":{"mods":["Act Like it!","BaseMod","Colored Map","Friendly Minions","Keyboard Shortcuts","Minty Spire (QoL Compilation)","Quick Restart","Relic Stats","StSLib","SuperFastMode"],"gold_per_floor":[114,131,206,206,206,239,239,272,325,342,342,377,36,36,36,123,123,139,166,175,225,248,248,20,45,54,54,89,100,141,161,161,246,291,301,335,349,367,225,265,281,625,625,649,661,661,388,415,415,415,415,415,415,136,178,178],"floor_reached":57,"playtime":2615,"items_purged":["Strike_R","Strike_R","Heavy Blade","Wild Strike+1","Sword Boomerang"],"score":3503,"play_id":"5c375233-c27b-4633-bfaf-3a2d91d7a77a","local_time":"20201223164308","is_ascension_mode":true,"campfire_choices":[{"floor":7.0,"key":"REST"},{"data":"Wild Strike","floor":15.0,"key":"SMITH"},{"data":"Seeing Red","floor":23.0,"key":"SMITH"},{"data":"Apotheosis","floor":27.0,"key":"SMITH"},{"floor":32.0,"key":"RECALL"},{"data":"Feel No Pain","floor":46,"key":"SMITH"},{"data":"Dark Embrace","floor":49,"key":"SMITH"},{"data":"Barricade","floor":53,"key":"SMITH"}],"circlet_count":0,"master_deck":["AscendersBane","Bash+1","Inflame+1","Evolve","Seeing Red+1","Impervious","Ghostly","Ghostly","Ghostly","Offering","Exhume","Apotheosis+1","Decay","Dark Embrace+1","Shrug It Off","Barricade+1","Body Slam","Demon Form","Limit Break","Bloodletting","True Grit","Madness","Madness","Feel No Pain+1","Purity","Feed","Burning Pact+1","Warcry+1","Flash of Steel","Master of Strategy","Feel No Pain","Feel No Pain+1"],"relics":["Burning Blood","Blood Vial","Boot","Centennial Puzzle","Bronze Scales","CeramicFish","Membership Card","Potion Belt","Oddly Smooth Stone","Cursed Key","Sling","InkBottle","Happy Flower","Orichalcum","Pandora\u0027s Box","CaptainsWheel","Akabeko","Old Coin","Anchor","Bottled Lightning","Mummified Hand","Gremlin Horn"],"acts_visited":["Exordium","TheCity","TheBeyond","TheEnding"],"potions_floor_usage":[56,56],"damage_taken":[{"damage":8.0,"enemies":"2 Louse","floor":1.0,"turns":3.0},{"damage":14.0,"enemies":"Jaw Worm","floor":2.0,"turns":6.0},{"damage":14.0,"enemies":"Gremlin Nob","floor":6.0,"turns":3.0},{"damage":24.0,"enemies":"Lagavulin","floor":8.0,"turns":7.0},{"damage":1.0,"enemies":"Small Slimes","floor":10.0,"turns":3.0},{"damage":39.0,"enemies":"3 Sentries","floor":12.0,"turns":9.0},{"damage":7.0,"enemies":"Hexaghost","floor":16.0,"turns":7.0},{"damage":4.0,"enemies":"Shell Parasite","floor":18.0,"turns":5.0},{"damage":2.0,"enemies":"Chosen","floor":22.0,"turns":4.0},{"damage":6.0,"enemies":"Slavers","floor":25.0,"turns":7.0},{"damage":15.0,"enemies":"Gremlin Leader","floor":28.0,"turns":6.0},{"damage":1.0,"enemies":"Centurion and Healer","floor":29.0,"turns":5.0},{"damage":1.0,"enemies":"Book of Stabbing","floor":30.0,"turns":5.0},{"damage":9.0,"enemies":"Snake Plant","floor":31.0,"turns":5.0},{"damage":8.0,"enemies":"Collector","floor":33.0,"turns":8.0},{"damage":3.0,"enemies":"3 Darklings","floor":35.0,"turns":3.0},{"damage":4.0,"enemies":"Mind Bloom Boss Battle","floor":36.0,"turns":4.0},{"damage":9.0,"enemies":"Orb Walker","floor":37.0,"turns":5.0},{"damage":3.0,"enemies":"Reptomancer","floor":40.0,"turns":2.0},{"damage":6.0,"enemies":"Maw","floor":41.0,"turns":7.0},{"damage":4.0,"enemies":"Giant Head","floor":42.0,"turns":3.0},{"damage":1,"enemies":"Sphere and 2 Shapes","floor":44,"turns":3},{"damage":4,"enemies":"4 Shapes","floor":45,"turns":5},{"damage":4,"enemies":"Nemesis","floor":48,"turns":3},{"damage":6,"enemies":"Donu and Deca","floor":50,"turns":7},{"damage":7,"enemies":"Awakened One","floor":51,"turns":3},{"damage":7,"enemies":"Shield and Spear","floor":55,"turns":1},{"damage":2,"enemies":"The Heart","floor":56,"turns":5}],"seed_played":"7859158827377321185","potions_obtained":[{"floor":1.0,"key":"Explosive Potion"},{"floor":2.0,"key":"SkillPotion"},{"floor":8.0,"key":"BloodPotion"},{"floor":25.0,"key":"SteroidPotion"},{"floor":29.0,"key":"SkillPotion"},{"floor":31.0,"key":"Dexterity Potion"},{"floor":33.0,"key":"Swift Potion"},{"floor":36.0,"key":"Ancient Potion"},{"floor":37.0,"key":"Energy Potion"},{"floor":41.0,"key":"GamblersBrew"},{"floor":48,"key":"ElixirPotion"}],"is_trial":false,"path_per_floor":["M","M","?","?","?","E","R","E","T","M","T","E","$","?","R","B",null,"M","?","?","?","M","R","$","E","T","R","E","M","E","M","R","B",null,"M","?","M","?","$","E","M","E","T","M","M","R","$","E","R","B","B",null,"R","$","E","B",null],"character_chosen":"IRONCLAD","items_purchased":["Membership Card","Potion Belt","EntropicBrew","Sling","Apotheosis","Feel No Pain","Purity","Flash of Steel","Master of Strategy","Anchor","Mummified Hand","Feel No Pain","DuplicationPotion"],"campfire_rested":1,"item_purchase_floors":[13,13,13,24,24,39,39,47,47,47,54,54,54],"current_hp_per_floor":[66,58,47,47,27,19,39,23,23,30,30,12,12,12,12,13,54,58,34,34,31,34,34,34,34,34,34,25,32,34,31,31,31,33,34,34,31,25,25,30,36,42,42,46,54,54,54,58,58,66,73,74,74,74,81,82],"gold":178,"neow_bonus":"REMOVE_TWO","is_daily":false,"chose_seed":false,"campfire_upgraded":6,"win_rate":0.0,"timestamp":1608709388,"path_taken":["M","M","?","?","?","E","R","E","T","M","?","E","$","?","R","BOSS","M","?","?","?","M","R","$","E","T","R","E","?","E","M","R","BOSS","M","?","M","?","$","E","M","E","T","M","M","R","$","E","R","BOSS","BOSS","R","$","E","BOSS"],"items_purchased_type":["Relic","Relic","Potion","Relic","Card","Card","Card","Card","Card","Relic","Relic","Card","Potion"],"build_version":"2020-12-22","purchased_purges":5,"victory":true,"max_hp_per_floor":[68,68,68,68,68,68,68,68,68,68,68,68,68,68,68,68,68,68,34,34,34,34,34,34,34,34,34,34,34,34,34,34,34,34,34,34,34,34,34,34,38,42,42,46,54,54,54,58,58,66,74,74,74,74,82,82],"relic_stats":{"Happy Flower":[24],"Gremlin Horn":[0,0],"counters":[28,134],"CeramicFish":270,"Orichalcum":[54],"Boot":[16],"Cursed Key":1,"Burning Blood":140,"Blood Vial":26,"Centennial Puzzle":[72],"Mummified Hand":[12],"Bronze Scales":[398],"Pandora\u0027s Box":["Body Slam","Demon Form","Sword Boomerang","Limit Break","Bloodletting"],"obtain_stats":[{"Potion Belt":13,"Happy Flower":28,"Gremlin Horn":55,"CeramicFish":12,"Oddly Smooth Stone":14,"Orichalcum":30,"Boot":8,"Cursed Key":17,"Sling":24,"Burning Blood":0,"Akabeko":40,"Old Coin":42,"Blood Vial":6,"Centennial Puzzle":9,"CaptainsWheel":36,"Anchor":47,"Mummified Hand":54,"Bronze Scales":11,"Pandora\u0027s Box":34,"Membership Card":13,"Bottled Lightning":48,"InkBottle":25},{"Potion Belt":6,"Happy Flower":11,"Gremlin Horn":27,"CeramicFish":6,"Oddly Smooth Stone":6,"Orichalcum":13,"Boot":4,"Cursed Key":7,"Sling":9,"Burning Blood":0,"Akabeko":19,"Old Coin":21,"Blood Vial":3,"Centennial Puzzle":4,"CaptainsWheel":17,"Anchor":23,"Mummified Hand":26,"Bronze Scales":5,"Pandora\u0027s Box":15,"Membership Card":6,"Bottled Lightning":24,"InkBottle":10},{"Potion Belt":31,"Happy Flower":60,"Gremlin Horn":129,"CeramicFish":31,"Oddly Smooth Stone":31,"Orichalcum":70,"Boot":19,"Cursed Key":38,"Sling":47,"Burning Blood":0,"Akabeko":97,"Old Coin":107,"Blood Vial":12,"Centennial Puzzle":19,"CaptainsWheel":90,"Anchor":115,"Mummified Hand":128,"Bronze Scales":22,"Pandora\u0027s Box":83,"Membership Card":31,"Bottled Lightning":118,"InkBottle":54}],"InkBottle":[47]},"card_choices":[{"not_picked":["Cleave","Headbutt"],"picked":"Inflame","floor":1.0},{"not_picked":["Thunderclap","Perfected Strike"],"picked":"Evolve","floor":2.0},{"not_picked":["Thunderclap","Cleave","Headbutt"],"picked":"SKIP","floor":6.0},{"not_picked":["Pommel Strike","Iron Wave"],"picked":"Wild Strike","floor":8.0},{"not_picked":["Armaments","Twin Strike","Bloodletting"],"picked":"SKIP","floor":10.0},{"not_picked":["Body Slam","Demon Form"],"picked":"Seeing Red","floor":12.0},{"not_picked":["Berserk","Juggernaut"],"picked":"Impervious","floor":16.0},{"not_picked":["Warcry","Havoc","Clothesline"],"picked":"SKIP","floor":18.0},{"not_picked":["Flame Barrier+1","Cleave"],"picked":"Exhume","floor":22.0},{"not_picked":["Anger","Iron Wave","Bloodletting"],"picked":"SKIP","floor":25.0},{"not_picked":["Twin Strike","Burning Pact"],"picked":"Dark Embrace","floor":28.0},{"not_picked":["Warcry","Heavy Blade","Iron Wave"],"picked":"SKIP","floor":29.0},{"not_picked":["Flex","Twin Strike"],"picked":"Shrug It Off","floor":30.0},{"not_picked":["Intimidate","Iron Wave","Heavy Blade"],"picked":"SKIP","floor":31.0},{"not_picked":["Intimidate","Iron Wave"],"picked":"Heavy Blade","floor":31.0},{"not_picked":["Feed","Reaper"],"picked":"Barricade","floor":33.0},{"not_picked":["Wild Strike+1","Thunderclap+1","Iron Wave"],"picked":"SKIP","floor":35.0},{"not_picked":["Fire Breathing","Wild Strike+1"],"picked":"True Grit","floor":36.0},{"not_picked":["Seeing Red","Twin Strike","Havoc"],"picked":"SKIP","floor":37.0},{"not_picked":["Juggernaut","Dual Wield"],"picked":"Feed","floor":40.0},{"not_picked":["Pommel Strike","Perfected Strike","True Grit+1"],"picked":"SKIP","floor":41.0},{"not_picked":["Pommel Strike","Perfected Strike","True Grit+1"],"picked":"SKIP","floor":41.0},{"not_picked":["Spot Weakness+1","Fire Breathing"],"picked":"Burning Pact+1","floor":42.0},{"not_picked":["Iron Wave","Immolate"],"picked":"Warcry+1","floor":44},{"not_picked":["Rage","Wild Strike","Headbutt"],"picked":"SKIP","floor":45},{"not_picked":["Power Through+1","Evolve","Rupture"],"picked":"SKIP","floor":48},{"not_picked":["Heavy Blade","Iron Wave"],"picked":"Feel No Pain+1","floor":55}],"player_experience":3227910,"relics_obtained":[{"floor":6.0,"key":"Blood Vial"},{"floor":8.0,"key":"Boot"},{"floor":9.0,"key":"Centennial Puzzle"},{"floor":11.0,"key":"Bronze Scales"},{"floor":12.0,"key":"CeramicFish"},{"floor":25.0,"key":"InkBottle"},{"floor":28.0,"key":"Happy Flower"},{"floor":30.0,"key":"Orichalcum"},{"floor":36.0,"key":"CaptainsWheel"},{"floor":40.0,"key":"Akabeko"},{"floor":42.0,"key":"Old Coin"},{"floor":48,"key":"Bottled Lightning"},{"floor":55,"key":"Gremlin Horn"}],"event_choices":[{"damage_healed":0.0,"max_hp_gain":0.0,"max_hp_loss":0.0,"gold_gain":75.0,"event_name":"World of Goop","player_choice":"Gather Gold","floor":3.0,"gold_loss":0.0,"damage_taken":11.0},{"damage_healed":0.0,"max_hp_gain":0.0,"max_hp_loss":0.0,"gold_gain":0.0,"event_name":"Living Wall","player_choice":"Grow","floor":4.0,"gold_loss":0.0,"damage_taken":0.0,"cards_upgraded":["Inflame"]},{"damage_healed":0.0,"max_hp_gain":0.0,"max_hp_loss":0.0,"gold_gain":0.0,"event_name":"Shining Light","player_choice":"Entered Light","floor":5.0,"gold_loss":0.0,"damage_taken":20.0,"cards_upgraded":["Bash","Defend_R"]},{"damage_healed":0.0,"max_hp_gain":0.0,"max_hp_loss":0.0,"gold_gain":0.0,"event_name":"Dead Adventurer","player_choice":"Searched \u00271\u0027 times","floor":14.0,"gold_loss":0.0,"damage_taken":0.0,"relics_obtained":["Oddly Smooth Stone"]},{"damage_healed":0.0,"max_hp_gain":0.0,"max_hp_loss":34.0,"gold_gain":0.0,"event_name":"Ghosts","player_choice":"Became a Ghost","floor":19.0,"gold_loss":0.0,"damage_taken":0.0,"cards_obtained":["Ghostly","Ghostly","Ghostly"]},{"damage_healed":0.0,"max_hp_gain":0.0,"max_hp_loss":0.0,"gold_gain":0.0,"event_name":"The Library","player_choice":"Read","floor":20.0,"gold_loss":0.0,"damage_taken":0.0,"cards_obtained":["Offering"]},{"damage_healed":0.0,"max_hp_gain":0.0,"max_hp_loss":0.0,"gold_gain":50.0,"event_name":"FaceTrader","player_choice":"Touch","floor":21.0,"gold_loss":0.0,"damage_taken":3.0},{"damage_healed":0.0,"max_hp_gain":0.0,"max_hp_loss":0.0,"gold_gain":0.0,"event_name":"MindBloom","player_choice":"Fight","floor":36.0,"gold_loss":0.0,"damage_taken":0.0},{"damage_healed":0.0,"max_hp_gain":0.0,"max_hp_loss":0.0,"gold_gain":0.0,"event_name":"Winding Halls","player_choice":"Embrace Madness","floor":38.0,"gold_loss":0.0,"damage_taken":6.0,"cards_obtained":["Madness","Madness"]}],"is_beta":false,"boss_relics":[{"not_picked":["Ectoplasm","Runic Cube"],"picked":"Cursed Key"},{"not_picked":["Astrolabe","Empty Cage"],"picked":"Pandora\u0027s Box"}],"items_purged_floors":[13,24,39,47,54],"is_endless":false,"potions_floor_spawned":[1,2,8,25,29,31,33,36,37,41,48],"ascension_level":20}}