{"host":"cop8ymgpsji2w9by","time":1608684554,"event":{"mods":["2.2 Compatiblity","Act Like it!","Astrologer","Bard","BaseMod","Beaked The Cultist","Better Third Choice","BetterRewards","CapriCore","CatGirl Mod","ChefMod","Colored Map","Colored Powertips","Conspire","Curses Come First","DeckTracker","Downfall","Elementarium","Energized Spire","Fiend Mod","Friendly Minions","Gensokyo","Hallownest","Hermit","Hubris","Infinite Spire","Mad Scientist","Marisa????????","Marked Mod","Menagerie","Mimic Mod","Minty Spire (QoL Compilation)","READ ME - Guardian Mod","Random Character Button","Rare Cards Sparkle","Replay The Spire","Robot Space Explorer","Shade Mod","Somnambulant","Spicy Shops","StSLib","The Accelerator","The Blackbeard","The Bladedancer","The Blue Laboratory","The Bug Knight","The Clintock","The Construct","The Cursed","The Death Knight","The Disciple","The Elementalist","The Factory","The Forsaken","The Gatherer","The Hayseed","The Hierophant","The Immortal","The Judge","The Jungle","The Marked","The Mystic","The Necromancer","The Poker Player","The Runesmith","The Servant 0.9.4","TheFirefly","TheSwordswoman","TheVacant","Wandering Minibosses","thorton"],"gold_per_floor":[115,4,4,18,18,18,53,65,255,31,47,77,90,110,110,214,214,232,232,59,324,337,355,355,390,468,477,496,505,588,599,610,721,735,769,884,214,228,244,282,305,311,327,333,366,21,36,36,36,36],"floor_reached":50,"playtime":6581,"items_purged":["Shame","Normality"],"score":686,"play_id":"5b815c30-33f8-41c0-aed6-2756d3eaa826","local_time":"20201222194914","is_ascension_mode":false,"campfire_choices":[{"floor":6,"key":"REST"},{"floor":15,"key":"RECALL"},{"floor":24,"key":"REST"},{"data":"hubris:DuctTapeCard","floor":27,"key":"SMITH"},{"data":"Fiend:FiendHealBurst","floor":29,"key":"SMITH"},{"data":"Fiend:FiendFleshPlating","floor":32,"key":"SMITH"},{"floor":45,"key":"REST"},{"data":"hubris:EnhanceAbility","floor":45,"key":"SMITH"},{"floor":49,"key":"REST"},{"data":"Thinking Ahead","floor":49,"key":"SMITH"}],"circlet_count":0,"master_deck":["Fiend:FiendDemonSlash","Fiend:FiendDemonSlash","Fiend:FiendDemonSlash","Fiend:FiendDemonSlash+1","Fiend:FiendDemonSlash","Fiend:FiendFortify+1","Fiend:FiendFortify","Fiend:FiendFortify","Fiend:FiendFortify","Fiend:FiendConsume","Fiend:FiendRam","Fiend:FiendDemonicContract+1","Fiend:FiendUpstartDemon","Fiend:FiendDeepenWound","Fiend:FiendDemonicContract+1","Fiend:FiendVaccine+1","Fiend:FiendSalvage","Fiend:FiendHealBurst+1","Fiend:FiendFeast+1","Fiend:FiendRadiation","hubris:DuctTapeCard+2","Fiend:FiendCancer","Fiend:FiendDemonWhip+1","Fiend:FiendSalvage+1","Fiend:FiendFleshPlating+1","Fiend:FiendDeepenWound+1","Fiend:FiendExecute","Fiend:FiendSatanicRitual+1","Fiend:FiendDemonicContract+1","Doubt","Fiend:FiendCancer+1","hubris:EnhanceAbility+1","hubris:EnhanceAbility+1","Fiend:FiendHarden","Fiend:FiendSiphon","Fiend:FiendSalvage+1","Fiend:FiendBloodlust+1","Fiend:FiendBloodPrice+1","Fiend:FiendBloodlust+1","Thinking Ahead+1","Fiend:FiendDemonWhip","Fiend:FiendBloodlust"],"relics":["Basket Of Snakes","Honey Jar","DeathKnight:JainasLocket","champ:Barbells","Nitrogen?","infinitespire:Chaos","Mango","Gensokyo:OccultBall","Bag of Marbles","Lee\u0027s Waffle","Blue Doll","Gensokyo:Companionship","DeathKnight:PutricidesVial","Philosopher\u0027s Stone","WarpedTongs","hubris:DuctTape","hubris:Teleporter","thethorton:BankDeed","hubris:TerracottaHorce","ReplayTheSpireMod:CursedCoin","theForsaken:Lifeblossom","conspire:TreasureMap","infinitespire:Magic Flask","War Paint","Oddly Smooth Stone","construct:FoamFinger","infinitespire:Joker Card","theForsaken:Gavel"],"acts_visited":["Exordium","Gensokyo:Gensokyo","TheBeyond"],"potions_floor_usage":[16,16,22,33,33,42,46,50,50],"damage_taken":[{"damage":3,"enemies":"Gensokyo:Python","floor":1,"turns":3},{"damage":4,"enemies":"Gensokyo:Gryphon","floor":4,"turns":3},{"damage":21,"enemies":"Gensokyo:Mamizou","floor":7,"turns":10},{"damage":0,"enemies":"Gensokyo:3_Fairies","floor":8,"turns":3},{"damage":0,"enemies":"Gensokyo:Python_and_Kodama","floor":9,"turns":8},{"damage":0,"enemies":"Gensokyo:Python_and_Kodama","floor":11,"turns":4},{"damage":3,"enemies":"Gensokyo:Aya","floor":12,"turns":6},{"damage":2,"enemies":"Gensokyo:VengefulSpirit","floor":13,"turns":4},{"damage":18,"enemies":"Gensokyo:CorruptedTreant","floor":14,"turns":4},{"damage":6,"enemies":"Gensokyo:Reimu","floor":16,"turns":8},{"damage":22,"enemies":"Hallownest:Flukemon_and_Top","floor":18,"turns":6},{"damage":17,"enemies":"Hallownest:3_Youths","floor":21,"turns":7},{"damage":20,"enemies":"Hallownest:3_Mistakes","floor":22,"turns":15},{"damage":44,"enemies":"Hallownest:2_Husk_Sentries","floor":23,"turns":6},{"damage":20,"enemies":"Hallownest:Nosk","floor":25,"turns":6},{"damage":26,"enemies":"Hallownest:monsterShrumalOgre","floor":28,"turns":4},{"damage":26,"enemies":"Hallownest:Warrior_and_Youth","floor":30,"turns":7},{"damage":112,"enemies":"Hallownest:BossGrimm","floor":33,"turns":15},{"damage":45,"enemies":"3 Darklings","floor":35,"turns":8},{"damage":28,"enemies":"Orb Walker","floor":38,"turns":5},{"damage":24,"enemies":"Spire Growth","floor":39,"turns":5},{"damage":54,"enemies":"R_Hoarder","floor":40,"turns":9},{"damage":101,"enemies":"R_Hoarder","floor":42,"turns":6},{"damage":11,"enemies":"Maw","floor":44,"turns":6},{"damage":40,"enemies":"Reptomancer","floor":46,"turns":4},{"damage":24,"enemies":"Sphere and 2 Shapes","floor":48,"turns":3},{"damage":86,"enemies":"Donu and Deca","floor":50,"turns":5}],"seed_played":"2654725588313063677","potions_obtained":[{"floor":4,"key":"DuplicationPotion"},{"floor":7,"key":"Swift Potion"},{"floor":12,"key":"blueLaboratory:FrostheartPotion"},{"floor":14,"key":"blueLaboratory:BottleOfRum"},{"floor":18,"key":"Energy Potion"},{"floor":23,"key":"blueLaboratory:FruitPunch"},{"floor":28,"key":"Guardian:BlockOnCardUsePotion"},{"floor":33,"key":"LifebloodPotion"},{"floor":39,"key":"sneckomod:MuddlingPotion"},{"floor":44,"key":"Weak Potion"},{"floor":48,"key":"blueLaboratory:BottleOfRum"}],"is_trial":false,"path_per_floor":["M","COS","?","M","?","R","E","M","MIM","$","M","E","M","M","R","B",null,"M","?","$","M","M","M","R","E","T","R","M","R","M","?","R","B",null,"M","?","$","M","M","E","R","T","M","R","E","$","M","R","B"],"character_chosen":"THE_FIEND","items_purchased":["Golden Egg","Bag of Preparation","Singing Bowl","hubris:HerbalPaste","infinitespire:Chaos","expansioncontent:PrepareCrush","Fiend:FiendRam","Lee\u0027s Waffle","Blue Doll","hubris:DuctTape","ReplayTheSpireMod:CursedCoin","theForsaken:Lifeblossom","conspire:TreasureMap","infinitespire:Magic Flask","War Paint","Fiend:FiendCancer+1","hubris:EnhanceAbility","theForsaken:Gavel","Thinking Ahead","Fiend:FiendDemonWhip"],"campfire_rested":4,"item_purchase_floors":[0,0,0,0,0,0,0,10,10,20,37,37,37,37,37,37,37,47,47,47],"current_hp_per_floor":[35,35,28,24,24,49,30,30,38,92,93,90,89,73,73,79,94,90,90,90,89,94,72,96,85,85,85,87,87,92,92,92,55,90,73,73,73,72,78,86,9,9,38,69,44,44,39,70,0,0],"gold":36,"neow_bonus":"","is_daily":false,"chose_seed":false,"campfire_upgraded":5,"win_rate":0.0,"timestamp":1608684554,"path_taken":["M","COS","?","M","?","R","E","M","MIM","$","M","E","M","M","R","BOSS","M","?","$","M","M","M","R","E","T","R","?","R","?","?","R","BOSS","M","?","$","M","M","E","R","T","?","R","E","$","M","R","BOSS"],"items_purchased_type":["Relic","Relic","Relic","Relic","Relic","Card","Card","Relic","Relic","Relic","Relic","Relic","Relic","Relic","Relic","Card","Card","Relic","Card","Card"],"build_version":"2020-12-13","purchased_purges":2,"victory":false,"max_hp_per_floor":[70,70,84,84,84,84,84,84,85,92,93,93,93,93,93,94,94,94,94,94,94,95,96,96,96,96,96,97,97,98,98,98,102,102,103,103,103,103,103,104,105,105,105,105,106,106,106,106,106,106],"card_choices":[{"not_picked":["Fiend:FiendRadiation","Fiend:FiendRage","Fiend:FiendVaccine"],"picked":"Fiend:FiendBloodlust","floor":1},{"not_picked":["Fiend:FiendRadiation","Fiend:FiendMeatShield","Fiend:FiendSalvage"],"picked":"Fiend:FiendDemonicContract","floor":4},{"not_picked":["Fiend:FiendMeatPaste","Fiend:FiendSplat","Fiend:FiendAja"],"picked":"Fiend:FiendUpstartDemon","floor":7},{"not_picked":["Fiend:FiendSliceAndDice","Fiend:FiendConserve","Fiend:FiendRadiation"],"picked":"Fiend:FiendDeepenWound","floor":8},{"not_picked":["Fiend:FiendMeatShield","Fiend:FiendSalvage","Fiend:FiendExecute"],"picked":"Fiend:FiendBloodlust","floor":9},{"not_picked":["Fiend:FiendUpstartDemon","Fiend:FiendMeatShield","Fiend:FiendSalvage"],"picked":"Fiend:FiendDemonicContract","floor":11},{"not_picked":["Fiend:FiendConserve","Fiend:FiendSliceAndDice","Fiend:FiendUpstartDemon"],"picked":"Fiend:FiendVaccine","floor":12},{"not_picked":["Fiend:FiendInfect","Fiend:FiendSliceAndDice","Fiend:FiendExecute"],"picked":"Fiend:FiendSalvage","floor":13},{"not_picked":["Fiend:FiendAbomination","Fiend:FiendRage","Fiend:FiendBloodlust"],"picked":"Fiend:FiendHealBurst","floor":14},{"not_picked":["Fiend:FiendCurse","Fiend:FiendAja","Fiend:FiendNom"],"picked":"Fiend:FiendFeast","floor":16},{"not_picked":["Fiend:FiendLeech","Fiend:FiendSplat","Fiend:FiendFiendishCharge"],"picked":"Fiend:FiendRadiation","floor":18},{"not_picked":["Fiend:FiendBloodlust","Fiend:FiendFiendishCharge+1","Fiend:FiendInfect"],"picked":"Fiend:FiendCancer","floor":21},{"not_picked":["Fiend:FiendMeatMagnet","Fiend:FiendDemonicContract","Fiend:FiendRage"],"picked":"Fiend:FiendDemonWhip","floor":22},{"not_picked":["Fiend:FiendFlay+1","Fiend:FiendRam","Fiend:FiendSliceAndDice"],"picked":"Fiend:FiendSalvage+1","floor":23},{"not_picked":["Fiend:FiendBlackMarket","Fiend:FiendViolentOutburst","Fiend:FiendBloodPrice"],"picked":"Fiend:FiendFleshPlating","floor":25},{"not_picked":["Fiend:FiendRam","Fiend:FiendRadiation","Fiend:FiendRage"],"picked":"Fiend:FiendDeepenWound","floor":28},{"not_picked":["Fiend:FiendIronBlood","Fiend:FiendMeatPaste","Fiend:FiendRage"],"picked":"Fiend:FiendExecute","floor":30},{"not_picked":["Fiend:FiendAmnesia","Fiend:FiendNom","Fiend:FiendMutilation"],"picked":"Fiend:FiendSatanicRitual","floor":33},{"not_picked":["Fiend:FiendMeatPaste","Fiend:FiendRadiation","Fiend:FiendSplat+1"],"picked":"Fiend:FiendDemonicContract","floor":35},{"not_picked":["Fiend:FiendRage+1","Fiend:FiendRam+1","Fiend:FiendRadiation+1"],"picked":"Fiend:FiendHarden","floor":38},{"not_picked":["Fiend:FiendGreaterDemonSlash","Fiend:FiendMeatPaste","Fiend:FiendSplat"],"picked":"Fiend:FiendSiphon","floor":39},{"not_picked":["Fiend:FiendMeditate","Fiend:FiendSiphon+1","Fiend:FiendBackFromHell+1"],"picked":"Fiend:FiendSalvage+1","floor":40},{"not_picked":["Fiend:FiendSplat+1","Fiend:FiendSalvage+1","Fiend:FiendRampage"],"picked":"Fiend:FiendBloodlust+1","floor":42},{"not_picked":["Fiend:FiendDemonicContract+1","Fiend:FiendFiendishCharge+1","Fiend:FiendRam+1"],"picked":"Fiend:FiendBloodPrice+1","floor":44},{"not_picked":["Fiend:FiendLeech+1","Fiend:FiendConserve+1","Fiend:FiendCancer+1"],"picked":"Fiend:FiendBloodlust+1","floor":46},{"not_picked":["Fiend:FiendRampage","Fiend:FiendConserve","Fiend:FiendSplat+1"],"picked":"Fiend:FiendBloodlust","floor":48}],"player_experience":382895,"relics_obtained":[{"floor":7,"key":"Bag of Marbles"},{"floor":8,"key":"Gensokyo:OccultBall"},{"floor":11,"key":"Gensokyo:OccultBall"},{"floor":12,"key":"DeathKnight:PutricidesVial"},{"floor":13,"key":"Gensokyo:OccultBall"},{"floor":16,"key":"Gensokyo:OccultBall"},{"floor":25,"key":"hubris:Teleporter"},{"floor":26,"key":"thethorton:BankDeed"},{"floor":28,"key":"Gensokyo:OccultBall"},{"floor":33,"key":"Gensokyo:OccultBall"},{"floor":40,"key":"Oddly Smooth Stone"},{"floor":42,"key":"Gensokyo:OccultBall"},{"floor":43,"key":"construct:FoamFinger"},{"floor":46,"key":"infinitespire:Joker Card"}],"event_choices":[{"damage_healed":0,"gold_gain":0,"player_choice":"Leave","damage_taken":0,"max_hp_gain":0,"max_hp_loss":0,"event_name":"conspire:Investor","floor":31,"gold_loss":0},{"damage_healed":0,"gold_gain":100,"player_choice":"Pray","damage_taken":0,"max_hp_gain":0,"max_hp_loss":0,"event_name":"Golden Shrine","floor":36,"gold_loss":0}],"is_beta":false,"boss_relics":[{"not_picked":["Runesmith:UraniumAnvil","hubris:ScarierMask"],"picked":"Philosopher\u0027s Stone"},{"not_picked":["Runic Dome","Kintsugi"],"picked":"hubris:TerracottaHorce"}],"items_purged_floors":[20,37],"is_endless":false,"potions_floor_spawned":[4,7,12,14,18,23,28,33,39,44,48],"killed_by":"Donu and Deca","ascension_level":0}}