{"host":"eez7vtcxu2i37lck","time":1608767700,"event":{"mods":["AchievementEnabler","BaseMod","Colored Map","Colored Powertips","Downfall","Hermit","Highlight Path","Hubris","Infinite Spire","Jorbs\u0027s Wanderer Trilogy","Minty Spire (QoL Compilation)","Quick Restart","Rare Cards Sparkle","Replay The Spire","Shop Mod","StSLib","The IronCluck"],"gold_per_floor":[199,213,273,290,38,23,74,86,99,99,9,9,9,20,40,139,139,139,139,139,139,139,139,139,139,139,139,139,139,139,139,139,139,139,139,139,139,91,91,91,91,91,91,91,91,91,91,91,91,91],"floor_reached":51,"playtime":2141,"items_purged":["Slimebound:Strike_Slimebound"],"score":824,"play_id":"274635ed-9a4e-4ee1-9935-e477cff089c7","local_time":"20201223185500","is_ascension_mode":false,"campfire_choices":[{"data":"Slimebound:CorrosiveSpit","floor":1,"key":"SMITH"},{"data":"Slimebound:DouseInSlime","floor":12,"key":"SMITH"},{"data":"Slimebound:WasteNot","floor":18,"key":"SMITH"},{"data":"Slimebound:AcidTongue","floor":28,"key":"SMITH"},{"floor":30,"key":"REST"},{"data":"Slimebound:TongueLash","floor":35,"key":"SMITH"},{"data":"Slimebound:TongueLash","floor":43,"key":"SMITH"}],"circlet_count":0,"master_deck":["Slimebound:Strike_Slimebound","Slimebound:Strike_Slimebound","Slimebound:Tackle","Slimebound:Defend_Slimebound","Slimebound:Defend_Slimebound","Slimebound:Defend_Slimebound","Slimebound:Defend_Slimebound","Slimebound:Split","Slimebound:CorrosiveSpit+1","Slimebound:SamplingLick","Slimebound:SamplingLick","Slimebound:LeechingTouch","Slimebound:MegaLick","Slimebound:DouseInSlime+1","Slimebound:WasteNot+1","Slimebound:AcidTongue+1","Slimebound:Dissolve","Slimebound:SamplingLick","Slimebound:Gluttony","Slimebound:MegaLick","Slimebound:LeechLife","Slimebound:TongueLash+1","RitualDagger+1","Slimebound:HauntingLick+1","Slimebound:Replication+1","Slimebound:TongueLash+1","Slimebound:SamplingLick+1","Slimebound:SlimeSlap","Slimebound:OozeBath+1","Slimebound:RainOfGoop+1","Slimebound:AcidTongue+1","Slimebound:AcidTongue+1","Slimebound:Gluttony","Slimebound:SamplingLick+1","Slimebound:RejuvenatingLick+1","Slimebound:MegaLick+1"],"relics":["Slimebound:AbsorbEndCombat","Gremlin Horn","Centennial Puzzle","downfall:Hecktoplasm","hubris:Towel","MutagenicStrength","Toxic Egg 2","Slimebound:TarBlob","Counterbalance","Mercury Hourglass","Replay:Bottled Eggs","Gremlin Food","infinitespire:FocusingShard","Omamori"],"acts_visited":["Exordium","TheCity","TheBeyond"],"potions_floor_usage":[29,29,31,47],"damage_taken":[{"damage":9,"enemies":"Small Slimes","floor":2,"turns":3},{"damage":23,"enemies":"3 Sentries","floor":3,"turns":9},{"damage":4,"enemies":"Jaw Worm","floor":4,"turns":3},{"damage":4,"enemies":"downfall:FleeingMerchant","floor":5,"turns":4},{"damage":9,"enemies":"downfall:FleeingMerchant","floor":6,"turns":4},{"damage":4,"enemies":"Cultist","floor":8,"turns":2},{"damage":17,"enemies":"Exordium Thugs","floor":9,"turns":6},{"damage":8,"enemies":"downfall:FleeingMerchant","floor":11,"turns":4},{"damage":6,"enemies":"2 Fungi Beasts","floor":14,"turns":3},{"damage":15,"enemies":"Lots of Slimes","floor":15,"turns":4},{"damage":63,"enemies":"downfall:Defect","floor":16,"turns":7},{"damage":5,"enemies":"3 Byrds","floor":19,"turns":5},{"damage":29,"enemies":"Snecko","floor":26,"turns":5},{"damage":19,"enemies":"Sentry and Sphere","floor":27,"turns":4},{"damage":52,"enemies":"Chosen and Byrds","floor":29,"turns":7},{"damage":6,"enemies":"3 Cultists","floor":31,"turns":5},{"damage":3,"enemies":"Centurion and Healer","floor":32,"turns":3},{"damage":52,"enemies":"downfall:Silent","floor":33,"turns":6},{"damage":6,"enemies":"3 Darklings","floor":36,"turns":3},{"damage":0,"enemies":"Mind Bloom Boss Battle","floor":37,"turns":3},{"damage":3,"enemies":"downfall:FleeingMerchant","floor":38,"turns":4},{"damage":16,"enemies":"Orb Walker","floor":44,"turns":3},{"damage":31,"enemies":"Giant Head","floor":45,"turns":6},{"damage":44,"enemies":"Spire Growth","floor":46,"turns":4},{"damage":6,"enemies":"Sphere and 2 Shapes","floor":47,"turns":3},{"damage":40,"enemies":"Reptomancer","floor":48,"turns":4},{"damage":17,"enemies":"4 Shapes","floor":49,"turns":3},{"damage":11,"enemies":"downfall:Ironclad","floor":50,"turns":6}],"seed_played":"-2031960492537875417","potions_obtained":[{"floor":2,"key":"Explosive Potion"},{"floor":8,"key":"GamblersBrew"},{"floor":9,"key":"ColorlessPotion"},{"floor":29,"key":"LifebloodPotion"},{"floor":32,"key":"SpeedPotion"},{"floor":36,"key":"BlessingOfTheForge"},{"floor":47,"key":"FearPotion"}],"is_trial":false,"path_per_floor":["R","M","?","M","$","$","T","M","M","?","$","R","?","M","M","B",null,"R","M","?","?","?","?","T","?","M","M","R","M","R","M","M","B",null,"R","M","?","$","?","?","T","T","R","M","E","M","M","E","M","B",null],"character_chosen":"SLIMEBOUND","items_purchased":["Slimebound:DouseInSlime","Slimebound:Gluttony","Slimebound:AcidTongue"],"campfire_rested":1,"item_purchase_floors":[5,11,38],"current_hp_per_floor":[60,55,44,52,60,60,60,60,60,60,60,60,60,60,60,17,60,60,60,60,60,60,60,60,60,47,53,53,27,45,60,60,49,60,60,60,60,60,60,60,60,60,60,54,49,23,44,38,60,60],"gold":91,"neow_bonus":"HUNDRED_GOLD","is_daily":false,"chose_seed":false,"campfire_upgraded":6,"win_rate":0.0,"timestamp":1608767700,"path_taken":["R","M","?","M","?","$","T","?","M","?","$","R","?","M","M","BOSS","R","?","?","?","?","?","T","?","M","M","R","M","R","M","M","BOSS","R","M","?","$","?","?","T","?","R","M","E","M","M","E","M","BOSS"],"items_purchased_type":["Card","Card","Card"],"build_version":"2020-12-22","purchased_purges":1,"victory":true,"max_hp_per_floor":[60,60,60,60,60,60,60,60,60,60,60,60,60,60,60,60,60,60,60,60,60,60,60,60,60,60,60,60,60,60,60,60,60,60,60,60,60,60,60,60,60,60,60,60,60,60,60,60,60,60],"card_choices":[{"not_picked":["Slimebound:ItLooksTasty","Slimebound:GoopTackle"],"picked":"Slimebound:SamplingLick","floor":2},{"not_picked":["Slimebound:SlimeBarrage","Slimebound:HungryTackle"],"picked":"Slimebound:SamplingLick","floor":3},{"not_picked":["Slimebound:LeadByExample","Slimebound:PressTheAttack"],"picked":"Slimebound:LeechingTouch","floor":4},{"not_picked":["Slimebound:GoopSpray","Slimebound:LivingWall"],"picked":"Slimebound:MegaLick","floor":5},{"not_picked":["Slimebound:RollThrough","Slimebound:GoopSpray"],"picked":"Slimebound:WasteNot","floor":6},{"not_picked":["Slimebound:Recollect","Slimebound:SplitAcid"],"picked":"Slimebound:AcidTongue","floor":8},{"not_picked":["Slimebound:ItLooksTasty","Slimebound:PressTheAttack"],"picked":"Slimebound:Dissolve","floor":9},{"not_picked":["Slimebound:Equalize","Slimebound:SplitBruiser"],"picked":"Slimebound:SamplingLick","floor":11},{"not_picked":["Slimebound:FinishingTackle","Slimebound:SpikyOuterGoop","Slimebound:FirmFortitude"],"picked":"SKIP","floor":14},{"not_picked":["Slimebound:SlimeSpikes","Slimebound:BestDefense","Slimebound:ServeAndProtect"],"picked":"SKIP","floor":15},{"not_picked":["Slimebound:MinionMaster","Slimebound:PrepareCrush"],"picked":"Slimebound:LeechLife","floor":16},{"not_picked":["Slimebound:FirmFortitude+1","Slimebound:ComboTackle"],"picked":"Slimebound:TongueLash","floor":19},{"not_picked":["Slimebound:PressTheAttack","Slimebound:Equalize+1"],"picked":"Slimebound:HauntingLick+1","floor":26},{"not_picked":["Slimebound:GrowthPunch+1","Slimebound:SlimeSpikes+1"],"picked":"Slimebound:Replication+1","floor":27},{"not_picked":["Slimebound:Schlurp+1","Slimebound:GrowthPunch"],"picked":"Slimebound:TongueLash","floor":29},{"not_picked":["Slimebound:RainOfGoop+1","Slimebound:LeechingTouch"],"picked":"Slimebound:SamplingLick+1","floor":31},{"not_picked":["Slimebound:SplitBruiser+1","Slimebound:GrowthPunch+1"],"picked":"Slimebound:SlimeSlap","floor":32},{"not_picked":["Slimebound:MassFeed","Slimebound:Darklings+1"],"picked":"Slimebound:OozeBath+1","floor":33},{"not_picked":["Slimebound:DivideAndConquer+1","Slimebound:ComboTackle+1","Slimebound:SplitLeeching+1"],"picked":"SKIP","floor":36},{"not_picked":["Slimebound:SplitAcid+1","Slimebound:FormOfPuddle+1"],"picked":"Slimebound:RainOfGoop+1","floor":37},{"not_picked":["Slimebound:SlimeSpikes+1","Slimebound:SamplingLick+1"],"picked":"Slimebound:AcidTongue","floor":38},{"not_picked":["Slimebound:GoopSpray+1","Slimebound:SlimeSpikes+1","Slimebound:SplitMire+1"],"picked":"SKIP","floor":44},{"not_picked":["Slimebound:ServeAndProtect+1","Slimebound:SlimeBarrage"],"picked":"Slimebound:Gluttony","floor":45},{"not_picked":["Slimebound:SlimeSpikes+1","Slimebound:ComboTackle"],"picked":"Slimebound:SamplingLick+1","floor":46},{"not_picked":["Slimebound:ItLooksTasty","Slimebound:Equalize"],"picked":"Slimebound:RejuvenatingLick+1","floor":47},{"not_picked":["Slimebound:GrowthPunch","Slimebound:SlimeSpikes+1"],"picked":"Slimebound:MegaLick+1","floor":48},{"not_picked":["Slimebound:Dissolve+1","Slimebound:GrowthPunch+1","Slimebound:LeechEnergy"],"picked":"SKIP","floor":49}],"player_experience":238222,"relics_obtained":[{"floor":7,"key":"Centennial Puzzle"},{"floor":24,"key":"Toxic Egg 2"},{"floor":37,"key":"Counterbalance"},{"floor":39,"key":"Mercury Hourglass"},{"floor":41,"key":"Replay:Bottled Eggs"},{"floor":42,"key":"Gremlin Food"},{"floor":45,"key":"infinitespire:FocusingShard"},{"floor":48,"key":"Omamori"}],"event_choices":[{"damage_healed":0,"gold_gain":0,"player_choice":"Inject Mutagens","damage_taken":0,"relics_obtained":["MutagenicStrength"],"max_hp_gain":0,"max_hp_loss":0,"event_name":"Drug Dealer","floor":23,"gold_loss":0}],"is_beta":false,"boss_relics":[{"not_picked":["ReplayTheSpireMod:SealedPack","Runic Dome"],"picked":"downfall:Hecktoplasm"},{"not_picked":["Honey Jar","Runic Pyramid"],"picked":"Slimebound:TarBlob"}],"items_purged_floors":[5],"is_endless":false,"potions_floor_spawned":[2,8,9,14,19,29,32,36,44,45,46,47],"ascension_level":0}}