{"host":"hgkb2zpbo2dcws21","time":1608729530,"event":{"mods":["AchievementEnabler","BaseMod","Colored Map","Colored Powertips","Custom Start","DeckTracker","KOR Keyword Fix","Minty Spire (QoL Compilation)","Relic Stats","StSLib","SuperFastMode"],"gold_per_floor":[362,373,145,162,173,173,191,219,219,169,169,197,197,260,260,332,332,351,450,450,365,365,365,183,210,210,244,244,262,289,289,289,289,289],"floor_reached":33,"playtime":813,"items_purged":["Shame","Defend_P+1"],"score":525,"play_id":"3c8bd2fe-a21c-4a55-9385-c3ccf88b7f7c","local_time":"20201223221850","is_ascension_mode":true,"campfire_choices":[{"data":"Eruption","floor":6.0,"key":"SMITH"},{"data":"Fasting2","floor":11.0,"key":"SMITH"},{"floor":13.0,"key":"REST"},{"floor":15.0,"key":"REST"},{"data":"Scrawl","floor":23.0,"key":"SMITH"},{"data":"CrushJoints","floor":28.0,"key":"SMITH"},{"floor":32.0,"key":"REST"}],"circlet_count":0,"master_deck":["AscendersBane","Strike_P+1","Strike_P+1","Defend_P+1","Defend_P+1","Eruption+1","Vigilance","EmptyFist","Halt","WheelKick","MentalFortress","CrushJoints+1","Fasting2+1","Evaluate","Scrawl+1","InnerPeace","MentalFortress+1","BattleHymn+1","Ragnarok+1","LessonLearned+1"],"relics":["PureWater","ClockworkSouvenir","Dream Catcher","Frozen Egg 2","Bronze Scales","Eternal Feather","Runic Pyramid","Anchor","Molten Egg 2","Meat on the Bone","Yang","Regal Pillow"],"acts_visited":["Exordium","TheCity"],"potions_floor_usage":[],"damage_taken":[{"damage":18.0,"enemies":"Cultist","floor":1.0,"turns":4.0},{"damage":4.0,"enemies":"2 Louse","floor":2.0,"turns":4.0},{"damage":2.0,"enemies":"Small Slimes","floor":4.0,"turns":4.0},{"damage":5.0,"enemies":"Exordium Thugs","floor":5.0,"turns":3.0},{"damage":0.0,"enemies":"Blue Slaver","floor":7.0,"turns":3.0},{"damage":21.0,"enemies":"3 Sentries","floor":8.0,"turns":8.0},{"damage":24.0,"enemies":"Gremlin Nob","floor":12.0,"turns":4.0},{"damage":12.0,"enemies":"3 Sentries","floor":14.0,"turns":6.0},{"damage":31.0,"enemies":"The Guardian","floor":16.0,"turns":11.0},{"damage":14.0,"enemies":"Shell Parasite","floor":18.0,"turns":4.0},{"damage":15.0,"enemies":"Book of Stabbing","floor":25.0,"turns":4.0},{"damage":3.0,"enemies":"Slavers","floor":27.0,"turns":4.0},{"damage":23.0,"enemies":"2 Thieves","floor":29.0,"turns":3.0},{"damage":39.0,"enemies":"Book of Stabbing","floor":30.0,"turns":6.0},{"damage":85,"enemies":"Collector","floor":33,"turns":8}],"seed_played":"2034229099800056069","potions_obtained":[{"floor":1.0,"key":"Regen Potion"},{"floor":2.0,"key":"DuplicationPotion"},{"floor":16.0,"key":"DistilledChaos"},{"floor":18.0,"key":"BottledMiracle"}],"is_trial":false,"path_per_floor":["M","M","$","M","M","R","M","E","T","?","R","E","R","?","R","B",null,"M","?","?","?","?","R","$","E","T","E","R","M","E","?","R","B"],"character_chosen":"WATCHER","items_purchased":["ClockworkSouvenir","MentalFortress+1"],"campfire_rested":3,"item_purchase_floors":[3,24],"current_hp_per_floor":[43,39,39,37,32,32,32,26,26,26,26,2,22,10,39,8,53,39,39,39,39,39,48,48,33,33,42,54,43,16,16,63,0,0],"gold":289,"neow_bonus":"TWO_FIFTY_GOLD","is_daily":false,"chose_seed":false,"campfire_upgraded":4,"win_rate":0.0,"timestamp":1608729530,"path_taken":["M","M","$","M","M","R","?","E","T","?","R","E","R","?","R","BOSS","M","?","?","?","?","R","$","E","T","E","R","M","E","?","R","BOSS"],"items_purchased_type":["Relic","Card"],"build_version":"2020-12-22","purchased_purges":2,"victory":false,"max_hp_per_floor":[68,68,68,68,68,68,68,68,68,68,68,68,68,68,68,68,68,68,68,68,68,68,68,68,68,68,68,68,68,68,68,68,68,68],"relic_stats":{"Dream Catcher":3,"Regal Pillow":15,"counters":[15,76],"Bronze Scales":[171],"Eternal Feather":42,"Yang":[32],"obtain_stats":[{"Dream Catcher":8,"Anchor":21,"Regal Pillow":30,"Bronze Scales":12,"Eternal Feather":14,"Molten Egg 2":25,"Yang":27,"PureWater":0,"Frozen Egg 2":9,"ClockworkSouvenir":3,"Runic Pyramid":17,"Meat on the Bone":26},{"Dream Catcher":6,"Anchor":10,"Regal Pillow":14,"Bronze Scales":7,"Eternal Feather":7,"Molten Egg 2":11,"Yang":12,"PureWater":0,"Frozen Egg 2":6,"ClockworkSouvenir":2,"Runic Pyramid":9,"Meat on the Bone":11},{"Dream Catcher":26,"Anchor":51,"Regal Pillow":68,"Bronze Scales":30,"Eternal Feather":30,"Molten Egg 2":55,"Yang":59,"PureWater":0,"Frozen Egg 2":26,"ClockworkSouvenir":8,"Runic Pyramid":47,"Meat on the Bone":55}],"Meat on the Bone":36},"card_choices":[{"not_picked":["SandsOfTime","Swivel"],"picked":"EmptyFist","floor":1.0},{"not_picked":["FlyingSleeves","Wireheading"],"picked":"Halt","floor":2.0},{"not_picked":["WreathOfFlame","CrushJoints"],"picked":"WheelKick","floor":4.0},{"not_picked":["Halt","WindmillStrike"],"picked":"MentalFortress","floor":5.0},{"not_picked":["PathToVictory","LikeWater"],"picked":"CrushJoints","floor":7.0},{"not_picked":["SpiritShield","Perseverance"],"picked":"Fasting2","floor":8.0},{"not_picked":["CrushJoints","Pray","WheelKick"],"picked":"SKIP","floor":12.0},{"not_picked":["PathToVictory","Swivel"],"picked":"Evaluate","floor":14.0},{"not_picked":["Devotion+1","ConjureBlade"],"picked":"Scrawl","floor":16.0},{"not_picked":["Weave","EmptyFist"],"picked":"InnerPeace","floor":18.0},{"not_picked":["Collect","ThirdEye","ForeignInfluence"],"picked":"SKIP","floor":25.0},{"not_picked":["FlyingSleeves+1","Indignation"],"picked":"BattleHymn+1","floor":27.0},{"not_picked":["Crescendo","FlyingSleeves+1","PathToVictory"],"picked":"SKIP","floor":29.0},{"not_picked":["EmptyBody","FlurryOfBlows+1","SashWhip+1"],"picked":"SKIP","floor":30.0}],"player_experience":1099958,"relics_obtained":[{"floor":8.0,"key":"Dream Catcher"},{"floor":9.0,"key":"Frozen Egg 2"},{"floor":12.0,"key":"Bronze Scales"},{"floor":25.0,"key":"Molten Egg 2"},{"floor":26.0,"key":"Meat on the Bone"},{"floor":27.0,"key":"Yang"},{"floor":30.0,"key":"Regal Pillow"}],"event_choices":[{"cards_removed":["Strike_P"],"damage_healed":0.0,"max_hp_gain":0.0,"max_hp_loss":0.0,"gold_gain":0.0,"event_name":"The Cleric","player_choice":"Card Removal","floor":10.0,"gold_loss":50.0,"damage_taken":0.0},{"damage_healed":0.0,"max_hp_gain":0.0,"max_hp_loss":0.0,"gold_gain":0.0,"event_name":"Dead Adventurer","player_choice":"Searched \u00273\u0027 times","floor":14.0,"gold_loss":0.0,"damage_taken":0.0,"relics_obtained":["Eternal Feather"]},{"damage_healed":0.0,"max_hp_gain":0.0,"max_hp_loss":0.0,"gold_gain":99.0,"event_name":"Nest","player_choice":"Stole From Cult","floor":19.0,"gold_loss":0.0,"damage_taken":0.0},{"damage_healed":0.0,"max_hp_gain":0.0,"max_hp_loss":0.0,"gold_gain":0.0,"event_name":"Vampires","player_choice":"Ignored","floor":20.0,"gold_loss":0.0,"damage_taken":0.0},{"damage_healed":0.0,"max_hp_gain":0.0,"max_hp_loss":0.0,"gold_gain":0.0,"event_name":"Addict","player_choice":"Obtained Relic","floor":21.0,"gold_loss":85.0,"damage_taken":0.0,"relics_obtained":["Anchor"]},{"damage_healed":0.0,"max_hp_gain":0.0,"max_hp_loss":0.0,"gold_gain":0.0,"event_name":"Back to Basics","player_choice":"Simplicity","floor":22.0,"gold_loss":0.0,"damage_taken":0.0,"cards_upgraded":["Strike_P","Strike_P","Strike_P","Defend_P","Defend_P","Defend_P","Defend_P"]},{"damage_healed":0.0,"max_hp_gain":0.0,"max_hp_loss":0.0,"gold_gain":0.0,"cards_transformed":["Strike_P","Defend_P"],"event_name":"Drug Dealer","player_choice":"Became Test Subject","floor":31.0,"gold_loss":0.0,"damage_taken":0.0,"cards_obtained":["Ragnarok","LessonLearned"]}],"is_beta":false,"boss_relics":[{"not_picked":["Calling Bell","Pandora\u0027s Box"],"picked":"Runic Pyramid"}],"items_purged_floors":[3,24],"is_endless":false,"potions_floor_spawned":[1,2,4,16,18,27,29],"killed_by":"Collector","ascension_level":14}}