{"host":"5fasz840ryq7obdf","time":1608720715,"event":{"mods":["AchievementEnabler","BaseMod","Bestiary","Better Altar","Better Skull","Better Third Choice","BetterRewards","Block Reminder","Colored Powertips","Curses Come First","Minty Spire (QoL Compilation)","Quick Restart","Relic Stats","Shop Mod","Spicy Shops","StSLib"],"gold_per_floor":[112,34,54,65,85,117,131,166,189,189,214,214,228,153,153,226,226,236,236,14,32,59,59,88,88,88,119,139,139,139],"floor_reached":29,"playtime":2857,"items_purged":[],"score":844,"play_id":"c69fdf6d-7ae9-4a69-839a-dbc9dc845ece","local_time":"20201223105155","is_ascension_mode":true,"campfire_choices":[{"floor":10.0,"key":"REST"},{"data":"Eruption","floor":12,"key":"SMITH"},{"floor":15,"key":"REST"},{"data":"1","floor":23,"key":"LIFT"}],"circlet_count":0,"master_deck":["AscendersBane","Strike_P+1","Strike_P","Strike_P","Defend_P","Defend_P","Defend_P","Defend_P","Eruption+1","Vigilance","TalkToTheHand","Sadistic Nature","WaveOfTheHand","Blind","Crescendo","Adaptation","ConjureBlade","Adaptation","EmptyBody","DeusExMachina","TalkToTheHand+1","Collect","CutThroughFate","ClearTheMind","LikeWater","Evaluate","Consecrate","ThirdEye","WreathOfFlame"],"relics":["PureWater","Blue Candle","Darkstone Periapt","Calipers","Sling","Lantern","Lee\u0027s Waffle","OrangePellets","HandDrill","Tiny Chest","Bag of Preparation","Girya","Dream Catcher","Smiling Mask","Toy Ornithopter","Oddly Smooth Stone","VioletLotus","Membership Card","Whetstone","PreservedInsect","TeardropLocket","Bottled Flame"],"acts_visited":["TheCity"],"potions_floor_usage":[29],"damage_taken":[{"damage":8.0,"enemies":"2 Louse","floor":1.0,"turns":3.0},{"damage":0.0,"enemies":"Cultist","floor":3.0,"turns":3.0},{"damage":12.0,"enemies":"Small Slimes","floor":4.0,"turns":3.0},{"damage":5.0,"enemies":"Looter","floor":5.0,"turns":4.0},{"damage":0.0,"enemies":"Gremlin Nob","floor":6.0,"turns":2.0},{"damage":4.0,"enemies":"Large Slime","floor":7.0,"turns":8.0},{"damage":38.0,"enemies":"3 Sentries","floor":8.0,"turns":12.0},{"damage":1,"enemies":"Lagavulin","floor":11,"turns":3},{"damage":1,"enemies":"Gremlin Gang","floor":13,"turns":6},{"damage":14,"enemies":"The Guardian","floor":16,"turns":7},{"damage":31,"enemies":"Chosen","floor":18,"turns":9},{"damage":28,"enemies":"3 Byrds","floor":21,"turns":6},{"damage":38,"enemies":"Gremlin Leader","floor":24,"turns":4},{"damage":10,"enemies":"Book of Stabbing","floor":27,"turns":3},{"damage":2,"enemies":"Snake Plant","floor":28,"turns":5},{"damage":12,"enemies":"Gremlin Leader","floor":29,"turns":2}],"seed_played":"3286673303779259190","potions_obtained":[{"floor":1.0,"key":"Fire Potion"},{"floor":18,"key":"BottledMiracle"}],"is_trial":false,"path_per_floor":["M","$","M","M","M","E","M","E","T","R","E","R","M","?","R","B",null,"M","?","$","M","T","R","E","?","T","E","M","E"],"character_chosen":"WATCHER","items_purchased":["Blue Candle","Darkstone Periapt","Calipers","Sling","TalkToTheHand","Lantern","Lee\u0027s Waffle","OrangePellets","Sadistic Nature","WaveOfTheHand","HandDrill","Tiny Chest","Bag of Preparation","Blind","Adaptation","Membership Card","LikeWater"],"campfire_rested":2,"item_purchase_floors":[0,0,0,0,0,0,0,0,0,0,0,0,0,0,2,20,20],"current_hp_per_floor":[67,67,67,55,50,50,46,8,8,30,29,29,28,28,50,36,65,34,85,85,57,57,57,19,19,19,9,7,0,0],"gold":139,"neow_bonus":"","is_daily":false,"chose_seed":false,"campfire_upgraded":1,"win_rate":0.0,"timestamp":1608720715,"path_taken":["M","$","M","M","M","E","M","E","T","R","E","R","M","?","R","BOSS","M","?","?","M","?","R","E","?","T","E","M","E"],"items_purchased_type":["Relic","Relic","Relic","Relic","Card","Relic","Relic","Relic","Card","Card","Relic","Relic","Relic","Card","Card","Relic","Card"],"build_version":"2020-12-22","purchased_purges":0,"victory":false,"max_hp_per_floor":[75,75,75,75,75,75,75,75,75,75,75,75,75,75,75,75,75,75,85,85,85,85,85,85,85,85,85,85,85,85],"relic_stats":{"Darkstone Periapt":0,"Lee\u0027s Waffle":0,"counters":[9,45],"Blue Candle":[8],"PreservedInsect":93,"Bag of Preparation":[19],"Whetstone":["Strike_P","TalkToTheHand"],"Smiling Mask":0,"OrangePellets":[6],"Dream Catcher":1,"Tiny Chest":1,"VioletLotus":[8],"HandDrill":[26],"obtain_stats":[{"Darkstone Periapt":0,"Girya":0,"Lantern":0,"Lee\u0027s Waffle":0,"Calipers":0,"Blue Candle":0,"Oddly Smooth Stone":11,"PreservedInsect":24,"Bag of Preparation":0,"Whetstone":22,"TeardropLocket":26,"Sling":0,"Smiling Mask":0,"OrangePellets":0,"Dream Catcher":0,"Bottled Flame":27,"Tiny Chest":0,"VioletLotus":17,"HandDrill":0,"Membership Card":20,"PureWater":0,"Toy Ornithopter":0},{"Darkstone Periapt":0,"Girya":0,"Lantern":0,"Lee\u0027s Waffle":0,"Calipers":0,"Blue Candle":0,"Oddly Smooth Stone":1,"PreservedInsect":6,"Bag of Preparation":0,"Whetstone":5,"TeardropLocket":6,"Sling":0,"Smiling Mask":0,"OrangePellets":0,"Dream Catcher":0,"Bottled Flame":7,"Tiny Chest":0,"VioletLotus":3,"HandDrill":0,"Membership Card":4,"PureWater":0,"Toy Ornithopter":0},{"Darkstone Periapt":0,"Girya":0,"Lantern":0,"Lee\u0027s Waffle":0,"Calipers":0,"Blue Candle":0,"Oddly Smooth Stone":3,"PreservedInsect":35,"Bag of Preparation":0,"Whetstone":31,"TeardropLocket":35,"Sling":0,"Smiling Mask":0,"OrangePellets":0,"Dream Catcher":0,"Bottled Flame":38,"Tiny Chest":0,"VioletLotus":16,"HandDrill":0,"Membership Card":25,"PureWater":0,"Toy Ornithopter":0}],"Toy Ornithopter":5},"card_choices":[{"not_picked":["Prostrate","EmptyFist"],"picked":"Crescendo","floor":1.0},{"not_picked":["ReachHeaven","EmptyBody"],"picked":"ConjureBlade","floor":3.0},{"not_picked":["SignatureMove","Weave","FollowUp"],"picked":"SKIP","floor":4.0},{"not_picked":["Pray","Perseverance"],"picked":"Adaptation","floor":5.0},{"not_picked":["Swivel","BattleHymn"],"picked":"EmptyBody","floor":6.0},{"not_picked":["EmptyBody","PathToVictory","BowlingBash"],"picked":"SKIP","floor":7.0},{"not_picked":["CutThroughFate","Vengeance"],"picked":"DeusExMachina","floor":8.0},{"not_picked":["PathToVictory","Conclude"],"picked":"TalkToTheHand","floor":10.0},{"not_picked":["PathToVictory","Halt"],"picked":"Collect","floor":11},{"not_picked":["FollowUp","JustLucky"],"picked":"CutThroughFate","floor":13},{"not_picked":["BowlingBash","EmptyBody"],"picked":"ClearTheMind","floor":15},{"not_picked":["Vault","Brilliance"],"picked":"Judgement","floor":16},{"not_picked":["FearNoEvil","Nirvana","BattleHymn"],"picked":"SKIP","floor":18},{"not_picked":["SashWhip","BowlingBash"],"picked":"Evaluate","floor":21},{"not_picked":["WindmillStrike","ClearTheMind"],"picked":"Consecrate","floor":24},{"not_picked":["BowlingBash","Adaptation"],"picked":"ThirdEye","floor":27},{"not_picked":["WaveOfTheHand","PathToVictory"],"picked":"WreathOfFlame","floor":28}],"player_experience":977479,"relics_obtained":[{"floor":6.0,"key":"Dream Catcher"},{"floor":8.0,"key":"Smiling Mask"},{"floor":9.0,"key":"Toy Ornithopter"},{"floor":11,"key":"Oddly Smooth Stone"},{"floor":22,"key":"Whetstone"},{"floor":24,"key":"PreservedInsect"},{"floor":26,"key":"TeardropLocket"},{"floor":27,"key":"Bottled Flame"}],"event_choices":[{"cards_removed":["Strike_P"],"damage_healed":0,"gold_gain":0,"player_choice":"Card Removal","damage_taken":0,"max_hp_gain":0,"max_hp_loss":0,"event_name":"The Cleric","floor":14,"gold_loss":75},{"cards_removed":["Judgement"],"damage_healed":41,"gold_gain":0,"player_choice":"Offered Rare","damage_taken":0,"max_hp_gain":10,"max_hp_loss":0,"event_name":"Bonfire Elementals","floor":19,"gold_loss":0},{"damage_healed":0,"gold_gain":0,"player_choice":"Ignored","damage_taken":0,"max_hp_gain":0,"max_hp_loss":0,"event_name":"Vampires","floor":25,"gold_loss":0}],"is_beta":false,"boss_relics":[{"not_picked":["Ectoplasm","Sozu"],"picked":"VioletLotus"}],"items_purged_floors":[],"is_endless":false,"potions_floor_spawned":[1,4,6,8,13,18,24],"killed_by":"Gremlin Leader","ascension_level":19}}