{"host":"126yiuos2nq86se7","time":1608682468,"event":{"mods":["AchievementEnabler","Act Like it!","BaseMod","Colored Map","Colored Powertips","Downfall","Friendly Minions","Halation","Highlight Path","Minty Spire (QoL Compilation)","StSLib","SuperFastMode","The Animator"],"gold_per_floor":[213,84,100,100,119,145,145,158,158,158,169,169,185,260,260,357,357,375,393,492,492,512,512,527,527,527,527,442,37,37,52,52,148,148,162,173,190,190,208,208,225,225,225,325,50,50,69,87,87,87,87],"floor_reached":50,"playtime":3537,"items_purged":["Eruption","Strike_P","Strike_P"],"score":496,"play_id":"ba1dd9f3-cbe4-4a17-b584-d25fb4a70992","local_time":"20201223111428","is_ascension_mode":false,"campfire_choices":[{"floor":7,"key":"REST"},{"data":"PathToVictory","floor":10,"key":"SMITH"},{"data":"PathToVictory","floor":12,"key":"SMITH"},{"data":"Study","floor":15,"key":"SMITH"},{"data":"Vigilance","floor":23,"key":"SMITH"},{"floor":25,"key":"REST"},{"data":"Devotion","floor":32,"key":"SMITH"},{"floor":40,"key":"REST"},{"data":"JustLucky","floor":42,"key":"SMITH"},{"data":"CutThroughFate","floor":46,"key":"SMITH"},{"floor":49,"key":"REST"}],"circlet_count":0,"master_deck":["Strike_P","Strike_P","Defend_P","Defend_P+1","Defend_P","Defend_P+1","Vigilance+1","PathToVictory+1","PathToVictory+1","JustLucky+1","CutThroughFate+1","Study+1","ThirdEye","Establishment","Protect","ThirdEye","Halt+1","Devotion+1","JustLucky","SpiritShield+1","WheelKick+1"],"relics":["PureWater","halation:PinkSoulGem","Regal Pillow","Oddly Smooth Stone","Sozu","Nilry\u0027s Codex","Centennial Puzzle","halation:EternalFortune","Toxic Egg 2","Akabeko","War Paint","Busted Crown","Letter Opener","Membership Card"],"acts_visited":["Exordium","TheCity","TheBeyond"],"potions_floor_usage":[6,6,16],"damage_taken":[{"damage":12,"enemies":"Small Slimes","floor":1,"turns":5},{"damage":2,"enemies":"Jaw Worm","floor":3,"turns":4},{"damage":0,"enemies":"2 Louse","floor":5,"turns":2},{"damage":24,"enemies":"Lagavulin","floor":6,"turns":4},{"damage":0,"enemies":"2 Fungi Beasts","floor":8,"turns":3},{"damage":4,"enemies":"Looter","floor":11,"turns":3},{"damage":3,"enemies":"3 Louse","floor":13,"turns":4},{"damage":0,"enemies":"The Guardian","floor":16,"turns":7},{"damage":3,"enemies":"3 Byrds","floor":18,"turns":4},{"damage":1,"enemies":"Shell Parasite","floor":19,"turns":4},{"damage":0,"enemies":"Shelled Parasite and Fungi","floor":22,"turns":6},{"damage":16,"enemies":"Snecko","floor":24,"turns":5},{"damage":0,"enemies":"Snake Plant","floor":31,"turns":4},{"damage":51,"enemies":"Automaton","floor":33,"turns":11},{"damage":5,"enemies":"Orb Walker","floor":35,"turns":4},{"damage":18,"enemies":"3 Darklings","floor":36,"turns":7},{"damage":11,"enemies":"Writhing Mass","floor":37,"turns":5},{"damage":7,"enemies":"Transient","floor":39,"turns":5},{"damage":0,"enemies":"3 Darklings","floor":41,"turns":6},{"damage":8,"enemies":"4 Shapes","floor":47,"turns":9},{"damage":17,"enemies":"Spire Growth","floor":48,"turns":5},{"damage":88,"enemies":"Time Eater","floor":50,"turns":9}],"seed_played":"-7216272359908818123","potions_obtained":[{"floor":1,"key":"sneckomod:MuddlingPotion"},{"floor":3,"key":"AttackPotion"},{"floor":8,"key":"PowerPotion"}],"is_trial":false,"path_per_floor":["M","$","M","?","M","E","R","M","T","R","M","R","M","?","R","B",null,"M","M","?","?","M","R","M","R","T","?","?","$","?","M","R","B",null,"M","M","M","?","M","R","M","R","T","?","$","R","M","M","R","B"],"character_chosen":"WATCHER","items_purchased":["PathToVictory","Akabeko","War Paint","Membership Card"],"campfire_rested":4,"item_purchase_floors":[2,29,29,45],"current_hp_per_floor":[60,60,58,58,58,34,70,70,70,70,66,66,63,52,52,52,72,69,68,68,52,52,52,36,72,72,75,75,75,75,75,75,24,75,70,52,41,41,37,75,75,75,75,75,75,75,67,50,78,0,0],"gold":87,"neow_bonus":"HUNDRED_GOLD","is_daily":false,"chose_seed":false,"campfire_upgraded":7,"win_rate":0.0,"timestamp":1608682468,"path_taken":["M","$","M","?","M","E","R","M","T","R","M","R","M","?","R","BOSS","M","M","?","?","M","R","M","R","T","?","?","$","?","?","R","BOSS","M","?","M","?","M","R","M","R","T","?","$","R","?","M","R","BOSS"],"items_purchased_type":["Card","Relic","Relic","Relic"],"build_version":"2020-12-13","purchased_purges":3,"victory":false,"max_hp_per_floor":[72,72,72,72,72,72,72,72,72,72,72,72,72,72,72,72,72,72,72,72,72,72,72,72,72,72,75,75,75,75,75,75,75,75,75,75,75,75,78,78,78,78,78,78,78,78,78,78,78,78,78],"card_choices":[{"not_picked":["CutThroughFate","EmptyFist"],"picked":"PathToVictory","floor":1},{"not_picked":["Worship","Vengeance"],"picked":"JustLucky","floor":3},{"not_picked":["EmptyMind","Conclude","ClearTheMind"],"picked":"SKIP","floor":5},{"not_picked":["CrushJoints","SashWhip","Fasting2"],"picked":"SKIP","floor":6},{"not_picked":["WreathOfFlame","EmptyFist"],"picked":"CutThroughFate","floor":8},{"not_picked":["CutThroughFate","Indignation"],"picked":"Study","floor":11},{"not_picked":["Consecrate","ClearTheMind"],"picked":"ThirdEye","floor":13},{"not_picked":["Ragnarok","Omniscience"],"picked":"Establishment","floor":16},{"not_picked":["ClearTheMind+1","CarveReality"],"picked":"Protect","floor":18},{"not_picked":["Prostrate+1","TalkToTheHand+1"],"picked":"ThirdEye","floor":19},{"not_picked":["Fasting2","Consecrate","WaveOfTheHand"],"picked":"SKIP","floor":22},{"not_picked":["Tantrum+1","TalkToTheHand","Prostrate"],"picked":"SKIP","floor":24},{"not_picked":["CrushJoints","Consecrate"],"picked":"JustLucky","floor":31},{"not_picked":["Vault+1","Devotion"],"picked":"SpiritShield+1","floor":33},{"not_picked":["EmptyBody+1"],"picked":"SKIP","floor":35},{"not_picked":["CrushJoints"],"picked":"SKIP","floor":36},{"not_picked":["FlurryOfBlows"],"picked":"SKIP","floor":37},{"not_picked":["SashWhip"],"picked":"SKIP","floor":39},{"not_picked":["Tantrum"],"picked":"SKIP","floor":41},{"not_picked":["Consecrate"],"picked":"SKIP","floor":47},{"not_picked":[],"picked":"WheelKick+1","floor":48}],"player_experience":1588495,"relics_obtained":[{"floor":6,"key":"Regal Pillow"},{"floor":9,"key":"Oddly Smooth Stone"},{"floor":21,"key":"Nilry\u0027s Codex"},{"floor":26,"key":"Centennial Puzzle"},{"floor":39,"key":"halation:EternalFortune"},{"floor":43,"key":"Letter Opener"}],"event_choices":[{"damage_healed":0,"gold_gain":75,"player_choice":"Gather Gold","damage_taken":11,"max_hp_gain":0,"max_hp_loss":0,"event_name":"World of Goop","floor":14,"gold_loss":0},{"damage_healed":0,"gold_gain":99,"player_choice":"Stole From Cult","damage_taken":0,"max_hp_gain":0,"max_hp_loss":0,"event_name":"Nest","floor":20,"gold_loss":0},{"damage_healed":0,"gold_gain":0,"player_choice":"Obtained Book","damage_taken":16,"max_hp_gain":0,"max_hp_loss":0,"event_name":"Cursed Tome","floor":21,"gold_loss":0},{"damage_healed":0,"gold_gain":0,"player_choice":"Obtained Relic","damage_taken":0,"relics_obtained":["Toxic Egg 2"],"max_hp_gain":0,"max_hp_loss":0,"event_name":"Addict","floor":28,"gold_loss":85},{"damage_healed":0,"gold_gain":0,"player_choice":"2 cards matched","damage_taken":0,"max_hp_gain":0,"max_hp_loss":0,"event_name":"Match and Keep!","floor":30,"gold_loss":0,"cards_obtained":["Halt","Devotion"]},{"damage_healed":0,"gold_gain":0,"player_choice":"Ignored","damage_taken":0,"max_hp_gain":0,"max_hp_loss":0,"event_name":"Tomb of Lord Red Mask","floor":38,"gold_loss":0},{"damage_healed":0,"gold_gain":100,"player_choice":"Pray","damage_taken":0,"max_hp_gain":0,"max_hp_loss":0,"event_name":"Golden Shrine","floor":44,"gold_loss":0}],"is_beta":false,"boss_relics":[{"not_picked":["Calling Bell","Philosopher\u0027s Stone"],"picked":"Sozu"},{"not_picked":["Pandora\u0027s Box","SlaversCollar"],"picked":"Busted Crown"}],"items_purged_floors":[2,29,45],"is_endless":false,"potions_floor_spawned":[1,3,8,19,24,33,37,41,48],"killed_by":"Time Eater","ascension_level":0}}