{"host":"wg90wxjcgijlyqla","time":1608737673,"event":{"mods":["AchievementEnabler","BaseMod","Better Third Choice","BetterRewards","Colored Map","Colored Powertips","Mimic Mod","Minty Spire (QoL Compilation)","Robot Space Explorer","StSLib","The Blue Laboratory"],"gold_per_floor":[110,120,120,195,209,209,249,249,249,265,265,288,288,339,339,465,465,453,73,88,3,3,3,21,21,21,21,21,64,3,38,38,168,168,183,199,199,213,33,33,71,134,184,184,224,224,15,15,15,15,15,15,15,55,55,55],"floor_reached":55,"playtime":7173,"items_purged":[],"score":815,"play_id":"cc175c9d-2c55-4ad3-bb29-541f3e1e34a0","local_time":"20201223163433","is_ascension_mode":true,"campfire_choices":[{"floor":6,"key":"REST"},{"floor":8,"key":"REST"},{"floor":13,"key":"REST"},{"floor":15,"key":"REST"},{"floor":23,"key":"RECALL"},{"data":"White Noise","floor":25,"key":"SMITH"},{"data":"Capacitor","floor":27,"key":"SMITH"},{"floor":32,"key":"REST"},{"data":"Loop","floor":40,"key":"SMITH"},{"data":"Echo Form","floor":44,"key":"SMITH"},{"data":"Echo Form","floor":46,"key":"SMITH"},{"data":"Capacitor","floor":49,"key":"SMITH"},{"data":"Buffer","floor":52,"key":"SMITH"}],"circlet_count":0,"master_deck":["Strike_B","Strike_B+1","Defend_B","Defend_B","Zap","Dualcast","White Noise+1","Stack","Genetic Algorithm","Turbo","Apotheosis+1","Stack","Buffer+1","Capacitor+1","Self Repair","Cold Snap","Lockon+1","Cold Snap","Echo Form+1","Sweeping Beam","Consume","Multi-Cast","Auto Shields+1","Core Surge+1","Leap+1","Barrage+1","Ball Lightning+1","Loop+1","Capacitor+1","Echo Form+1","Chaos","Storm+1","Chrysalis","Hello World","Reprogram","Streamline+1"],"relics":["Cracked Core","MealTicket","Golden Idol","Cables","Anchor","SacredBark","Mummified Hand","Bag of Preparation","Bird Faced Urn","The Courier","Whetstone","Astrolabe","Happy Flower","Ornamental Fan","Gambling Chip","Lantern","PreservedInsect","Bottled Tornado"],"acts_visited":["Exordium","TheCity","TheBeyond","TheEnding"],"potions_floor_usage":[7,16,24,33,38,41,50,55],"damage_taken":[{"damage":2,"enemies":"2 Louse","floor":1,"turns":3},{"damage":10,"enemies":"Small Slimes","floor":2,"turns":3},{"damage":10,"enemies":"Cultist","floor":5,"turns":4},{"damage":40,"enemies":"Lagavulin","floor":7,"turns":7},{"damage":17,"enemies":"Gremlin Gang","floor":10,"turns":4},{"damage":3,"enemies":"Exordium Wildlife","floor":12,"turns":4},{"damage":25,"enemies":"The Guardian","floor":16,"turns":8},{"damage":12,"enemies":"2 Thieves","floor":18,"turns":4},{"damage":0,"enemies":"Chosen","floor":20,"turns":5},{"damage":0,"enemies":"Snecko","floor":24,"turns":6},{"damage":0,"enemies":"Chosen and Byrds","floor":29,"turns":7},{"damage":62,"enemies":"Book of Stabbing","floor":31,"turns":8},{"damage":18,"enemies":"Automaton","floor":33,"turns":9},{"damage":38,"enemies":"3 Darklings","floor":35,"turns":5},{"damage":5,"enemies":"3 Shapes","floor":36,"turns":7},{"damage":28,"enemies":"Writhing Mass","floor":38,"turns":7},{"damage":20,"enemies":"Nemesis","floor":41,"turns":9},{"damage":0,"enemies":"Mind Bloom Boss Battle","floor":42,"turns":6},{"damage":3,"enemies":"Giant Head","floor":45,"turns":7},{"damage":11,"enemies":"Time Eater","floor":50,"turns":7},{"damage":48,"enemies":"Shield and Spear","floor":54,"turns":5},{"damage":76,"enemies":"The Heart","floor":55,"turns":3}],"seed_played":"6476491929512900494","potions_obtained":[{"floor":2,"key":"blueLaboratory:CorrosionFlask"},{"floor":5,"key":"Fire Potion"},{"floor":10,"key":"blueLaboratory:PolymorphPotion"},{"floor":18,"key":"Weak Potion"},{"floor":31,"key":"AttackPotion"},{"floor":33,"key":"AttackPotion"},{"floor":36,"key":"Block Potion"},{"floor":41,"key":"SpeedPotion"},{"floor":42,"key":"BlessingOfTheForge"},{"floor":54,"key":"blueLaboratory:CorrosionFlask"}],"is_trial":false,"path_per_floor":["M","M","?","?","M","R","E","R","T","M","?","M","R","T","R","B",null,"M","$","M","?","?","R","M","R","T","R","$","MIM","$","E","R","B",null,"M","M","?","M","$","R","E","?","T","R","E","R","$","?","R","B",null,"R","$","E","B"],"character_chosen":"DEFECT","items_purchased":["Mummified Hand","Self Repair","Cold Snap","Conserve Battery","Sweeping Beam","Happy Flower","Capacitor","Chrysalis","Hello World"],"campfire_rested":5,"item_purchase_floors":[19,19,19,30,30,39,39,47,47],"current_hp_per_floor":[73,63,45,34,24,46,6,28,28,11,11,8,30,30,52,27,75,63,75,75,75,85,85,85,85,85,85,85,85,85,41,66,85,85,77,85,85,75,85,85,85,85,85,85,85,85,85,85,85,85,85,85,85,62,0,0],"gold":55,"neow_bonus":"RANDOM_COMMON_RELIC","is_daily":false,"chose_seed":false,"campfire_upgraded":7,"win_rate":0.0,"timestamp":1608737673,"path_taken":["M","M","?","?","M","R","E","R","T","M","?","M","R","?","R","BOSS","M","?","?","?","?","R","?","R","T","R","$","?","$","E","R","BOSS","M","M","?","M","$","R","E","?","T","R","E","R","$","?","R","BOSS","R","$","E","BOSS"],"items_purchased_type":["Relic","Card","Card","Card","Card","Relic","Card","Card","Card"],"build_version":"2020-12-22","purchased_purges":0,"victory":false,"max_hp_per_floor":[75,75,75,75,75,75,75,75,75,75,75,75,75,75,75,75,75,75,75,75,75,85,85,85,85,85,85,85,85,85,85,85,85,85,85,85,85,85,85,85,85,85,85,85,85,85,85,85,85,85,85,85,85,85,85,85],"card_choices":[{"not_picked":["Go for the Eyes","Steam"],"picked":"White Noise","floor":1},{"not_picked":["Undo","Barrage"],"picked":"Stack","floor":2},{"not_picked":["Gash","Scrape"],"picked":"Genetic Algorithm","floor":5},{"not_picked":["Auto Shields","Coolheaded"],"picked":"Thunder Strike","floor":7},{"not_picked":["Beam Cell","Auto Shields"],"picked":"Turbo","floor":10},{"not_picked":["Gash","Tempest"],"picked":"Stack","floor":12},{"not_picked":["Biased Cognition","Hyperbeam"],"picked":"Buffer","floor":16},{"not_picked":["Ball Lightning+1","Defragment"],"picked":"Capacitor","floor":18},{"not_picked":["Hologram+1","Hello World"],"picked":"Lockon","floor":20},{"not_picked":["Hologram+1","Steam+1"],"picked":"Cold Snap","floor":24},{"not_picked":["Barrage","Turbo"],"picked":"Echo Form","floor":29},{"not_picked":["Sweeping Beam","Hyperbeam"],"picked":"Consume","floor":31},{"not_picked":["Biased Cognition","Reboot"],"picked":"Multi-Cast","floor":33},{"not_picked":["Compile Driver+1","Glacier+1"],"picked":"Barrage+1","floor":35},{"not_picked":["Redo+1","Stack"],"picked":"Ball Lightning+1","floor":36},{"not_picked":["Sweeping Beam+1","Coolheaded+1"],"picked":"Loop","floor":38},{"not_picked":["Blizzard","Gash+1"],"picked":"Echo Form","floor":41},{"not_picked":["Hologram+1","Go for the Eyes+1"],"picked":"Chaos","floor":42},{"not_picked":["Chill+1","Streamline+1"],"picked":"Storm+1","floor":45},{"not_picked":["Compile Driver","Scrape"],"picked":"Streamline+1","floor":54}],"player_experience":85548,"relics_obtained":[{"floor":7,"key":"Cables"},{"floor":9,"key":"Anchor"},{"floor":26,"key":"Bird Faced Urn"},{"floor":29,"key":"The Courier"},{"floor":31,"key":"Whetstone"},{"floor":41,"key":"Ornamental Fan"},{"floor":42,"key":"Gambling Chip"},{"floor":43,"key":"Lantern"},{"floor":45,"key":"PreservedInsect"},{"floor":54,"key":"Bottled Tornado"}],"event_choices":[{"damage_healed":0,"gold_gain":0,"player_choice":"Take Damage","damage_taken":18,"relics_obtained":["Golden Idol"],"max_hp_gain":0,"max_hp_loss":0,"event_name":"Golden Idol","floor":3,"gold_loss":0},{"damage_healed":0,"gold_gain":75,"player_choice":"Gold","damage_taken":11,"max_hp_gain":0,"max_hp_loss":0,"event_name":"betterThird:BetterGoop","floor":4,"gold_loss":0},{"damage_healed":11,"gold_gain":0,"player_choice":"Embrace","damage_taken":0,"max_hp_gain":0,"max_hp_loss":75,"event_name":"betterThird:BetterShining","floor":11,"gold_loss":0},{"damage_healed":0,"gold_gain":0,"player_choice":"Obtained Relic","damage_taken":0,"relics_obtained":["Bag of Preparation"],"max_hp_gain":0,"max_hp_loss":0,"event_name":"Addict","floor":21,"gold_loss":85},{"cards_removed":["Thunder Strike"],"damage_healed":0,"gold_gain":0,"player_choice":"Offered Rare","damage_taken":0,"max_hp_gain":10,"max_hp_loss":0,"event_name":"Bonfire Elementals","floor":22,"gold_loss":0},{"cards_removed":["Conserve Battery"],"damage_healed":0,"gold_gain":0,"player_choice":"Removed Skill","damage_taken":0,"max_hp_gain":0,"max_hp_loss":0,"event_name":"Falling","floor":37,"gold_loss":0},{"damage_healed":0,"gold_gain":0,"player_choice":"Fight","damage_taken":0,"max_hp_gain":0,"max_hp_loss":0,"event_name":"MindBloom","floor":42,"gold_loss":0},{"damage_healed":0,"gold_gain":0,"cards_transformed":["Defend_B"],"player_choice":"Transformed","damage_taken":0,"max_hp_gain":0,"max_hp_loss":0,"event_name":"Transmorgrifier","floor":48,"gold_loss":0,"cards_obtained":["Reprogram"]}],"is_beta":false,"boss_relics":[{"not_picked":["Coffee Dripper","Runic Dome"],"picked":"SacredBark"},{"not_picked":["Pandora\u0027s Box","Velvet Choker"],"picked":"Astrolabe"}],"items_purged_floors":[],"is_endless":false,"potions_floor_spawned":[2,5,10,18,31,33,36,41,42,54],"killed_by":"The Heart","ascension_level":3}}