{"host":"m6aaltr68g9tvoay","time":1608762125,"event":{"mods":["AchievementEnabler","BaseMod","Colored Map","Minty Spire (QoL Compilation)","StSLib"],"gold_per_floor":[111,28,48,64,64,64,74,74,74,74,74,74,94,123,123,199,199,212,227,88,7,7,7],"floor_reached":22,"playtime":639,"items_purged":[],"score":359,"play_id":"2c17a06f-8a47-4803-b065-c6e99c6f2b2a","local_time":"20201223142205","is_ascension_mode":true,"campfire_choices":[{"data":"Sunder","floor":6,"key":"SMITH"},{"data":"Reinforced Body","floor":8,"key":"SMITH"},{"floor":12,"key":"REST"},{"floor":15,"key":"REST"}],"circlet_count":0,"master_deck":["AscendersBane","Strike_B","Strike_B","Strike_B","Strike_B","Defend_B","Defend_B","Defend_B","Defend_B","Zap","Dualcast+1","Reinforced Body+1","Sunder+1","White Noise+1","Rebound","Conserve Battery","Redo","Barrage","Rainbow","Tempest","Ball Lightning","Defragment","Loop"],"relics":["Cracked Core","HornCleat","Anchor","SlaversCollar"],"acts_visited":["Exordium","TheCity"],"potions_floor_usage":[14,16,18,19],"damage_taken":[{"damage":0,"enemies":"2 Louse","floor":1,"turns":3},{"damage":12,"enemies":"Jaw Worm","floor":3,"turns":2},{"damage":0,"enemies":"Cultist","floor":4,"turns":3},{"damage":13,"enemies":"Blue Slaver","floor":7,"turns":2},{"damage":18,"enemies":"Exordium Thugs","floor":13,"turns":5},{"damage":16,"enemies":"Gremlin Nob","floor":14,"turns":4},{"damage":42,"enemies":"The Guardian","floor":16,"turns":12},{"damage":7,"enemies":"3 Byrds","floor":18,"turns":5},{"damage":24,"enemies":"2 Thieves","floor":19,"turns":4},{"damage":24,"enemies":"Snake Plant","floor":22,"turns":5}],"seed_played":"-8113500513037391945","potions_obtained":[{"floor":1,"key":"CultistPotion"},{"floor":3,"key":"FearPotion"},{"floor":13,"key":"Block Potion"},{"floor":16,"key":"SkillPotion"},{"floor":18,"key":"EssenceOfSteel"},{"floor":19,"key":"EssenceOfSteel"}],"is_trial":false,"path_per_floor":["M","$","M","M","?","R","M","R","T","?","$","R","M","E","R","B",null,"M","M","$","$","M"],"character_chosen":"DEFECT","items_purchased":["Sunder","Defragment","FocusPotion","Loop"],"campfire_rested":2,"item_purchase_floors":[2,20,20,21],"current_hp_per_floor":[64,64,52,52,52,52,39,39,39,39,39,60,42,26,47,5,55,48,24,24,24,0,0],"gold":7,"neow_bonus":"UPGRADE_CARD","is_daily":false,"chose_seed":false,"campfire_upgraded":2,"win_rate":0.0,"timestamp":1608762125,"path_taken":["M","$","M","M","?","R","M","R","T","?","$","R","M","E","R","BOSS","M","M","?","$","M"],"items_purchased_type":["Card","Card","Potion","Card"],"build_version":"2020-12-22","purchased_purges":0,"victory":false,"max_hp_per_floor":[71,71,71,71,71,71,71,71,71,71,71,71,71,71,71,71,71,71,71,71,71,71,71],"card_choices":[{"not_picked":["Cold Snap","Streamline"],"picked":"Reinforced Body","floor":1},{"not_picked":["Barrage","Coolheaded"],"picked":"White Noise","floor":3},{"not_picked":["Conserve Battery","Recycle"],"picked":"Rebound","floor":4},{"not_picked":["Steam","Hologram"],"picked":"Conserve Battery","floor":7},{"not_picked":["Steam","Hyperbeam"],"picked":"Redo","floor":13},{"not_picked":["Steam","Hello World"],"picked":"Barrage","floor":14},{"not_picked":["All For One","Amplify"],"picked":"Rainbow","floor":16},{"not_picked":["Sweeping Beam","Turbo+1"],"picked":"Tempest","floor":18},{"not_picked":["Scrape","Gash"],"picked":"Ball Lightning","floor":19}],"player_experience":1298507,"relics_obtained":[{"floor":9,"key":"HornCleat"},{"floor":14,"key":"Anchor"}],"event_choices":[{"damage_healed":0,"gold_gain":0,"player_choice":"Ignored","damage_taken":0,"max_hp_gain":0,"max_hp_loss":0,"event_name":"Shining Light","floor":5,"gold_loss":0},{"damage_healed":0,"gold_gain":0,"player_choice":"Upgraded","damage_taken":0,"max_hp_gain":0,"max_hp_loss":0,"event_name":"Upgrade Shrine","floor":10,"gold_loss":0,"cards_upgraded":["White Noise"]}],"is_beta":false,"boss_relics":[{"not_picked":["Sozu","Ectoplasm"],"picked":"SlaversCollar"}],"items_purged_floors":[],"is_endless":false,"potions_floor_spawned":[1,3,13,16,18,19],"killed_by":"Snake Plant","ascension_level":19}}