{"host":"qm4rv4rkpk76sbxu","time":1608716138,"event":{"mods":["BaseMod","Bestiary","Block Reminder","DeckTracker","Filter the Spire","Keyboard Shortcuts","Minty Spire (QoL Compilation)","MonsterHotkey","Potion Indicator Mod","Quick Restart","Random Character Button","Relic Stats","Slay-I","StSLib","ojb\u0027s Better Paths Mod"],"gold_per_floor":[119,134,134,152,171,171,201,201,270,352,365,365,393,393,393,393,393],"floor_reached":16,"playtime":533,"items_purged":[],"score":220,"play_id":"8c29cf88-fe9a-44f8-ac7c-997debf7bac4","local_time":"20201223103538","is_ascension_mode":true,"campfire_choices":[{"data":"Go for the Eyes","floor":6.0,"key":"SMITH"},{"floor":12.0,"key":"REST"},{"data":"Ball Lightning","floor":15.0,"key":"SMITH"}],"circlet_count":0,"master_deck":["AscendersBane","Strike_B","Strike_B","Defend_B","Defend_B","Defend_B","Zap","Dualcast","Genetic Algorithm","Storm","Ball Lightning+1","Auto Shields","Auto Shields","Go for the Eyes+1","Compile Driver","Seek"],"relics":["Cracked Core","Turnip","Darkstone Periapt","Bottled Lightning","Bag of Preparation","Golden Idol"],"acts_visited":["Exordium"],"potions_floor_usage":[16,16],"damage_taken":[{"damage":6.0,"enemies":"Cultist","floor":1.0,"turns":4.0},{"damage":0.0,"enemies":"Small Slimes","floor":2.0,"turns":4.0},{"damage":2.0,"enemies":"Jaw Worm","floor":4.0,"turns":3.0},{"damage":5.0,"enemies":"2 Fungi Beasts","floor":5.0,"turns":4.0},{"damage":13.0,"enemies":"Gremlin Nob","floor":7.0,"turns":4.0},{"damage":0.0,"enemies":"Large Slime","floor":11.0,"turns":5.0},{"damage":4.0,"enemies":"Lagavulin","floor":13.0,"turns":6.0},{"damage":33,"enemies":"Hexaghost","floor":16,"turns":9}],"seed_played":"2307359241231808580","potions_obtained":[{"floor":2.0,"key":"Swift Potion"},{"floor":7.0,"key":"Swift Potion"},{"floor":11.0,"key":"Block Potion"},{"floor":13.0,"key":"Block Potion"}],"is_trial":false,"path_per_floor":["M","M","?","M","M","R","E","?","T","T","M","R","E","?","R","B"],"character_chosen":"DEFECT","items_purchased":[],"campfire_rested":1,"item_purchase_floors":[],"current_hp_per_floor":[40,40,33,31,26,26,13,13,13,13,13,34,30,30,30,0,0],"gold":393,"neow_bonus":"TRANSFORM_TWO_CARDS","is_daily":false,"chose_seed":false,"campfire_upgraded":2,"win_rate":0.0,"timestamp":1608716138,"path_taken":["M","?","?","M","M","R","E","?","T","?","M","R","E","?","R","BOSS"],"items_purchased_type":[],"build_version":"2020-12-22","purchased_purges":0,"victory":false,"max_hp_per_floor":[71,71,71,71,71,71,71,71,71,71,71,71,71,64,64,64,64],"relic_stats":{"Darkstone Periapt":0,"counters":[8,39],"Golden Idol":0,"Turnip":[5],"Bag of Preparation":[2],"obtain_stats":[{"Darkstone Periapt":9,"Golden Idol":14,"Turnip":7,"Bag of Preparation":13,"Bottled Lightning":10,"Cracked Core":0},{"Darkstone Periapt":5,"Golden Idol":7,"Turnip":5,"Bag of Preparation":7,"Bottled Lightning":5,"Cracked Core":0},{"Darkstone Periapt":19,"Golden Idol":30,"Turnip":19,"Bag of Preparation":30,"Bottled Lightning":19,"Cracked Core":0}]},"card_choices":[{"not_picked":["Coolheaded","Self Repair"],"picked":"Ball Lightning","floor":1.0},{"not_picked":["Hello World","Barrage"],"picked":"Auto Shields","floor":2.0},{"not_picked":["Rebound","Blizzard"],"picked":"Auto Shields","floor":4.0},{"not_picked":["BootSequence","Force Field"],"picked":"Go for the Eyes","floor":5.0},{"not_picked":["Steam Power","Streamline"],"picked":"Compile Driver","floor":7.0},{"not_picked":["Stack","Steam Power","Scrape"],"picked":"SKIP","floor":11.0},{"not_picked":["Go for the Eyes","Hologram"],"picked":"Seek","floor":13.0}],"player_experience":1102157,"relics_obtained":[{"floor":7.0,"key":"Turnip"},{"floor":9.0,"key":"Darkstone Periapt"},{"floor":10.0,"key":"Bottled Lightning"},{"floor":13.0,"key":"Bag of Preparation"}],"event_choices":[{"cards_removed":["Defend_B"],"damage_healed":0.0,"max_hp_gain":0.0,"max_hp_loss":0.0,"gold_gain":0.0,"event_name":"Golden Wing","player_choice":"Card Removal","floor":3.0,"gold_loss":0.0,"damage_taken":7.0},{"damage_healed":0.0,"max_hp_gain":0.0,"max_hp_loss":0.0,"gold_gain":0.0,"event_name":"Shining Light","player_choice":"Ignored","floor":8.0,"gold_loss":0.0,"damage_taken":0.0},{"damage_healed":0.0,"max_hp_gain":0.0,"max_hp_loss":7.0,"gold_gain":0.0,"event_name":"Golden Idol","player_choice":"Lose Max HP","floor":14.0,"gold_loss":0.0,"damage_taken":0.0,"relics_obtained":["Golden Idol"]}],"is_beta":false,"boss_relics":[],"items_purged_floors":[],"is_endless":false,"potions_floor_spawned":[2,7,11,13],"killed_by":"Hexaghost","ascension_level":20}}