{"host":"ooetke516h53yqww","time":1608715349,"event":{"mods":["2.2 Compatiblity","Abigail Mod","Act Like it!","Astrologer","Bartender","BaseMod","Beaked The Cultist","Better Match","Better Third Choice","Conspire","Elementarium","Friendly Minions","Hallownest","Hermit","HololiveMod","Hubris","Infinite Spire","Kiyohime????","Lobotomy","LobotomyExtend","Mari Mod (Legacy)","Mari\u0027s V1 Patch","Menagerie","Minty Spire (QoL Compilation)","Prisma Mod","Random Character Button","Replay The Spire","Robot Space Explorer","Spicy Shops","StSLib","Td1madao Mod","The Alterego","The Bug Knight","The Marked","The Poker Player","The Senshi","TheSwordswoman","Uncapped","WarShipGirlsR/????R mod","Yohane!","???????????mod"],"gold_per_floor":[84,6,6,6,25,25,45,76,76,105,120,120,120,140,140,237,237,251,251,269,119,319,319,319],"floor_reached":23,"playtime":899,"items_purged":[],"score":463,"play_id":"7f830f37-2659-4adb-8eec-d275888129a4","local_time":"20201223182229","is_ascension_mode":true,"campfire_choices":[{"data":"Hololive_CallUruhaRushia","floor":6.0,"key":"SMITH"},{"data":"Hololive_Rebirth","floor":13,"key":"SMITH"},{"data":"Hololive_Rebound","floor":15,"key":"SMITH"}],"circlet_count":0,"master_deck":["AscendersBane","Hololive_Strike","Hololive_Defend","Hololive_Defend","Hololive_Breathe","Hololive_CallNekomataOkayu","Hololive_CallUruhaRushia+1","Hololive_CallMinatoAqua","Hololive_CallArtia","Hololive_CallOzoraSubaru","Hololive_DurableLive","Hololive_CallUruhaRushia+1","Hololive_Rebound+1","Regret","Hololive_CallTokoyamiTowa","Hololive_CocoNews","Hololive_Rebirth+1","Pain","Hololive_IdolExercise","Hololive_CallAZKi+1","Hololive_CallShishiroBotan+1","Hololive_BeCareful"],"relics":["Hololive_TheStar","hubris:64BitClover","Chameleon Ring","conspire:Boomerang","hubris:CrystalStatue","WarpedTongs","hubris:TerracottaHorce","alterego_mod:FleetingLove","hubris:BottledRain"],"acts_visited":["Exordium","TheCity"],"potions_floor_usage":[9,16],"damage_taken":[{"damage":0.0,"enemies":"Cultist","floor":1.0,"turns":4.0},{"damage":9.0,"enemies":"Small Slimes","floor":5.0,"turns":4.0},{"damage":5.0,"enemies":"2 Louse","floor":7.0,"turns":4.0},{"damage":0,"enemies":"Replay:BlueRogue","floor":8,"turns":7},{"damage":0,"enemies":"HollowMod:MossKnight","floor":10,"turns":6},{"damage":0,"enemies":"Exordium Wildlife","floor":11,"turns":4},{"damage":0,"enemies":"conspire:2 RoseBushes","floor":14,"turns":4},{"damage":0,"enemies":"The Guardian","floor":16,"turns":7},{"damage":0,"enemies":"Spheric Guardian","floor":18,"turns":3},{"damage":3,"enemies":"2 Thieves","floor":20,"turns":3},{"damage":39,"enemies":"Gremlin Leader","floor":23,"turns":4}],"seed_played":"5826219599862445087","potions_obtained":[{"floor":1.0,"key":"Regen Potion"},{"floor":8,"key":"Fruit Juice"},{"floor":10,"key":"LiquidMemories"},{"floor":18,"key":"GamblersBrew"}],"is_trial":false,"path_per_floor":["M","$","?","?","M","R","M","E","T","E","M","?","R","M","R","B",null,"M","?","M","?","?","E"],"character_chosen":"Hololive_HololiveCharacter","items_purchased":["Hololive_Rebound"],"campfire_rested":0,"item_purchase_floors":[2],"current_hp_per_floor":[32,32,29,29,20,20,15,15,20,20,20,20,20,20,20,20,35,35,35,32,32,32,0,0],"gold":319,"neow_bonus":"ONE_RANDOM_RARE_CARD","is_daily":false,"chose_seed":false,"campfire_upgraded":3,"win_rate":0.0,"timestamp":1608715349,"path_taken":["M","?","?","?","M","R","?","E","T","E","M","?","R","?","R","BOSS","M","?","M","?","?","E"],"items_purchased_type":["Card"],"build_version":"2020-12-22","purchased_purges":0,"victory":false,"max_hp_per_floor":[35,35,35,35,35,35,35,35,40,40,40,40,40,40,40,40,40,40,40,40,40,40,40,40],"card_choices":[{"not_picked":["Hololive_CallHoshimachiSuisei","Hololive_Breathe","Hololive_CallManoAloe"],"picked":"Hololive_CallUruhaRushia","floor":1.0},{"not_picked":["Hololive_Yoholoon","Hololive_CallAyundaRisu","Hololive_OpenUp"],"picked":"Hololive_CallTokoyamiTowa","floor":5.0},{"not_picked":["Hololive_HuntDinosaur","Hololive_Psychosis","Hololive_OvertimeWork","Hololive_Rebound"],"picked":"SKIP","floor":7},{"not_picked":["Hololive_Psychosis","Hololive_CallMoonaHoshinova","Hololive_Trident"],"picked":"Hololive_CocoNews","floor":8},{"not_picked":["Hololive_Psychosis","Hololive_OvertimeWork","Hololive_LuckPotion"],"picked":"Hololive_Rebirth","floor":10},{"not_picked":["Hololive_Teleport","Hololive_CallAyundaRisu","Hololive_Trident","Hololive_CallNatsuiroMatsuri"],"picked":"SKIP","floor":11},{"not_picked":["Hololive_Breathe","Hololive_HuntDinosaur","Hololive_OvertimeWork","Hololive_CallHoushouMarine"],"picked":"SKIP","floor":14},{"not_picked":["Hololive_Thief","Hololive_HighAtkLowDef","Hololive_DiamondStrike"],"picked":"Hololive_IdolExercise","floor":16},{"not_picked":["Hololive_Watashimo","Hololive_Rebound","Hololive_CallOkamiMio"],"picked":"Hololive_CallAZKi+1","floor":18},{"not_picked":["Hololive_Breathe","Hololive_OvertimeWork","Hololive_Drill+1"],"picked":"Hololive_CallShishiroBotan+1","floor":20},{"not_picked":[],"picked":"Hololive_BeCareful","floor":21}],"player_experience":1506127,"relics_obtained":[{"floor":8,"key":"Chameleon Ring"},{"floor":9,"key":"conspire:Boomerang"},{"floor":10,"key":"hubris:CrystalStatue"},{"floor":20,"key":"hubris:BottledRain"}],"event_choices":[{"damage_healed":0.0,"max_hp_gain":0.0,"max_hp_loss":0.0,"gold_gain":0.0,"event_name":"Big Fish","player_choice":"Box","floor":4.0,"gold_loss":0.0,"damage_taken":0.0,"relics_obtained":["hubris:64BitClover"],"cards_obtained":["Regret"]},{"damage_healed":0,"gold_gain":0,"player_choice":"Rummage","damage_taken":0,"relics_obtained":["WarpedTongs"],"max_hp_gain":0,"max_hp_loss":0,"event_name":"Accursed Blacksmith","floor":12,"gold_loss":0,"cards_obtained":["Pain"]},{"damage_healed":0,"gold_gain":0,"player_choice":"Choice 1","damage_taken":0,"relics_obtained":["alterego_mod:FleetingLove"],"max_hp_gain":0,"max_hp_loss":0,"event_name":"Secret Garden","floor":19,"gold_loss":0},{"damage_healed":0,"gold_gain":250,"player_choice":"Bet on Owner","damage_taken":0,"max_hp_gain":0,"max_hp_loss":0,"event_name":"The Joust","floor":22,"gold_loss":50}],"is_beta":false,"boss_relics":[{"not_picked":["Velvet Choker","Hololive_Finger"],"picked":"hubris:TerracottaHorce"}],"items_purged_floors":[],"is_endless":false,"potions_floor_spawned":[1,8,10,11,18],"killed_by":"Gremlin Leader","ascension_level":11}}