{"host":"eez7vtcxu2i37lck","time":1608721727,"event":{"mods":["AchievementEnabler","BaseMod","Colored Map","Colored Powertips","Downfall","Hermit","Highlight Path","Hubris","Infinite Spire","Jorbs\u0027s Wanderer Trilogy","Minty Spire (QoL Compilation)","Quick Restart","Rare Cards Sparkle","Replay The Spire","Shop Mod","StSLib","The IronCluck"],"gold_per_floor":[152,171,171,171,183,213,298,324,336,407,449,475,487,128,140,237,237,237,253,138,148,148,148,148,148,148,165,183,183,217,217,233,233,233,233],"floor_reached":33,"playtime":1104,"items_purged":["Slimebound:Strike_Slimebound","Slimebound:Tackle"],"score":290,"play_id":"755a3486-d44c-4378-b1fd-e4630883eb33","local_time":"20201223060847","is_ascension_mode":false,"campfire_choices":[{"floor":9,"key":"REST"},{"floor":13,"key":"REST"},{"data":"Slimebound:SplitAcid","floor":18,"key":"SMITH"},{"floor":29,"key":"REST"}],"circlet_count":0,"master_deck":["Slimebound:Strike_Slimebound+1","Slimebound:Strike_Slimebound+1","Slimebound:Defend_Slimebound+1","Slimebound:Defend_Slimebound+1","Slimebound:Defend_Slimebound+1","Slimebound:Defend_Slimebound+1","Slimebound:Split","Slimebound:CorrosiveSpit","Slimebound:SplitAcid","Slimebound:SplitBruiser","Slimebound:ProtectTheBoss","Slimebound:SplitBruiser","Slimebound:SlimeBarrage","Slimebound:SlimeTap","Slimebound:Teamwork","Slimebound:SplitAcid+1","Slimebound:MassRepurpose","Slimebound:SelfFormingGoo","Slimebound:FirmFortitude","ReplayTheSpireMod:Echoes of Time","Pain","Slimebound:SplitMire+1"],"relics":["Black Star","MawBank","Iron Hammer","Blood Vial","Kunai","Juzu Bracelet","Lee\u0027s Waffle","SacredBark","MutagenicStrength","Mummified Hand","Slimebound:AggressiveSlimeRelic","Bird Faced Urn","HornCleat","Durian"],"acts_visited":["Exordium","TheCity"],"potions_floor_usage":[11],"damage_taken":[{"damage":13,"enemies":"Jaw Worm","floor":2,"turns":4},{"damage":13,"enemies":"Small Slimes","floor":6,"turns":3},{"damage":18,"enemies":"Cultist","floor":8,"turns":3},{"damage":23,"enemies":"3 Sentries","floor":10,"turns":5},{"damage":35,"enemies":"Lagavulin","floor":11,"turns":6},{"damage":12,"enemies":"2 Fungi Beasts","floor":12,"turns":2},{"damage":24,"enemies":"downfall:FleeingMerchant","floor":14,"turns":4},{"damage":8,"enemies":"3 Louse","floor":15,"turns":1},{"damage":67,"enemies":"downfall:Silent","floor":16,"turns":8},{"damage":30,"enemies":"Spheric Guardian","floor":19,"turns":4},{"damage":23,"enemies":"downfall:FleeingMerchant","floor":20,"turns":4},{"damage":39,"enemies":"3 Byrds","floor":21,"turns":3},{"damage":27,"enemies":"Centurion and Healer","floor":27,"turns":5},{"damage":36,"enemies":"Snake Plant","floor":28,"turns":4},{"damage":46,"enemies":"Nightmare","floor":30,"turns":8},{"damage":4,"enemies":"Snecko","floor":32,"turns":4},{"damage":108,"enemies":"downfall:Watcher","floor":33,"turns":10}],"seed_played":"-5496465769449005429","potions_obtained":[{"floor":10,"key":"Reflective Coating"},{"floor":11,"key":"SpeedPotion"},{"floor":15,"key":"Flashbang"},{"floor":16,"key":"Swift Potion"}],"is_trial":false,"path_per_floor":["R_BF","M","?","?","?","M","T","M","R","?","E","M","R","$","M","B",null,"R","M","$","M","?","T","T","?","?","M","M","R","NM","?","M","B"],"character_chosen":"SLIMEBOUND","items_purchased":["Lee\u0027s Waffle","Slimebound:Teamwork","Slimebound:SplitAcid"],"campfire_rested":3,"item_purchase_floors":[14,14,14],"current_hp_per_floor":[60,51,56,44,47,42,42,36,56,45,28,30,50,75,75,28,75,75,65,70,60,60,60,60,46,46,51,45,69,59,64,85,0,0,0],"gold":233,"neow_bonus":"BOSS_RELIC","is_daily":false,"chose_seed":false,"campfire_upgraded":1,"win_rate":0.0,"timestamp":1608721727,"path_taken":["R_BF","M","?","?","?","M","T","M","R","?","E","M","R","$","M","BOSS","R","M","$","M","?","?","T","?","?","M","M","R","NM","?","M","BOSS"],"items_purchased_type":["Relic","Card","Card"],"build_version":"2020-12-22","purchased_purges":2,"victory":false,"max_hp_per_floor":[60,60,65,65,68,68,68,68,68,68,68,68,68,75,75,75,75,75,75,75,75,75,75,75,80,80,80,80,80,80,85,85,85,85,85],"card_choices":[{"not_picked":["Slimebound:FinishingTackle","Slimebound:LeechEnergy"],"picked":"Slimebound:SplitAcid","floor":2},{"not_picked":["Slimebound:ViciousTackle","Slimebound:MassFeed"],"picked":"Slimebound:SplitBruiser","floor":6},{"not_picked":["Slimebound:RollThrough","Slimebound:GoopSpray"],"picked":"Slimebound:ProtectTheBoss","floor":8},{"not_picked":["Slimebound:BestDefense","Slimebound:GoopSpray"],"picked":"Slimebound:SplitBruiser","floor":11},{"not_picked":["Slimebound:FinishingTackle","Slimebound:RollThrough"],"picked":"Slimebound:SlimeBarrage","floor":12},{"not_picked":["Slimebound:FlameTackle","Slimebound:FinishingTackle"],"picked":"Slimebound:SlimeTap","floor":14},{"not_picked":["Slimebound:SlimeBarrage","Slimebound:SlimeSpikes","Slimebound:LeechingTouch"],"picked":"SKIP","floor":15},{"not_picked":["Slimebound:SlimeSlap","Slimebound:PrepareCrush"],"picked":"Slimebound:MassRepurpose","floor":16},{"not_picked":["Slimebound:BestDefense","Slimebound:PressTheAttack","Slimebound:ViciousTackle+1"],"picked":"SKIP","floor":19},{"not_picked":["Slimebound:GoopTackle","Slimebound:SamplingLick"],"picked":"Slimebound:SelfFormingGoo","floor":20},{"not_picked":["Slimebound:LivingWall","Slimebound:TongueLash+1","Slimebound:SlimeBrawl+1"],"picked":"SKIP","floor":21},{"not_picked":["Slimebound:GoopTackle+1","Slimebound:RainOfGoop","Slimebound:SamplingLick"],"picked":"SKIP","floor":27},{"not_picked":["Slimebound:Grow+1","Slimebound:AcidTongue"],"picked":"Slimebound:FirmFortitude","floor":28},{"not_picked":["infinitespire:Oblivion","infinitespire:FinalStrike"],"picked":"ReplayTheSpireMod:Echoes of Time","floor":30},{"not_picked":["Slimebound:LevelUp","Slimebound:PressTheAttack","Slimebound:TongueLash"],"picked":"SKIP","floor":30},{"not_picked":["Slimebound:FinishingTackle+1","Slimebound:ForwardTackle"],"picked":"Slimebound:SplitMire+1","floor":32}],"player_experience":225432,"relics_obtained":[{"floor":7,"key":"Iron Hammer"},{"floor":10,"key":"Blood Vial"},{"floor":11,"key":"Kunai"},{"floor":11,"key":"Juzu Bracelet"},{"floor":23,"key":"Mummified Hand"},{"floor":24,"key":"Slimebound:AggressiveSlimeRelic"},{"floor":30,"key":"Bird Faced Urn"},{"floor":30,"key":"HornCleat"}],"event_choices":[{"damage_healed":0,"gold_gain":0,"player_choice":"Donut","damage_taken":0,"max_hp_gain":5,"max_hp_loss":0,"event_name":"Big Fish","floor":3,"gold_loss":0},{"damage_healed":0,"gold_gain":0,"player_choice":"Success","damage_taken":12,"relics_obtained":["MawBank"],"max_hp_gain":0,"max_hp_loss":0,"event_name":"Scrap Ooze","floor":4,"gold_loss":0},{"damage_healed":0,"gold_gain":0,"player_choice":"Inject Mutagens","damage_taken":0,"relics_obtained":["MutagenicStrength"],"max_hp_gain":0,"max_hp_loss":0,"event_name":"Drug Dealer","floor":22,"gold_loss":0},{"damage_healed":0,"gold_gain":0,"player_choice":"Simplicity","damage_taken":0,"max_hp_gain":0,"max_hp_loss":0,"event_name":"Back to Basics","floor":26,"gold_loss":0,"cards_upgraded":["Slimebound:Strike_Slimebound","Slimebound:Strike_Slimebound","Slimebound:Defend_Slimebound","Slimebound:Defend_Slimebound","Slimebound:Defend_Slimebound","Slimebound:Defend_Slimebound"]}],"is_beta":false,"boss_relics":[{"not_picked":["infinitespire:Cupcake","hubris:BlackHole"],"picked":"SacredBark"}],"items_purged_floors":[14,20],"is_endless":true,"potions_floor_spawned":[10,11,15,16,27,32],"killed_by":"downfall:Watcher","ascension_level":0}}