{"host":"mg3e76uznu9x14du","time":1608700933,"event":{"mods":["BaseMod","Colored Map","Minty Spire (QoL Compilation)","Permanent Neow","Relic Stats","StSLib"],"gold_per_floor":[11,21,21,31,41,41,74,85,85,100,100,100,100],"floor_reached":12,"playtime":663,"items_purged":[],"score":98,"play_id":"4a9c87b1-8568-4a40-a2fe-a16d088e3e10","local_time":"20201223002213","is_ascension_mode":true,"campfire_choices":[{"data":"Vigilance","floor":6,"key":"SMITH"},{"floor":11,"key":"REST"}],"circlet_count":0,"master_deck":["Strike_P","Strike_P","Strike_P","Strike_P","Defend_P","Defend_P","Defend_P","Defend_P","Eruption+1","Vigilance+1","Sadistic Nature","Prostrate","CutThroughFate","InnerPeace","DeusExMachina","Crescendo","TalkToTheHand","TalkToTheHand"],"relics":["PureWater","Gremlin Horn","InkBottle"],"acts_visited":["Exordium"],"potions_floor_usage":[10,10,12],"damage_taken":[{"damage":2,"enemies":"Jaw Worm","floor":1,"turns":3},{"damage":0,"enemies":"2 Louse","floor":2,"turns":5},{"damage":0,"enemies":"Cultist","floor":4,"turns":2},{"damage":20,"enemies":"Large Slime","floor":5,"turns":5},{"damage":29,"enemies":"Lagavulin","floor":7,"turns":8},{"damage":4,"enemies":"Red Slaver","floor":8,"turns":3},{"damage":14,"enemies":"Exordium Thugs","floor":10,"turns":5},{"damage":29,"enemies":"3 Sentries","floor":12,"turns":6}],"seed_played":"-7227830881362576925","potions_obtained":[{"floor":2,"key":"BottledMiracle"},{"floor":4,"key":"Regen Potion"},{"floor":8,"key":"ColorlessPotion"}],"is_trial":false,"path_per_floor":["M","M","?","M","M","R","E","M","T","M","R","E"],"character_chosen":"WATCHER","items_purchased":[],"campfire_rested":1,"item_purchase_floors":[],"current_hp_per_floor":[70,70,70,70,50,50,21,17,17,8,29,0,0],"gold":100,"neow_bonus":"RANDOM_COLORLESS_2","is_daily":false,"chose_seed":false,"campfire_upgraded":1,"win_rate":0.0,"timestamp":1608700933,"path_taken":["M","M","?","M","M","R","E","M","T","M","R","E"],"items_purchased_type":[],"build_version":"2020-12-22","purchased_purges":0,"victory":false,"max_hp_per_floor":[72,72,72,72,72,72,72,72,72,72,72,72,72],"relic_stats":{"Gremlin Horn":[2,2],"counters":[8,37],"obtain_stats":[{"Gremlin Horn":7,"PureWater":0,"InkBottle":9},{"Gremlin Horn":5,"PureWater":0,"InkBottle":6},{"Gremlin Horn":23,"PureWater":0,"InkBottle":26}],"InkBottle":[4]},"card_choices":[{"not_picked":["Thinking Ahead","The Bomb"],"picked":"Sadistic Nature","floor":0},{"not_picked":["JustLucky","EmptyFist"],"picked":"Prostrate","floor":1},{"not_picked":["BowlingBash","Halt"],"picked":"CutThroughFate","floor":2},{"not_picked":["WreathOfFlame","SignatureMove"],"picked":"InnerPeace","floor":4},{"not_picked":["Swivel","Halt"],"picked":"DeusExMachina","floor":5},{"not_picked":["TalkToTheHand","Swivel"],"picked":"Crescendo","floor":7},{"not_picked":["ReachHeaven","Halt"],"picked":"TalkToTheHand","floor":8},{"not_picked":["Swivel","CutThroughFate"],"picked":"TalkToTheHand","floor":10}],"player_experience":238622,"relics_obtained":[{"floor":7,"key":"Gremlin Horn"},{"floor":9,"key":"InkBottle"}],"event_choices":[{"damage_healed":0,"gold_gain":0,"player_choice":"Grow","damage_taken":0,"max_hp_gain":0,"max_hp_loss":0,"event_name":"Living Wall","floor":3,"gold_loss":0,"cards_upgraded":["Eruption"]}],"is_beta":false,"boss_relics":[],"items_purged_floors":[],"is_endless":false,"potions_floor_spawned":[2,4,8],"killed_by":"3 Sentries","ascension_level":4}}