{"host":"rjmu5g8hpiele53d","time":1608758003,"event":{"mods":["2.2 Compatiblity","BaseMod","Downfall","GifTheSpireLib","Minty Spire (QoL Compilation)","StSLib"],"gold_per_floor":[99,119,119,119,119,137,163,188,203,203,232,245,261,273,285,285,285,285],"floor_reached":16,"playtime":1537,"items_purged":[],"score":120,"play_id":"3b75b688-fd0b-41c4-81eb-ebc67345d65b","local_time":"20201223211323","is_ascension_mode":true,"campfire_choices":[{"data":"hexamod:Float","floor":1,"key":"SMITH"},{"data":"hexamod:PowerFromBeyond","floor":10,"key":"SMITH"}],"circlet_count":0,"master_deck":["hexamod:Strike","hexamod:Strike","hexamod:Strike","hexamod:Strike","hexamod:Defend","hexamod:Defend","hexamod:Defend","hexamod:Defend","hexamod:Sear","hexamod:Float+1","Decay","Master of Strategy","hexamod:HauntingEcho","hexamod:VolcanoVisage","hexamod:PowerFromBeyond+1","hexamod:VolcanoVisage","hexamod:Hexaguard","hexamod:ApocalypseNow","hexamod:Firestarter","hexamod:GhostflameBarrier","hexamod:RainOfEmbers"],"relics":["hexamod:SpiritBrand","Eternal Feather","Bag of Preparation","Tiny Chest","FossilizedHelix"],"acts_visited":["Exordium"],"potions_floor_usage":[8,16],"damage_taken":[{"damage":0,"enemies":"Small Slimes","floor":2,"turns":3},{"damage":2,"enemies":"Jaw Worm","floor":6,"turns":4},{"damage":16,"enemies":"3 Sentries","floor":8,"turns":10},{"damage":0,"enemies":"Cultist","floor":9,"turns":3},{"damage":14,"enemies":"Lagavulin","floor":11,"turns":6},{"damage":0,"enemies":"3 Louse","floor":12,"turns":4},{"damage":14,"enemies":"Gremlin Gang","floor":13,"turns":4},{"damage":0,"enemies":"Blue Slaver","floor":14,"turns":3},{"damage":1,"enemies":"2 Fungi Beasts","floor":15,"turns":3},{"damage":31,"enemies":"downfall:Silent","floor":16,"turns":8}],"seed_played":"-1064880511380024488","potions_obtained":[{"floor":2,"key":"Fire Potion"},{"floor":11,"key":"CultistPotion"},{"floor":12,"key":"PowerPotion"},{"floor":14,"key":"EssenceOfSteel"}],"is_trial":false,"path_per_floor":["R","M","?","?","?","M","T","E","M","R","E","M","M","M","M","B"],"character_chosen":"THE_SPIRIT","items_purchased":[],"campfire_rested":0,"item_purchase_floors":[],"current_hp_per_floor":[70,70,75,68,68,66,66,50,50,59,45,45,31,31,30,0,0,0],"gold":285,"neow_bonus":"RANDOM_COLORLESS_2","is_daily":false,"chose_seed":false,"campfire_upgraded":2,"win_rate":0.0,"timestamp":1608758003,"path_taken":["R","M","?","?","?","M","T","E","M","R","E","M","M","?","M","BOSS"],"items_purchased_type":[],"build_version":"2020-12-22","purchased_purges":0,"victory":false,"max_hp_per_floor":[70,70,75,75,75,75,75,75,75,75,75,75,75,75,75,75,75,75],"card_choices":[{"not_picked":["Secret Weapon","HandOfGreed"],"picked":"Master of Strategy","floor":0},{"not_picked":["hexamod:BacktrackSmack","hexamod:SwordOfDarkness"],"picked":"hexamod:HauntingEcho","floor":2},{"not_picked":["hexamod:Incineration","hexamod:FastForward"],"picked":"hexamod:PowerFromBeyond","floor":6},{"not_picked":["hexamod:InspiringFlames","hexamod:Again"],"picked":"hexamod:VolcanoVisage","floor":8},{"not_picked":["hexamod:GhostLash","hexamod:HeatCrush"],"picked":"hexamod:Hexaguard","floor":9},{"not_picked":["hexamod:SwordOfDarkness","hexamod:NightmareStrike","hexamod:FastForward"],"picked":"SKIP","floor":11},{"not_picked":["hexamod:InspiringFlames","hexamod:GhostShield"],"picked":"hexamod:ApocalypseNow","floor":12},{"not_picked":["hexamod:NightmareGuise","hexamod:Hexaguard"],"picked":"hexamod:Firestarter","floor":13},{"not_picked":["hexamod:NightmareGuise","hexamod:BacktrackSmack"],"picked":"hexamod:GhostflameBarrier","floor":14},{"not_picked":["hexamod:GhostShield","hexamod:Hexaguard"],"picked":"hexamod:RainOfEmbers","floor":15}],"player_experience":1565720,"relics_obtained":[{"floor":7,"key":"Bag of Preparation"},{"floor":8,"key":"Tiny Chest"},{"floor":11,"key":"FossilizedHelix"}],"event_choices":[{"damage_healed":0,"gold_gain":0,"player_choice":"Donut","damage_taken":0,"max_hp_gain":5,"max_hp_loss":0,"event_name":"Big Fish","floor":3,"gold_loss":0},{"damage_healed":0,"gold_gain":0,"player_choice":"Success","damage_taken":7,"relics_obtained":["Eternal Feather"],"max_hp_gain":0,"max_hp_loss":0,"event_name":"Scrap Ooze","floor":4,"gold_loss":0}],"is_beta":false,"boss_relics":[],"items_purged_floors":[],"is_endless":false,"potions_floor_spawned":[2,11,12,14,15],"killed_by":"downfall:Silent","ascension_level":1}}