{"host":"lh9qfzqeqctr28d2","time":1608705222,"event":{"mods":["BaseMod","Minty Spire (QoL Compilation)","Quick Restart","Relic Stats","Remilia£®¿Ÿ√◊¿Ú—«£©","StSLib"],"gold_per_floor":[116,291,40,53,53,53,73,103,103,103,103,103,35,60,60,181,181,205,205,205,216,162,162,162],"floor_reached":23,"playtime":1128,"items_purged":["Doubt"],"score":212,"play_id":"1ee4efb5-f5bf-4cb5-b7a8-f233dc83c3b2","local_time":"20201223143342","is_ascension_mode":false,"campfire_choices":[{"data":"Apotheosis","floor":6,"key":"SMITH"},{"floor":11,"key":"REST"},{"data":"FitfulNightmare","floor":15,"key":"SMITH"}],"circlet_count":0,"master_deck":["Strike_RM","Strike_RM","Defend_RM","Defend_RM","RedMoon","ScarletShoot","ScarletGensokyo","MillenniumVampire","TwelveNightmare","Apotheosis+1","BlasphemousPunishment","BloodHunter","BombardNight","ScarletSymphony","FitfulNightmare+1","ChaoticDestiny","FitfulNightmare","BloodyTrap","MastersStateliness"],"relics":["ScarletHat","Shuriken","Du-Vu Doll","Bloody Idol","Meat on the Bone","Philosopher\u0027s Stone"],"acts_visited":["Exordium","TheCity"],"potions_floor_usage":[16],"damage_taken":[{"damage":0,"enemies":"Small Slimes","floor":1,"turns":4},{"damage":0,"enemies":"2 Louse","floor":4,"turns":5},{"damage":0,"enemies":"Cultist","floor":7,"turns":5},{"damage":10,"enemies":"Lagavulin","floor":8,"turns":6},{"damage":0,"enemies":"Exordium Thugs","floor":14,"turns":1},{"damage":38,"enemies":"Hexaghost","floor":16,"turns":11},{"damage":16,"enemies":"Spheric Guardian","floor":18,"turns":4},{"damage":8,"enemies":"Chosen","floor":21,"turns":6},{"damage":5,"enemies":"Book of Stabbing","floor":23,"turns":1}],"seed_played":"-339146763017170563","potions_obtained":[{"floor":1,"key":"Explosive Potion"},{"floor":8,"key":"CultistPotion"},{"floor":21,"key":"BlessingOfTheForge"}],"is_trial":false,"path_per_floor":["M","?","$","M","?","R","M","E","T","?","R","T","$","M","R","B",null,"M","?","?","M","$","E"],"character_chosen":"REMILIA","items_purchased":["Apotheosis","ScarletSymphony","MastersStateliness"],"campfire_rested":1,"item_purchase_floors":[3,13,22],"current_hp_per_floor":[56,56,56,56,61,61,67,61,61,61,74,74,74,74,74,56,74,66,66,66,66,66,61,61],"gold":162,"neow_bonus":"TRANSFORM_TWO_CARDS","is_daily":false,"chose_seed":false,"campfire_upgraded":2,"win_rate":0.0,"timestamp":1608705222,"path_taken":["M","?","$","M","?","R","M","E","T","?","R","?","$","?","R","BOSS","M","?","?","?","$","E"],"items_purchased_type":["Card","Card","Card"],"build_version":"2020-12-22","purchased_purges":1,"victory":false,"max_hp_per_floor":[75,75,75,75,80,80,80,80,80,74,74,74,74,74,74,74,74,74,74,74,74,74,74,74],"relic_stats":{"counters":[9,43],"Shuriken":[1],"Bloody Idol":5,"obtain_stats":[{"Du-Vu Doll":9,"Shuriken":8,"Golden Idol":10,"Bloody Idol":19,"Philosopher\u0027s Stone":17,"ScarletHat":0,"Meat on the Bone":12},{"Du-Vu Doll":4,"Shuriken":4,"Golden Idol":4,"Bloody Idol":7,"Philosopher\u0027s Stone":6,"ScarletHat":0,"Meat on the Bone":4},{"Du-Vu Doll":20,"Shuriken":20,"Golden Idol":20,"Bloody Idol":36,"Philosopher\u0027s Stone":32,"ScarletHat":0,"Meat on the Bone":20}],"Meat on the Bone":0},"card_choices":[{"not_picked":["BlasphemousPunishment","CharismaGuard"],"picked":"TwelveNightmare","floor":1},{"not_picked":["UnstableMagic","ChainGang"],"picked":"BlasphemousPunishment","floor":4},{"not_picked":["ScarletImprint","GlobalNightmare"],"picked":"BloodHunter","floor":7},{"not_picked":["FitfulNightmare","MiserableFate"],"picked":"BombardNight","floor":8},{"not_picked":["CharismaGuard","RedRainbow"],"picked":"FitfulNightmare","floor":14},{"not_picked":["KillingBlow","CurseOfVladTepes"],"picked":"ChaoticDestiny","floor":16},{"not_picked":["UnderTheZenith","ScarletDevilSign","ChainGang"],"picked":"SKIP","floor":18},{"not_picked":["ReincarnationDial+1","BadLadyScramble","ChainGang"],"picked":"SKIP","floor":21}],"player_experience":342434,"relics_obtained":[{"floor":8,"key":"Shuriken"},{"floor":9,"key":"Du-Vu Doll"},{"floor":12,"key":"Meat on the Bone"}],"event_choices":[{"damage_healed":0,"gold_gain":175,"player_choice":"AGREE","damage_taken":0,"max_hp_gain":0,"max_hp_loss":0,"event_name":"Liars Game","floor":2,"gold_loss":0,"cards_obtained":["Doubt"]},{"damage_healed":0,"gold_gain":0,"player_choice":"Donut","damage_taken":0,"max_hp_gain":5,"max_hp_loss":0,"event_name":"Big Fish","floor":5,"gold_loss":0},{"damage_healed":0,"gold_gain":0,"player_choice":"Lose Max HP","damage_taken":0,"relics_obtained":["Golden Idol"],"max_hp_gain":0,"max_hp_loss":6,"event_name":"Golden Idol","floor":10,"gold_loss":0},{"damage_healed":0,"gold_gain":0,"player_choice":"Gave Idol","damage_taken":0,"relics_obtained":["Bloody Idol"],"max_hp_gain":0,"max_hp_loss":0,"event_name":"Forgotten Altar","floor":19,"relics_lost":["Golden Idol"],"gold_loss":0},{"damage_healed":0,"gold_gain":0,"cards_transformed":["Strike_RM","Defend_RM"],"player_choice":"Became Test Subject","damage_taken":0,"max_hp_gain":0,"max_hp_loss":0,"event_name":"Drug Dealer","floor":20,"gold_loss":0,"cards_obtained":["FitfulNightmare","BloodyTrap"]}],"is_beta":false,"boss_relics":[{"not_picked":["Snecko Eye","Empty Cage"],"picked":"Philosopher\u0027s Stone"}],"items_purged_floors":[3],"is_endless":false,"potions_floor_spawned":[1,8,21],"killed_by":"Book of Stabbing","ascension_level":0}}