{"host":"12","time":1608744323,"event":{"mods":["ATMod(°¢èªMod)","Act Like it!","BaseMod","Colored Powertips","Minty Spire (QoL Compilation)","StSLib","¡¾¹¦ÄÜMod¡¿»ìãçÖ®»·ÐÞ¸´²¹¶¡"],"gold_per_floor":[114,127,142,158,169,169,188,199,199,218,143,143,161,161,161],"floor_reached":14,"playtime":377,"items_purged":[],"score":176,"play_id":"04d72ec3-7501-49a3-ae1e-795a554c2145","local_time":"20201224012523","is_ascension_mode":true,"campfire_choices":[{"data":"AT_ShadowStep","floor":6.0,"key":"SMITH"},{"data":"AT_WindFlip","floor":12.0,"key":"SMITH"}],"circlet_count":0,"master_deck":["AscendersBane","Strike_G","Strike_G","Strike_G","Strike_G","Defend_G","Defend_G","Defend_G","Defend_G","Defend_G","Survivor","Neutralize","AT_WindFlip+1","Blade Dance","AT_ThistleTea","AT_ShadowStep+1","AT_MyraUnstableElement","Dash"],"relics":["Ring of the Snake","AT_ATBox","NeowsBlessing","Letter Opener"],"acts_visited":["Exordium"],"potions_floor_usage":[],"damage_taken":[{"damage":0.0,"enemies":"Cultist","floor":1.0,"turns":1.0},{"damage":0.0,"enemies":"Jaw Worm","floor":2.0,"turns":1.0},{"damage":0.0,"enemies":"Small Slimes","floor":3.0,"turns":1.0},{"damage":6.0,"enemies":"3 Louse","floor":4.0,"turns":3.0},{"damage":3.0,"enemies":"Looter","floor":5.0,"turns":4.0},{"damage":12.0,"enemies":"Large Slime","floor":7.0,"turns":7.0},{"damage":0.0,"enemies":"2 Fungi Beasts","floor":8.0,"turns":1.0},{"damage":7.0,"enemies":"3 Louse","floor":10.0,"turns":2.0},{"damage":0.0,"enemies":"Blue Slaver","floor":13.0,"turns":5.0},{"damage":0,"enemies":"Lagavulin","floor":14,"turns":2}],"seed_played":"-4264255970101889329","potions_obtained":[{"floor":1.0,"key":"Energy Potion"},{"floor":5.0,"key":"Ancient Potion"},{"floor":10.0,"key":"Weak Potion"}],"is_trial":false,"path_per_floor":["M","M","M","M","M","R","M","M","T","M","?","R","M","E"],"character_chosen":"THE_SILENT","items_purchased":[],"campfire_rested":0,"item_purchase_floors":[],"current_hp_per_floor":[59,59,59,53,50,50,38,38,38,31,31,31,31,31,31],"gold":161,"neow_bonus":"THREE_ENEMY_KILL","is_daily":false,"chose_seed":false,"campfire_upgraded":2,"win_rate":0.0,"timestamp":1608744323,"path_taken":["M","M","?","M","M","R","M","M","T","?","?","R","M","E"],"items_purchased_type":[],"build_version":"2020-12-18","purchased_purges":0,"victory":false,"max_hp_per_floor":[66,66,66,66,66,66,66,66,66,66,66,66,66,66,66],"card_choices":[{"not_picked":["Blur","Dagger Throw"],"picked":"Blade Dance","floor":1.0},{"not_picked":["AT_WindFlip","PiercingWail","Catalyst"],"picked":"SKIP","floor":2.0},{"not_picked":["Slice","Deadly Poison","Poisoned Stab"],"picked":"SKIP","floor":3.0},{"not_picked":["Blade Dance","Poisoned Stab"],"picked":"AT_ThistleTea","floor":4.0},{"not_picked":["Caltrops","Prepared"],"picked":"AT_ShadowStep","floor":5.0},{"not_picked":["Dagger Throw","Choke"],"picked":"AT_MyraUnstableElement","floor":7.0},{"not_picked":["Prepared","Eviscerate"],"picked":"Dash","floor":8.0},{"not_picked":["Dagger Spray","Sucker Punch","Deadly Poison"],"picked":"SKIP","floor":10.0},{"not_picked":["Dagger Throw","Underhanded Strike","Flying Knee"],"picked":"SKIP","floor":13.0}],"player_experience":562738,"relics_obtained":[{"floor":9.0,"key":"Letter Opener"}],"event_choices":[{"cards_removed":["Strike_G"],"damage_healed":0.0,"max_hp_gain":0.0,"max_hp_loss":0.0,"gold_gain":0.0,"event_name":"The Cleric","player_choice":"Card Removal","floor":11.0,"gold_loss":75.0,"damage_taken":0.0}],"is_beta":true,"boss_relics":[],"items_purged_floors":[],"is_endless":false,"potions_floor_spawned":[1,5,8,10],"killed_by":"Lagavulin","ascension_level":20}}