{"host":"uflv0e3ja7hvnij7","time":1608686640,"event":{"mods":["BaseMod","Conspire","Hubris","Minty Spire (QoL Compilation)","Replay The Spire","StSLib","The Bug Knight"],"gold_per_floor":[116,135,210,226,238,270,281,281,281,295,17,30,30,47,47,47,47],"floor_reached":16,"playtime":1160,"items_purged":["Defend_G"],"score":142,"play_id":"3ea7b29c-bd26-4c30-b8b7-e0d80b764b39","local_time":"20201222202400","is_ascension_mode":true,"campfire_choices":[{"floor":8,"key":"REST"},{"floor":15,"key":"REST"}],"circlet_count":0,"master_deck":["Strike_G","Strike_G","Strike_G","Strike_G","Strike_G","Defend_G","Defend_G","Defend_G","Defend_G","Survivor","Neutralize","Prepared","PiercingWail","Dagger Throw","Cloak And Dagger"],"relics":["Ring of the Snake","Replay:Ringing Soul","Vampiric Spirits","hubris:EmptyBottle"],"acts_visited":["Exordium"],"potions_floor_usage":[6,10],"damage_taken":[{"damage":0,"enemies":"Small Slimes","floor":1,"turns":4},{"damage":0,"enemies":"2 Louse","floor":2,"turns":6},{"damage":0,"enemies":"Jaw Worm","floor":4,"turns":7},{"damage":0,"enemies":"3 Louse","floor":5,"turns":5},{"damage":27,"enemies":"Gremlin Nob","floor":6,"turns":5},{"damage":20,"enemies":"Exordium Wildlife","floor":7,"turns":6},{"damage":18,"enemies":"Large Slime","floor":10,"turns":8},{"damage":3,"enemies":"Blue Slaver","floor":12,"turns":6},{"damage":0,"enemies":"Red Slaver","floor":14,"turns":5},{"damage":0,"enemies":"The Guardian","floor":16,"turns":3}],"seed_played":"-1227273702774878152","potions_obtained":[{"floor":1,"key":"Strength Potion"},{"floor":2,"key":"FairyPotion"},{"floor":6,"key":"Languid Potion"}],"is_trial":false,"path_per_floor":["M","M","?","M","M","E","M","R","T","M","$","M","?","M","R","B"],"character_chosen":"THE_SILENT","items_purchased":["hubris:EmptyBottle","Cloak And Dagger"],"campfire_rested":2,"item_purchase_floors":[11,11],"current_hp_per_floor":[77,77,66,66,66,42,25,49,49,35,38,36,36,39,64,67,67],"gold":47,"neow_bonus":"TEN_PERCENT_HP_BONUS","is_daily":false,"chose_seed":false,"campfire_upgraded":0,"win_rate":0.0,"timestamp":1608686640,"path_taken":["M","M","?","M","M","E","M","R","T","M","$","M","?","M","R","BOSS"],"items_purchased_type":["Relic","Card"],"build_version":"2020-12-13","purchased_purges":1,"victory":false,"max_hp_per_floor":[77,77,77,77,77,80,83,83,83,83,86,86,86,86,86,86,86],"card_choices":[{"not_picked":["Choke","Backflip"],"picked":"Prepared","floor":1},{"not_picked":["Bane","Cloak And Dagger"],"picked":"PiercingWail","floor":2},{"not_picked":["Sucker Punch","Backflip","ReplayTheSpireMod:The Works"],"picked":"SKIP","floor":4},{"not_picked":["Bane","Acrobatics","Sucker Punch"],"picked":"SKIP","floor":5},{"not_picked":["Backflip","Bane"],"picked":"Dagger Throw","floor":6},{"not_picked":["hubris:SlightOfHand","Backflip"],"picked":"Hidden Blade","floor":7},{"not_picked":["Dagger Spray","Caltrops","Deflect"],"picked":"SKIP","floor":10},{"not_picked":["Distraction","Noxious Fumes","Acrobatics"],"picked":"SKIP","floor":12},{"not_picked":["Heel Hook","Bane","Eviscerate"],"picked":"SKIP","floor":14}],"player_experience":284444,"relics_obtained":[{"floor":6,"key":"Replay:Ringing Soul"},{"floor":9,"key":"Vampiric Spirits"}],"event_choices":[{"damage_healed":0,"gold_gain":75,"player_choice":"Gather Gold","damage_taken":11,"max_hp_gain":0,"max_hp_loss":0,"event_name":"World of Goop","floor":3,"gold_loss":0}],"is_beta":false,"boss_relics":[],"items_purged_floors":[11],"is_endless":false,"potions_floor_spawned":[1,2,6],"killed_by":"The Guardian","ascension_level":2}}