{"host":"qxeepl7ydvsgmfdb","time":1608706092,"event":{"mods":["AchievementEnabler","BaseMod","Colored Powertips","Minty Spire (QoL Compilation)","Quick Restart","slay the spire mod where everything is the same but ironclad has a cowboy hat"],"gold_per_floor":[216,216,391,406,406,406,418,437,516,516,293,293,310,334,334,430,430,449,449,459,558,489,489,508,508,508],"floor_reached":25,"playtime":610,"items_purged":[],"score":241,"play_id":"927a10bc-c5d7-4664-aaaa-b50dc3f1a988","local_time":"20201223014812","is_ascension_mode":true,"campfire_choices":[{"data":"Defragment","floor":6,"key":"SMITH"},{"data":"Chaos","floor":15,"key":"SMITH"},{"floor":23,"key":"REST"}],"circlet_count":0,"master_deck":["Strike_B","Strike_B","Defend_B","Defend_B","Defend_B","Zap+1","Dualcast","Defragment+1","Fusion","Redo","Darkness","Chaos+1","Cold Snap","Sweeping Beam","Turbo+1"],"relics":["Cracked Core","Darkstone Periapt","Lee\u0027s Waffle","Strawberry","Empty Cage","WingedGreaves"],"acts_visited":["Exordium","TheCity"],"potions_floor_usage":[10,10,24,25],"damage_taken":[{"damage":12,"enemies":"Jaw Worm","floor":1,"turns":4},{"damage":10,"enemies":"Small Slimes","floor":4,"turns":3},{"damage":0,"enemies":"Cultist","floor":7,"turns":3},{"damage":7,"enemies":"Looter","floor":8,"turns":3},{"damage":10,"enemies":"Gremlin Nob","floor":10,"turns":3},{"damage":11,"enemies":"Blue Slaver","floor":13,"turns":4},{"damage":20,"enemies":"Slime Boss","floor":16,"turns":8},{"damage":43,"enemies":"2 Thieves","floor":18,"turns":5},{"damage":20,"enemies":"Spheric Guardian","floor":20,"turns":5},{"damage":22,"enemies":"3 Cultists","floor":24,"turns":5},{"damage":30,"enemies":"Sentry and Sphere","floor":25,"turns":5}],"seed_played":"-3587452853861551093","potions_obtained":[{"floor":1,"key":"DuplicationPotion"},{"floor":8,"key":"SmokeBomb"},{"floor":16,"key":"SteroidPotion"},{"floor":20,"key":"PowerPotion"},{"floor":24,"key":"Block Potion"}],"is_trial":false,"path_per_floor":["M","?","?","M","?","R","M","M","T","E","$","?","M","T","R","B",null,"M","?","M","?","?","R","M","M"],"character_chosen":"DEFECT","items_purchased":["Lee\u0027s Waffle","Darkness"],"campfire_rested":1,"item_purchase_floors":[11,11],"current_hp_per_floor":[63,56,56,46,46,46,46,39,39,29,82,82,71,78,78,58,89,46,46,26,26,26,52,30,0,0],"gold":508,"neow_bonus":"HUNDRED_GOLD","is_daily":false,"chose_seed":false,"campfire_upgraded":2,"win_rate":0.0,"timestamp":1608706092,"path_taken":["M","?","?","M","?","R","?","M","T","E","$","?","M","?","R","BOSS","M","?","?","?","?","R","?","M"],"items_purchased_type":["Relic","Card"],"build_version":"2020-12-13","purchased_purges":0,"victory":false,"max_hp_per_floor":[75,75,75,75,75,75,75,75,75,75,82,82,82,89,89,89,89,89,89,89,89,89,89,89,89,89],"card_choices":[{"not_picked":["Hello World","Go for the Eyes","Beam Cell"],"picked":"SKIP","floor":1},{"not_picked":["Beam Cell","Darkness"],"picked":"Defragment","floor":4},{"not_picked":["Defragment","Compile Driver"],"picked":"Fusion","floor":7},{"not_picked":["Gash","Fission"],"picked":"Redo","floor":8},{"not_picked":["Go for the Eyes","Heatsinks"],"picked":"Chaos","floor":13},{"not_picked":["Leap","Barrage"],"picked":"Cold Snap","floor":18},{"not_picked":["Skim","Hologram"],"picked":"Sweeping Beam","floor":20},{"not_picked":["Redo","Rebound"],"picked":"Turbo+1","floor":24}],"player_experience":325404,"relics_obtained":[{"floor":9,"key":"Darkstone Periapt"},{"floor":14,"key":"Strawberry"}],"event_choices":[{"cards_removed":["Strike_B"],"damage_healed":0,"gold_gain":0,"player_choice":"Card Removal","damage_taken":7,"max_hp_gain":0,"max_hp_loss":0,"event_name":"Golden Wing","floor":2,"gold_loss":0},{"damage_healed":0,"gold_gain":175,"player_choice":"AGREE","damage_taken":0,"max_hp_gain":0,"max_hp_loss":0,"event_name":"Liars Game","floor":3,"gold_loss":0,"cards_obtained":["Doubt"]},{"cards_removed":["Doubt"],"damage_healed":0,"gold_gain":0,"player_choice":"Purged","damage_taken":0,"max_hp_gain":0,"max_hp_loss":0,"event_name":"Purifier","floor":5,"gold_loss":0},{"damage_healed":0,"gold_gain":0,"player_choice":"Grow","damage_taken":0,"max_hp_gain":0,"max_hp_loss":0,"event_name":"Living Wall","floor":12,"gold_loss":0,"cards_upgraded":["Zap"]},{"damage_healed":0,"gold_gain":0,"player_choice":"Ignored","damage_taken":0,"max_hp_gain":0,"max_hp_loss":0,"event_name":"Purifier","floor":19,"gold_loss":0},{"damage_healed":0,"gold_gain":99,"player_choice":"Stole From Cult","damage_taken":0,"max_hp_gain":0,"max_hp_loss":0,"event_name":"Nest","floor":21,"gold_loss":0},{"damage_healed":0,"gold_gain":0,"player_choice":"Paid Gold","damage_taken":0,"relics_obtained":["WingedGreaves"],"max_hp_gain":0,"max_hp_loss":0,"event_name":"WeMeetAgain","floor":22,"gold_loss":69}],"is_beta":false,"boss_relics":[{"not_picked":["SlaversCollar","Sozu"],"picked":"Empty Cage"}],"items_purged_floors":[],"is_endless":false,"potions_floor_spawned":[1,8,10,16,20,24],"killed_by":"Sentry and Sphere","ascension_level":4}}