{"host":"vk048wfegrcr2z4r","time":1608686758,"event":{"mods":["Abigail Mod","Act Like it!","AlwaysNeverKeys","Aspiration","Bard","Bartender","BaseMod","Beaked The Cultist","Block Reminder","Colored Map","Colored Powertips","Conspire","Gensokyo","Gremlin Mod","Mad Scientist","Minty Spire (QoL Compilation)","Pale of the Ancients","Permanent Neow","Random Character Button","Replay The Spire","StSLib","The Construct","The Factory","The Jungle","The Mystic","The Runesmith","The Showman","TheBandit","Waifu the Spire","Wandering Minibosses","thorton"],"gold_per_floor":[118,136,136,161,22,72,72,361,361,361,408,408,443,474,474,589,589,620,645,645,666,696,696,737,737,737,737,35,96,135,174,174,310,310,338,338,12,86,158,158,292,292,292,36,36,107,10,33,33,53,83,177,177,177,177,243,243,21,21,91],"floor_reached":61,"playtime":6820,"items_purged":["Looming Evil","ReplayTheSpireMod:Meltdown Sequence"],"score":2045,"play_id":"9d783b48-1911-4779-ab21-24dfeb83eb05","local_time":"20201222182558","is_ascension_mode":true,"campfire_choices":[{"data":"AbbyMod:FamiliarShield","floor":7.0,"key":"SMITH"},{"data":"AbbyMod:ConsumeFlesh","floor":12.0,"key":"SMITH"},{"data":"AbbyMod:TentacleSwarm","floor":15.0,"key":"SMITH"},{"data":"AbbyMod:HeroCreationA","floor":23,"key":"SMITH"},{"data":"AbbyMod:WitchTrial","floor":25,"key":"SMITH"},{"data":"Replay:BasicMightCard","floor":27,"key":"SMITH"},{"floor":32,"key":"DIG"},{"floor":40,"key":"DIG"},{"floor":42,"key":"DIG"},{"floor":45,"key":"DIG"},{"floor":49,"key":"DIG"},{"floor":55,"key":"DIG"},{"floor":57,"key":"DIG"}],"circlet_count":0,"master_deck":["AbbyMod:Ab_Strike","AbbyMod:Ab_Strike","AbbyMod:Ab_Defend","AbbyMod:Ab_Defend","AbbyMod:Ab_Defend","AbbyMod:FleetingSanity","AbbyMod:ForeheadBeam","AbbyMod:FamiliarShield+1","AbbyMod:PreciousMemories+1","AbbyMod:HolidayWishes","AbbyMod:ConsumeFlesh+1","AbbyMod:HeroCreationA+1","AbbyMod:TentacleSwarm+1","AbbyMod:EquivalentExchange","AbbyMod:DemonPancake","Replay:BasicMightCard+1","AbbyMod:WitchTrial+1","AbbyMod:SuperMuscular+1","AbbyMod:Kuroboshi+1","AbbyMod:SuperMuscular+1","AbbyMod:LargeTentacle+1","AbbyMod:ChocoKey+1","AbbyMod:VoidHeretic+1","AbbyMod:TeddyBear+1","Violence+1","Sadistic Nature+1","Violence","Madness+1","AbbyMod:FlyingMascot+1","AbbyMod:AttoSecond+1","AbbyMod:PrayerOfFaith+1","AbbyMod:Takeuchi+1","AbbyMod:AttoSecond+1","Finesse","AbbyMod:HolidayWishes+1","AbbyMod:PantyShot+1","AbbyMod:PowerGamer+1","AbbyMod:Ab_SwirlOfMadness+1","AbbyMod:Ab_SwirlOfMadness+1","AbbyMod:ChocoKey+1"],"relics":["AbbyMod:Salem_Diary","aspiration:Nostalgia","construct:Cogwheel","Replay:Bandana","Whetstone","Simple Rune","Strawberry","Torii","White_Cape","FossilizedHelix","Orichalcum","SlaversCollar","InkBottle","Frozen Egg 2","Molten Egg 2","HandDrill","Centennial Puzzle","Bag of Marbles","Shovel","ReplayTheSpireMod:Lightbulb","aspiration:PoetsPen_weak","ReplayTheSpireMod:Ring of Addiction","Potion Belt","Chameleon Ring","ReplayTheSpireMod:Ring of Challenge","ReplayTheSpireMod:ShopPack","Incense Burner","wanderingMiniBosses:Inkheart","Replay:Bottled Eggs","Pet Ghost","Replay:Accelerometer","War Paint","Strange Spoon","Blue Doll","aspiration:HatOfInfinitePower","ReplayTheSpireMod:Shallot","paleoftheancients:Timepiece","paleoftheancients:KeyRelic","Ice Cream","Gremlin Horn","paleoftheancients:SoulOfTheCollector","Ginger","Happy Flower","aspiration:FrozenJewel","Vajra"],"acts_visited":["Exordium","TheCity","TheBeyond","TheBeyond"],"potions_floor_usage":[24,33,35,38,39,39,41,41,50,60],"damage_taken":[{"damage":5.0,"enemies":"Gensokyo:Gryphon","floor":1.0,"turns":6.0},{"damage":5.0,"enemies":"Gensokyo:3_Fairies","floor":2.0,"turns":4.0},{"damage":0.0,"enemies":"Gensokyo:2_Kodama","floor":4.0,"turns":5.0},{"damage":17.0,"enemies":"Gensokyo:Cirno","floor":6.0,"turns":7.0},{"damage":0.0,"enemies":"Gensokyo:Aya","floor":8.0,"turns":7.0},{"damage":0.0,"enemies":"Gensokyo:Mamizou","floor":11.0,"turns":6.0},{"damage":3.0,"enemies":"Gensokyo:Gryphon_and_Rabbit","floor":13.0,"turns":6.0},{"damage":0.0,"enemies":"Gensokyo:Aya","floor":14.0,"turns":5.0},{"damage":0.0,"enemies":"Gensokyo:Yukari","floor":16.0,"turns":18.0},{"damage":0.0,"enemies":"Shell Parasite","floor":18.0,"turns":5.0},{"damage":0.0,"enemies":"Chosen","floor":19.0,"turns":5.0},{"damage":1.0,"enemies":"Snake Plant","floor":21.0,"turns":6.0},{"damage":0.0,"enemies":"Cultist and Chosen","floor":22.0,"turns":10.0},{"damage":0,"enemies":"Book of Stabbing","floor":24,"turns":5},{"damage":0,"enemies":"conspire:MimicChest","floor":29,"turns":8},{"damage":0,"enemies":"conspire:SneckoGhost","floor":30,"turns":7},{"damage":0,"enemies":"Sentry and Sphere","floor":31,"turns":4},{"damage":7,"enemies":"Collector","floor":33,"turns":4},{"damage":10,"enemies":"3 Darklings","floor":35,"turns":4},{"damage":12,"enemies":"2 Orb Walkers","floor":38,"turns":4},{"damage":0,"enemies":"3 Shapes","floor":39,"turns":8},{"damage":6,"enemies":"beaked:SuperParasite","floor":41,"turns":3},{"damage":0,"enemies":"R_Hoarder","floor":46,"turns":4},{"damage":0,"enemies":"3 Darklings","floor":48,"turns":4},{"damage":0,"enemies":"conspire:OrnateMirror","floor":50,"turns":4},{"damage":0,"enemies":"conspire:OrnateMirror","floor":51,"turns":3},{"damage":0,"enemies":"conspire:OrnateMirror","floor":52,"turns":3},{"damage":107,"enemies":"conspire:OrnateMirror","floor":56,"turns":5},{"damage":0,"enemies":"paleoftheancients:N","floor":60,"turns":4}],"seed_played":"1675535439213080265","potions_obtained":[{"floor":1.0,"key":"ColorlessPotion"},{"floor":8.0,"key":"Swift Potion"},{"floor":13.0,"key":"Block Potion"},{"floor":14.0,"key":"construct:ShiftPotion"},{"floor":16.0,"key":"Toxic Potion"},{"floor":18.0,"key":"Languid Potion"},{"floor":21.0,"key":"Dexterity Potion"},{"floor":22.0,"key":"SpeedPotion"},{"floor":24,"key":"Elixir"},{"floor":33,"key":"SkillPotion"},{"floor":36,"key":"GamblersBrew"},{"floor":36,"key":"Languid Potion"},{"floor":36,"key":"Toxic Potion"},{"floor":38,"key":"ColorlessPotion"},{"floor":46,"key":"SpeedPotion"},{"floor":48,"key":"Regen Potion"}],"is_trial":false,"path_per_floor":["M","M","?","M","COS","E","R","E","T","?","E","R","M","E","R","B",null,"M","M","?","M","M","R","E","R","T","R","$","?","E","M","R","B",null,"M","?","$","?","M","R","E","R","T","$","R","E","$","M","R","B","M","M","?","T","R","M","R","$","?","B",null],"character_chosen":"Ab_Foreigner","items_purchased":["Molten Egg 2","HandDrill","Centennial Puzzle","AbbyMod:SuperMuscular+1","ReplayTheSpireMod:ShopPack","Madness","Strange Spoon","AbbyMod:Takeuchi+1","AbbyMod:AttoSecond+1","Finesse","Vajra","AbbyMod:Ab_SwirlOfMadness+1","AbbyMod:ChocoKey+1"],"campfire_rested":0,"item_purchase_floors":[28,28,28,28,37,37,44,44,44,47,58,58,58],"current_hp_per_floor":[55,50,50,50,50,33,33,40,40,14,14,14,13,15,15,17,73,75,77,77,78,80,80,80,80,80,80,80,82,84,84,84,77,85,77,77,77,75,89,89,85,85,85,85,85,88,88,92,92,94,96,98,98,96,96,98,96,96,96,94],"gold":91,"neow_bonus":"NOSTALGIA","is_daily":false,"chose_seed":false,"campfire_upgraded":6,"win_rate":0.0,"timestamp":1608686758,"path_taken":["M","?","?","M","COS","E","R","E","T","?","E","R","M","E","R","BOSS","M","M","?","?","?","R","E","R","T","R","$","?","E","M","R","BOSS","M","?","$","?","M","R","E","R","T","?","R","E","?","?","R","BOSS","M","M","?","T","R","M","R","$","?","BOSS"],"items_purchased_type":["Relic","Relic","Relic","Card","Relic","Card","Relic","Card","Card","Card","Relic","Card","Card"],"build_version":"2020-12-13","purchased_purges":2,"victory":true,"max_hp_per_floor":[60,60,60,60,60,60,60,67,67,67,67,67,69,71,71,73,73,75,77,77,79,81,81,81,81,81,81,81,83,85,85,85,85,85,87,87,87,87,89,89,91,91,91,91,89,92,92,92,92,94,96,98,98,96,96,98,96,96,96,94],"card_choices":[{"not_picked":["AbbyMod:AdultWords","AbbyMod:TentacleSwarm"],"picked":"AbbyMod:FamiliarShield","floor":1.0},{"not_picked":["AbbyMod:Hitomi","AbbyMod:AceInTheHole"],"picked":"AbbyMod:WorldStrongest","floor":2.0},{"not_picked":["AbbyMod:Ab_FiveStars","AbbyMod:ExposeNavel","AbbyMod:InsaneStrike"],"picked":"SKIP","floor":4.0},{"not_picked":["AbbyMod:PowerGamer+1","AbbyMod:WormHole+1"],"picked":"AbbyMod:PreciousMemories+1","floor":6.0},{"not_picked":["AbbyMod:HeroCreationA","AbbyMod:OldOneLimb"],"picked":"AbbyMod:HolidayWishes","floor":6.0},{"not_picked":["AbbyMod:SanityCheck","AbbyMod:InsaneStrike","AbbyMod:ExposeNavel"],"picked":"SKIP","floor":8.0},{"not_picked":["AbbyMod:Ab_OldOneTrigger","AbbyMod:BlackKey"],"picked":"AbbyMod:ConsumeFlesh","floor":11.0},{"not_picked":["AbbyMod:Thflth","AbbyMod:ExposeNavel"],"picked":"AbbyMod:HeroCreationA","floor":13.0},{"not_picked":["AbbyMod:SanityCheck","AbbyMod:PrayerOfFaith"],"picked":"AbbyMod:TentacleSwarm","floor":14.0},{"not_picked":["AbbyMod:VoidHeretic","AbbyMod:Ab_OldOneTrigger"],"picked":"AbbyMod:EquivalentExchange","floor":16.0},{"not_picked":["AbbyMod:TeddyBear","AbbyMod:LiftSkirt","AbbyMod:PapaProtection"],"picked":"SKIP","floor":18.0},{"not_picked":["AbbyMod:ExposeNavel","AbbyMod:Meteo"],"picked":"AbbyMod:DemonPancake","floor":19.0},{"not_picked":["AbbyMod:Ygna+1","AbbyMod:LifeSentence"],"picked":"AbbyMod:SuperMuscular+1","floor":21.0},{"not_picked":["AbbyMod:PowerGamer","AbbyMod:Keyblade+1"],"picked":"AbbyMod:Kuroboshi+1","floor":22.0},{"not_picked":["AbbyMod:LossOfSanity","AbbyMod:ChocoKey","AbbyMod:VoidPriest"],"picked":"SKIP","floor":24},{"not_picked":["AbbyMod:PapaProtection","AbbyMod:PowerGamer"],"picked":"AbbyMod:LargeTentacle+1","floor":29},{"not_picked":["AbbyMod:AttoSecond+1","AbbyMod:LiftSkirt+1"],"picked":"AbbyMod:WorldStrongest","floor":30},{"not_picked":["AbbyMod:SavingThrow","AbbyMod:EyesOfMadness"],"picked":"AbbyMod:ChocoKey+1","floor":31},{"not_picked":["AbbyMod:BlackKey+1","AbbyMod:AbsoluteCorruption+1"],"picked":"AbbyMod:VoidHeretic+1","floor":33},{"not_picked":["AbbyMod:AttoSecond+1","AbbyMod:AceInTheHole+1"],"picked":"AbbyMod:TeddyBear+1","floor":35},{"not_picked":["Transmutation","HandOfGreed"],"picked":"Violence","floor":37},{"not_picked":["The Bomb","Replay:BasicMightCard"],"picked":"Sadistic Nature","floor":37},{"not_picked":["Replay:Sssssssssshield","ReplayTheSpireMod:Trickstab"],"picked":"Violence","floor":37},{"not_picked":["AbbyMod:Kuroboshi+1","AbbyMod:Ab_FiveStars+1"],"picked":"AbbyMod:FlyingMascot+1","floor":38},{"not_picked":["AbbyMod:AdultWords+1","AbbyMod:LargeTentacle+1"],"picked":"AbbyMod:AttoSecond+1","floor":39},{"not_picked":["AbbyMod:FamiliarShield","AbbyMod:CommandSpell"],"picked":"AbbyMod:PrayerOfFaith+1","floor":41},{"not_picked":["AbbyMod:LiftSkirt+1","AbbyMod:LifeSentence+1"],"picked":"AbbyMod:CommandSpell+1","floor":46},{"not_picked":["AbbyMod:PowerGamer+1","AbbyMod:TentacleSwarm+1"],"picked":"AbbyMod:HolidayWishes+1","floor":48},{"not_picked":["AbbyMod:DemonPancake+1","AbbyMod:AceInTheHole+1"],"picked":"AbbyMod:PantyShot+1","floor":51},{"not_picked":["AbbyMod:AttoSecond+1","AbbyMod:StarRadiance+1"],"picked":"AbbyMod:PowerGamer+1","floor":52}],"player_experience":1178038,"relics_obtained":[{"floor":6.0,"key":"Whetstone"},{"floor":8.0,"key":"Strawberry"},{"floor":9.0,"key":"Torii"},{"floor":11.0,"key":"FossilizedHelix"},{"floor":14.0,"key":"Orichalcum"},{"floor":24,"key":"InkBottle"},{"floor":26,"key":"Frozen Egg 2"},{"floor":29,"key":"Bag of Marbles"},{"floor":30,"key":"Shovel"},{"floor":32,"key":"ReplayTheSpireMod:Lightbulb"},{"floor":36,"key":"ReplayTheSpireMod:Ring of Addiction"},{"floor":36,"key":"Potion Belt"},{"floor":36,"key":"Chameleon Ring"},{"floor":36,"key":"ReplayTheSpireMod:Ring of Challenge"},{"floor":38,"key":"Incense Burner"},{"floor":38,"key":"wanderingMiniBosses:Inkheart"},{"floor":40,"key":"Replay:Bottled Eggs"},{"floor":41,"key":"Pet Ghost"},{"floor":42,"key":"Replay:Accelerometer"},{"floor":43,"key":"War Paint"},{"floor":45,"key":"Blue Doll"},{"floor":46,"key":"aspiration:HatOfInfinitePower"},{"floor":49,"key":"ReplayTheSpireMod:Shallot"},{"floor":52,"key":"paleoftheancients:SoulOfTheCollector"},{"floor":54,"key":"Ginger"},{"floor":55,"key":"Happy Flower"},{"floor":57,"key":"aspiration:FrozenJewel"}],"event_choices":[{"damage_healed":0.0,"max_hp_gain":0.0,"max_hp_loss":0.0,"gold_gain":0.0,"event_name":"Match and Keep!","player_choice":"3 cards matched","floor":20.0,"gold_loss":0.0,"damage_taken":0.0,"cards_obtained":["Looming Evil","Replay:BasicMightCard","AbbyMod:WitchTrial"]},{"damage_healed":0,"gold_gain":0,"player_choice":"Fight","damage_taken":0,"max_hp_gain":0,"max_hp_loss":0,"event_name":"Mysterious Sphere","floor":38,"gold_loss":0},{"damage_healed":0,"gold_gain":0,"player_choice":"Upgraded","damage_taken":0,"max_hp_gain":0,"max_hp_loss":0,"event_name":"Upgrade Shrine","floor":53,"gold_loss":0,"cards_upgraded":["Madness"]}],"is_beta":false,"boss_relics":[{"not_picked":["Pandora\u0027s Box","Silver_Glasses"],"picked":"SlaversCollar"},{"not_picked":["aspiration:SilentSkillbook","Sozu"],"picked":"aspiration:PoetsPen_weak"}],"items_purged_floors":[28,37],"is_endless":false,"potions_floor_spawned":[1,8,13,14,16,18,21,22,24,33,38,46,48,56],"ascension_level":3}}