{"host":"odz7g4gpgch153rb","time":1608753221,"event":{"mods":["AchievementEnabler","BaseMod","Better Match","Better Third Choice","BetterRewards","GifTheSpireLib","Infinite Spire","Jedi Mod","Minty Spire (QoL Compilation)","Quick Restart","Replay The Spire","Spikes Relics","StSLib","Stuff the Spire","The Blue Laboratory","Trackpad"],"gold_per_floor":[110,110,110,121,134,134,84,84,84,103,113,38,63,75,75,150,150,150,150],"floor_reached":18,"playtime":837,"items_purged":["Strike_B"],"score":275,"play_id":"c150b0a8-0dcc-4387-9825-b54cf4715d73","local_time":"20201223145341","is_ascension_mode":true,"campfire_choices":[{"data":"Zap","floor":6,"key":"SMITH"},{"data":"Dualcast","floor":8,"key":"SMITH"},{"data":"StuffTheSpire:Coldhearted","floor":15,"key":"SMITH"}],"circlet_count":0,"master_deck":["AscendersBane","Strike_B","Strike_B","Defend_B","Defend_B","Defend_B","Defend_B","Zap+1","Dualcast+1","StuffTheSpire:Coldhearted+1","StuffTheSpire:Plugnplay","Ball Lightning","Coolheaded","Reboot"],"relics":["Cracked Core","NeowsBlessing","Vajra","infinitespire:Bottled Soul","StuffTheSpire:GrapeVine","Philosopher\u0027s Stone"],"acts_visited":["Exordium","TheCity"],"potions_floor_usage":[13,16,16],"damage_taken":[{"damage":0,"enemies":"Cultist","floor":1,"turns":1},{"damage":0,"enemies":"2 Louse","floor":4,"turns":1},{"damage":0,"enemies":"Jaw Worm","floor":5,"turns":1},{"damage":4,"enemies":"2 Fungi Beasts","floor":10,"turns":3},{"damage":6,"enemies":"Exordium Wildlife","floor":11,"turns":4},{"damage":17,"enemies":"3 Sentries","floor":13,"turns":6},{"damage":0,"enemies":"Large Slime","floor":14,"turns":3},{"damage":19,"enemies":"Slime Boss","floor":16,"turns":9},{"damage":34,"enemies":"3 Byrds","floor":18,"turns":3}],"seed_played":"8338455224500729630","potions_obtained":[{"floor":4,"key":"BlessingOfTheForge"},{"floor":5,"key":"blueLaboratory:BottleOfRum"},{"floor":13,"key":"FearPotion"},{"floor":14,"key":"jedi:StrikingPotion"}],"is_trial":false,"path_per_floor":["M","?","?","M","M","R","?","R","T","M","M","$","E","M","R","B",null,"M"],"character_chosen":"DEFECT","items_purchased":[],"campfire_rested":0,"item_purchase_floors":[],"current_hp_per_floor":[64,64,64,64,64,64,64,64,64,60,54,54,37,37,37,18,58,24,24],"gold":150,"neow_bonus":"THREE_ENEMY_KILL","is_daily":false,"chose_seed":false,"campfire_upgraded":3,"win_rate":0.0,"timestamp":1608753221,"path_taken":["M","?","?","?","M","R","?","R","T","M","M","$","E","M","R","BOSS","M"],"items_purchased_type":[],"build_version":"2020-12-22","purchased_purges":1,"victory":false,"max_hp_per_floor":[71,71,71,71,71,71,71,71,71,71,71,71,71,71,71,71,71,71,71],"card_choices":[{"not_picked":["jedi:overflow","Reinforced Body","ReplayTheSpireMod:Calculation Training"],"picked":"SKIP","floor":1},{"not_picked":["jedi:BurstFrost","jedi:blockon"],"picked":"StuffTheSpire:Coldhearted","floor":4},{"not_picked":["jedi:blockon","Panic Button"],"picked":"StuffTheSpire:Plugnplay","floor":5},{"not_picked":["BasicCrystalCard","Genetic Algorithm","jedi:BurstLightning"],"picked":"SKIP","floor":10},{"not_picked":["jedi:locknload","Redo"],"picked":"Ball Lightning","floor":11},{"not_picked":["Barrage","jedi:overflow","Hologram"],"picked":"SKIP","floor":13},{"not_picked":["Thunder Strike","Redo"],"picked":"Coolheaded","floor":14},{"not_picked":["jedi:BurstDark","jedi:meditation"],"picked":"Reboot","floor":16}],"player_experience":929947,"relics_obtained":[{"floor":3,"key":"Vajra"},{"floor":9,"key":"infinitespire:Bottled Soul"},{"floor":13,"key":"StuffTheSpire:GrapeVine"}],"event_choices":[{"cards_removed":["Strike_B"],"damage_healed":0,"gold_gain":0,"player_choice":"Card Removal","damage_taken":0,"max_hp_gain":0,"max_hp_loss":0,"event_name":"The Cleric","floor":7,"gold_loss":50}],"is_beta":false,"boss_relics":[{"not_picked":["Painkiller Herb","Cursed Key"],"picked":"Philosopher\u0027s Stone"}],"items_purged_floors":[12],"is_endless":false,"potions_floor_spawned":[4,5,11,13,14],"killed_by":"3 Byrds","ascension_level":14}}