{"host":"4amcrcg6ktw8dbzk","time":1608730065,"event":{"mods":["ATMod(°¢èªMod)","BaseMod","Dota2Spire","Minty Spire (QoL Compilation)","MostiFishMod","Spicy Shops","StSLib","Waifu the Spire"],"gold_per_floor":[119,119,119,129,54,82,82,110,110,141,152,152,172,184,184,261,261,272,285,285,298,314,343,343,373,373,406,418,428,428,439,439,513,513,527,527,527,545,545,571,571,585,585,601,601,615,615,615,615,615,615,615,615,644,644],"floor_reached":56,"playtime":1728,"items_purged":["Strike_P","Strike_P","Strike_P"],"score":2452,"play_id":"b148507a-5c8a-474f-8aff-9a7a9d991817","local_time":"20201223212745","is_ascension_mode":true,"campfire_choices":[{"data":"Wallop","floor":12,"key":"SMITH"},{"data":"Crescendo","floor":15,"key":"SMITH"},{"data":"Fasting2","floor":24,"key":"SMITH"},{"data":"Consecrate","floor":30,"key":"SMITH"},{"data":"Eruption","floor":32,"key":"SMITH"},{"floor":45,"key":"RECALL"},{"data":"Madness","floor":47,"key":"SMITH"},{"data":"Defend_P","floor":49,"key":"SMITH"},{"data":"Devotion","floor":52,"key":"SMITH"}],"circlet_count":0,"master_deck":["AscendersBane","Strike_P","Defend_P+1","Defend_P","Defend_P","Eruption+1","Vigilance+1","AT_DarkMatter","Consecrate+1","AT_IrregularMenstruation","Adaptation+1","Wallop+1","Crescendo+1","Devotion+1","Fasting2+1","AT_DarkMatter+1","Prostrate+1","MostiFishMod:DustFall","WheelKick","MostiFishMod:Moonprays","Madness+1","Madness","Flash of Steel+1","TalkToTheHand+1","Ragnarok+1","Brilliance+1"],"relics":["DaveBox","AT_ATBox","ExusiaiGun","ChiXiaoBlade","Dota2Spire:Desolator","Dota2Spire:Mjollnir","Singing Bowl","Bronze Scales","DiscerningMonocle","Pantograph","Shuriken","Bottled Tornado","DollysMirror","Sling","SentryEyes","CombinedTypeHook","Bottled Flame","SlaversCollar","Dream Catcher","Molten Egg 2","AT_ChloranthyRing","Dota2Spire:LotusOrb","Dodecahedron","Gremlin Horn","InkBottle","AT_BellDemon","Meat on the Bone","BirthdayGift-Tetrahedron","War Paint","Toolbox","Dota2Spire:MaskOfMadness","AT_TimeSand","BirthdayGift-Icosahedron","Happy Flower","GoldenEye","ArrowTower"],"acts_visited":["Exordium","TheCity","TheBeyond","TheEnding"],"potions_floor_usage":[],"damage_taken":[{"damage":3,"enemies":"Small Slimes","floor":1,"turns":2},{"damage":2,"enemies":"Jaw Worm","floor":4,"turns":2},{"damage":0,"enemies":"Lagavulin","floor":6,"turns":2},{"damage":0,"enemies":"Gremlin Nob","floor":8,"turns":2},{"damage":0,"enemies":"3 Sentries","floor":10,"turns":1},{"damage":0,"enemies":"Cultist","floor":11,"turns":1},{"damage":0,"enemies":"Red Slaver","floor":13,"turns":1},{"damage":0,"enemies":"Looter","floor":14,"turns":1},{"damage":0,"enemies":"Slime Boss","floor":16,"turns":1},{"damage":0,"enemies":"Spheric Guardian","floor":18,"turns":2},{"damage":11,"enemies":"2 Thieves","floor":19,"turns":2},{"damage":0,"enemies":"Chosen and Byrds","floor":21,"turns":1},{"damage":0,"enemies":"Centurion and Healer","floor":22,"turns":1},{"damage":6,"enemies":"Book of Stabbing","floor":23,"turns":2},{"damage":2,"enemies":"Gremlin Leader","floor":25,"turns":2},{"damage":12,"enemies":"Slavers","floor":27,"turns":2},{"damage":0,"enemies":"Shelled Parasite and Fungi","floor":28,"turns":1},{"damage":0,"enemies":"Snecko","floor":29,"turns":2},{"damage":0,"enemies":"Centurion and Healer","floor":31,"turns":1},{"damage":0,"enemies":"Automaton","floor":33,"turns":2},{"damage":0,"enemies":"3 Shapes","floor":35,"turns":1},{"damage":0,"enemies":"3 Darklings","floor":38,"turns":1},{"damage":4,"enemies":"Giant Head","floor":40,"turns":3},{"damage":0,"enemies":"4 Shapes","floor":42,"turns":1},{"damage":0,"enemies":"Writhing Mass","floor":44,"turns":1},{"damage":0,"enemies":"Transient","floor":46,"turns":5},{"damage":0,"enemies":"Time Eater","floor":50,"turns":1},{"damage":0,"enemies":"Shield and Spear","floor":54,"turns":1},{"damage":4,"enemies":"The Heart","floor":55,"turns":4}],"seed_played":"6001855200268621616","potions_obtained":[{"floor":3,"key":"Fire Potion"},{"floor":3,"key":"LiquidMemories"},{"floor":35,"key":"StancePotion"}],"is_trial":false,"path_per_floor":["M","?","?","M","$","E","?","E","T","E","M","R","M","M","R","B",null,"M","M","$","M","M","E","R","E","T","E","M","M","R","M","R","B",null,"M","?","?","M","?","E","$","M","T","M","R","M","R","$","R","B",null,"R","$","E","B",null],"character_chosen":"WATCHER","items_purchased":["Pantograph","Shuriken","Bottled Tornado","DollysMirror","Sling","AT_ChloranthyRing","Dota2Spire:LotusOrb","Dodecahedron","Gremlin Horn","Flash of Steel+1","AT_BellDemon","Meat on the Bone","BirthdayGift-Tetrahedron","War Paint","Toolbox","Ragnarok+1","Brilliance+1","Dota2Spire:MaskOfMadness","AT_TimeSand","BirthdayGift-Icosahedron","Happy Flower","GoldenEye"],"campfire_rested":0,"item_purchase_floors":[20,20,20,20,20,41,41,41,41,41,48,48,48,48,48,48,48,53,53,53,53,53],"current_hp_per_floor":[62,62,62,60,60,60,60,60,60,60,60,60,60,62,62,62,71,71,62,62,64,66,60,60,60,60,48,50,50,50,52,52,77,84,86,86,86,88,77,75,75,77,77,77,77,96,96,96,96,96,96,96,96,98,98],"gold":644,"neow_bonus":"BOSS_RELIC","is_daily":false,"chose_seed":false,"campfire_upgraded":8,"win_rate":0.0,"timestamp":1608730065,"path_taken":["M","?","?","?","?","E","?","E","T","E","?","R","M","M","R","BOSS","M","M","$","M","M","E","R","E","T","E","M","M","R","M","R","BOSS","M","?","?","?","?","E","$","M","T","M","R","M","R","$","R","BOSS","R","$","E","BOSS"],"items_purchased_type":["Relic","Relic","Relic","Relic","Relic","Relic","Relic","Relic","Relic","Card","Relic","Relic","Relic","Relic","Relic","Card","Card","Relic","Relic","Relic","Relic","Relic"],"build_version":"2020-12-22","purchased_purges":3,"victory":true,"max_hp_per_floor":[72,72,72,72,72,72,72,72,72,72,72,72,72,74,74,74,74,74,76,76,78,80,80,80,82,82,82,84,84,84,86,86,86,86,88,88,88,90,90,92,92,94,94,94,94,96,96,96,96,96,96,96,96,98,98],"card_choices":[{"not_picked":["Protect","AT_OneInchPunch"],"picked":"Consecrate","floor":1},{"not_picked":["Evaluate","Study","PathToVictory"],"picked":"SKIP","floor":4},{"not_picked":["EmptyBody","BattleHymn"],"picked":"Adaptation","floor":6},{"not_picked":["SignatureMove","Meditate","CarveReality"],"picked":"SKIP","floor":8},{"not_picked":["MostiFishMod:KamiSmash","SashWhip"],"picked":"SandsOfTime","floor":10},{"not_picked":["PathToVictory","CutThroughFate"],"picked":"Wallop","floor":11},{"not_picked":["EmptyMind","CrushJoints"],"picked":"Crescendo","floor":13},{"not_picked":["WreathOfFlame","Prostrate","FlyingSleeves"],"picked":"Singing Bowl","floor":14},{"not_picked":["MostiFishMod:DustFall","MostiFishMod:KamiSmash"],"picked":"Devotion","floor":16},{"not_picked":["Crescendo","FearNoEvil"],"picked":"Fasting2","floor":18},{"not_picked":["ReachHeaven","Fasting2","EmptyBody"],"picked":"Singing Bowl","floor":19},{"not_picked":["Worship","Study","Swivel"],"picked":"Singing Bowl","floor":21},{"not_picked":["ThirdEye","JustLucky","FlyingSleeves+1"],"picked":"Singing Bowl","floor":22},{"not_picked":["Protect","ThirdEye"],"picked":"Prostrate+1","floor":23},{"not_picked":["CutThroughFate","MostiFishMod:Clarity","Perseverance"],"picked":"Singing Bowl","floor":25},{"not_picked":["WreathOfFlame","FlurryOfBlows"],"picked":"MostiFishMod:DustFall","floor":27},{"not_picked":["Crescendo","CutThroughFate","Study"],"picked":"Singing Bowl","floor":28},{"not_picked":["FollowUp","Crescendo"],"picked":"WheelKick","floor":29},{"not_picked":["EmptyFist","Fasting2","Prostrate"],"picked":"Singing Bowl","floor":31},{"not_picked":["MostiFishMod:Minus","MostiFishMod:StarLaLaLa"],"picked":"MostiFishMod:Moonprays","floor":33},{"not_picked":["SandsOfTime+1","SashWhip","ThirdEye+1"],"picked":"Singing Bowl","floor":35},{"not_picked":["PathToVictory+1","ClearTheMind","DeceiveReality"],"picked":"Singing Bowl","floor":38},{"not_picked":["MostiFishMod:FlowState","InnerPeace","AT_MachinaRedman"],"picked":"Singing Bowl","floor":40},{"not_picked":["CrushJoints+1","MostiFishMod:Nomercy","FlurryOfBlows+1"],"picked":"Singing Bowl","floor":42},{"not_picked":["WreathOfFlame","CutThroughFate+1"],"picked":"TalkToTheHand+1","floor":44},{"not_picked":["FlyingSleeves+1","Prostrate+1","Nirvana+1"],"picked":"Singing Bowl","floor":46},{"not_picked":["FlyingSleeves+1","WindmillStrike+1","WheelKick+1"],"picked":"Singing Bowl","floor":54}],"player_experience":309370,"relics_obtained":[{"floor":6,"key":"Dota2Spire:Desolator"},{"floor":8,"key":"Dota2Spire:Mjollnir"},{"floor":9,"key":"Singing Bowl"},{"floor":10,"key":"Bronze Scales"},{"floor":23,"key":"SentryEyes"},{"floor":25,"key":"CombinedTypeHook"},{"floor":27,"key":"Bottled Flame"},{"floor":40,"key":"Molten Egg 2"},{"floor":43,"key":"InkBottle"},{"floor":54,"key":"ArrowTower"}],"event_choices":[{"damage_healed":0,"gold_gain":0,"cards_transformed":["Defend_P"],"player_choice":"Change","damage_taken":0,"max_hp_gain":0,"max_hp_loss":0,"event_name":"Living Wall","floor":2,"gold_loss":0,"cards_obtained":["AT_IrregularMenstruation"]},{"damage_healed":0,"gold_gain":0,"player_choice":"Got Potions","damage_taken":0,"max_hp_gain":0,"max_hp_loss":0,"event_name":"Lab","floor":3,"gold_loss":0},{"damage_healed":0,"gold_gain":0,"player_choice":"Forge","damage_taken":0,"max_hp_gain":0,"max_hp_loss":0,"event_name":"Accursed Blacksmith","floor":7,"gold_loss":0,"cards_upgraded":["Adaptation"]},{"damage_healed":0,"gold_gain":0,"player_choice":"Ignored","damage_taken":0,"max_hp_gain":0,"max_hp_loss":0,"event_name":"Tomb of Lord Red Mask","floor":36,"gold_loss":0},{"cards_removed":["SandsOfTime"],"damage_healed":0,"gold_gain":0,"player_choice":"Gave Card","damage_taken":0,"relics_obtained":["Dream Catcher"],"max_hp_gain":0,"max_hp_loss":0,"event_name":"WeMeetAgain","floor":37,"gold_loss":0},{"damage_healed":0,"gold_gain":0,"player_choice":"Embrace Madness","damage_taken":11,"max_hp_gain":0,"max_hp_loss":0,"event_name":"Winding Halls","floor":39,"gold_loss":0,"cards_obtained":["Madness","Madness"]}],"is_beta":false,"boss_relics":[{"not_picked":["Coffee Dripper","Astrolabe"],"picked":"DiscerningMonocle"},{"not_picked":["SacredBark","Busted Crown"],"picked":"SlaversCollar"}],"items_purged_floors":[5,20,41],"is_endless":false,"potions_floor_spawned":[6,8,13,14,19,22,25,27,29,35,42,44,54],"ascension_level":13}}