{"host":"4k312k4qzi7z59y8","time":1608762772,"event":{"mods":["Act Like it!","BaseMod","Ekko","Kratos Character Expansion","Minty Spire (QoL Compilation)","Robot Space Explorer","Shedinja","StSLib","The Dragon Tamer","The Druid","The Marked","TheWitcher"],"gold_per_floor":[116,133,308,308,308,308,324,343,414,429,429,450,481,54,54,185,185,185,185],"floor_reached":18,"playtime":609,"items_purged":["Doubt"],"score":162,"play_id":"6b47f85e-1523-4b8f-975c-ea2ed05699b2","local_time":"20201223173252","is_ascension_mode":false,"campfire_choices":[{"data":"theMarked:SoldierOfQuellstein","floor":6,"key":"SMITH"},{"data":"theMarked:RogueSparks","floor":11,"key":"SMITH"},{"data":"Mayhem","floor":15,"key":"SMITH"}],"circlet_count":0,"master_deck":["theMarked:Strike","theMarked:Strike","theMarked:Strike","theMarked:Strike","theMarked:Strike","theMarked:Defend","theMarked:Defend","theMarked:Defend","theMarked:Defend","theMarked:SoldierOfQuellstein+1","theMarked:ContemptForTheProud","theMarked:RepellingDischarge","theMarked:TakeOffHeels","theMarked:RogueSparks+1","theMarked:Generate","theMarked:Opportunist","Mayhem+1","theMarked:SoldierForm"],"relics":["theMarked:ArtifactOfAir","NeowsBlessing","Golden Idol","Blood Vial","Pear","Thread and Needle","Vajra","Fusion Hammer"],"acts_visited":["Exordium","TheCity"],"potions_floor_usage":[10],"damage_taken":[{"damage":0,"enemies":"Small Slimes","floor":1,"turns":1},{"damage":0,"enemies":"2 Louse","floor":2,"turns":1},{"damage":0,"enemies":"Jaw Worm","floor":7,"turns":1},{"damage":1,"enemies":"Exordium Wildlife","floor":8,"turns":5},{"damage":0,"enemies":"Exordium Thugs","floor":10,"turns":5},{"damage":2,"enemies":"Blue Slaver","floor":12,"turns":4},{"damage":27,"enemies":"Gremlin Nob","floor":13,"turns":4},{"damage":36,"enemies":"Slime Boss","floor":16,"turns":9},{"damage":0,"enemies":"2 Thieves","floor":18,"turns":1}],"seed_played":"-2072028068437950705","potions_obtained":[{"floor":1,"key":"Swift Potion"},{"floor":10,"key":"Dexterity Potion"},{"floor":16,"key":"Explosive Potion"}],"is_trial":false,"path_per_floor":["M","M","?","?","?","R","M","M","T","M","R","M","E","$","R","B",null,"M"],"character_chosen":"THE_DEFAULT","items_purchased":["Vajra","theMarked:Opportunist","Mayhem"],"campfire_rested":0,"item_purchase_floors":[14,14,14],"current_hp_per_floor":[70,70,70,53,53,53,55,56,66,68,68,68,43,43,43,9,80,80,80],"gold":185,"neow_bonus":"THREE_ENEMY_KILL","is_daily":false,"chose_seed":false,"campfire_upgraded":3,"win_rate":0.0,"timestamp":1608762772,"path_taken":["M","M","?","?","?","R","M","M","T","M","R","M","E","$","R","BOSS","M"],"items_purchased_type":["Relic","Card","Card"],"build_version":"2020-12-22","purchased_purges":1,"victory":false,"max_hp_per_floor":[70,70,70,70,70,70,70,70,80,80,80,80,80,80,80,80,80,80,80],"card_choices":[{"not_picked":["theMarked:Reabsorb","theMarked:Static"],"picked":"theMarked:ContemptForTheProud","floor":1},{"not_picked":["theMarked:Static","theMarked:MaelstromOfLightning"],"picked":"theMarked:RepellingDischarge","floor":2},{"not_picked":["theMarked:WastefulAttack","theMarked:Static","theMarked:Aftermath"],"picked":"SKIP","floor":7},{"not_picked":["theMarked:WardOff","theMarked:HeritageOfTheMarked"],"picked":"theMarked:TakeOffHeels","floor":8},{"not_picked":["theMarked:BanishingWave","theMarked:WardOff"],"picked":"theMarked:RogueSparks","floor":10},{"not_picked":["theMarked:ChainLightning","theMarked:HeightenedSenses"],"picked":"theMarked:Generate","floor":12},{"not_picked":["theMarked:Static","theMarked:WastefulAttack","theMarked:Aftermath"],"picked":"SKIP","floor":13},{"not_picked":["theMarked:ChannelForce","theMarked:SuspiciousRaven"],"picked":"theMarked:SoldierForm","floor":16}],"player_experience":804655,"relics_obtained":[{"floor":9,"key":"Pear"},{"floor":13,"key":"Thread and Needle"}],"event_choices":[{"damage_healed":0,"gold_gain":175,"player_choice":"AGREE","damage_taken":0,"max_hp_gain":0,"max_hp_loss":0,"event_name":"Liars Game","floor":3,"gold_loss":0,"cards_obtained":["Doubt"]},{"damage_healed":0,"gold_gain":0,"player_choice":"Take Damage","damage_taken":17,"relics_obtained":["Golden Idol"],"max_hp_gain":0,"max_hp_loss":0,"event_name":"Golden Idol","floor":4,"gold_loss":0}],"is_beta":false,"boss_relics":[{"not_picked":["Ectoplasm","Coffee Dripper"],"picked":"Fusion Hammer"}],"items_purged_floors":[14],"is_endless":false,"potions_floor_spawned":[1,10,16],"killed_by":"2 Thieves","ascension_level":0}}