{"host":"kh6fvhxn285ncg0o","time":1608684567,"event":{"mods":["Act Like it!","BaseMod","Colored Map","Friendly Minions","Keyboard Shortcuts","Minty Spire (QoL Compilation)","Quick Restart","Relic Stats","StSLib","SuperFastMode"],"gold_per_floor":[109,109,121,196,209,209,244,244,312,337,354,370,398,411,411,411,411],"floor_reached":16,"playtime":374,"items_purged":[],"score":244,"play_id":"694a6fc5-01d8-4433-8acf-6ae5d62f8d2c","local_time":"20201223094926","is_ascension_mode":true,"campfire_choices":[{"data":"Bash","floor":6.0,"key":"SMITH"},{"floor":8.0,"key":"REST"},{"data":"Dual Wield","floor":15.0,"key":"SMITH"}],"circlet_count":0,"master_deck":["AscendersBane","Strike_R","Strike_R","Strike_R","Strike_R","Strike_R","Defend_R","Defend_R","Defend_R","Defend_R","Bash+1","Blood for Blood","Blood for Blood","Dual Wield+1","Shrug It Off"],"relics":["Snecko Eye","Omamori","TungstenRod","InkBottle","Eternal Feather","Torii"],"acts_visited":[],"potions_floor_usage":[],"damage_taken":[{"damage":7.0,"enemies":"Jaw Worm","floor":1.0,"turns":2.0},{"damage":0.0,"enemies":"Small Slimes","floor":3.0,"turns":3.0},{"damage":0.0,"enemies":"2 Louse","floor":5.0,"turns":2.0},{"damage":10.0,"enemies":"Lagavulin","floor":7.0,"turns":4.0},{"damage":5.0,"enemies":"Gremlin Nob","floor":10.0,"turns":3.0},{"damage":2.0,"enemies":"Blue Slaver","floor":11.0,"turns":2.0},{"damage":0.0,"enemies":"Large Slime","floor":12.0,"turns":2.0},{"damage":25.0,"enemies":"3 Sentries","floor":13.0,"turns":7.0},{"damage":5.0,"enemies":"Exordium Thugs","floor":14.0,"turns":3.0},{"damage":31,"enemies":"The Guardian","floor":16,"turns":10}],"seed_played":"-2593158749111567623","potions_obtained":[{"floor":1.0,"key":"BloodPotion"},{"floor":3.0,"key":"Fruit Juice"},{"floor":7.0,"key":"Ancient Potion"},{"floor":11.0,"key":"LiquidBronze"}],"is_trial":false,"path_per_floor":["M","?","M","?","M","R","E","R","T","E","M","M","E","M","R","B"],"character_chosen":"IRONCLAD","items_purchased":[],"campfire_rested":1,"item_purchase_floors":[],"current_hp_per_floor":[61,35,35,24,24,24,19,43,43,38,52,52,27,22,31,0,0],"gold":411,"neow_bonus":"BOSS_RELIC","is_daily":false,"chose_seed":false,"campfire_upgraded":2,"win_rate":0.0,"timestamp":1608684566,"path_taken":["M","?","M","?","M","R","E","R","T","E","M","M","E","M","R","BOSS"],"items_purchased_type":[],"build_version":"2020-12-13","purchased_purges":0,"victory":false,"max_hp_per_floor":[75,75,75,75,75,75,80,80,80,80,80,80,80,80,80,80,80],"relic_stats":{"Torii":17,"counters":[10,38],"Snecko Eye":[65,59,71,60],"Eternal Feather":9,"obtain_stats":[{"Torii":13,"Snecko Eye":0,"Eternal Feather":10,"Omamori":2,"Burning Blood":0,"TungstenRod":7,"InkBottle":9},{"Torii":8,"Snecko Eye":0,"Eternal Feather":5,"Omamori":1,"Burning Blood":0,"TungstenRod":4,"InkBottle":4},{"Torii":25,"Snecko Eye":0,"Eternal Feather":14,"Omamori":2,"Burning Blood":0,"TungstenRod":11,"InkBottle":11}],"TungstenRod":16,"InkBottle":[7]},"card_choices":[{"not_picked":["Anger","Cleave"],"picked":"Blood for Blood","floor":1.0},{"not_picked":["Ghostly Armor","Wild Strike"],"picked":"Blood for Blood","floor":5.0},{"not_picked":["Perfected Strike","Exhume","Flex"],"picked":"SKIP","floor":7.0},{"not_picked":["Headbutt","Flex","Anger"],"picked":"SKIP","floor":10.0},{"not_picked":["Bloodletting","Cleave"],"picked":"Dual Wield","floor":11.0},{"not_picked":["Body Slam","Whirlwind","Blood for Blood"],"picked":"SKIP","floor":12.0},{"not_picked":["Limit Break","Cleave"],"picked":"Shrug It Off","floor":13.0},{"not_picked":["Warcry","Flex","Perfected Strike"],"picked":"SKIP","floor":14.0}],"player_experience":3210509,"relics_obtained":[{"floor":7.0,"key":"TungstenRod"},{"floor":9.0,"key":"InkBottle"},{"floor":10.0,"key":"Eternal Feather"},{"floor":13.0,"key":"Torii"}],"event_choices":[{"damage_healed":0.0,"max_hp_gain":0.0,"max_hp_loss":0.0,"gold_gain":0.0,"event_name":"Scrap Ooze","player_choice":"Success","floor":2.0,"gold_loss":0.0,"damage_taken":26.0,"relics_obtained":["Omamori"]},{"damage_healed":0.0,"max_hp_gain":0.0,"max_hp_loss":0.0,"gold_gain":75.0,"event_name":"World of Goop","player_choice":"Gather Gold","floor":4.0,"gold_loss":0.0,"damage_taken":11.0}],"is_beta":false,"boss_relics":[],"items_purged_floors":[],"is_endless":false,"potions_floor_spawned":[1,3,7,11],"killed_by":"The Guardian","ascension_level":20}}