{"host":"d8hh7rr4yzitjeuj","time":1608696534,"event":{"mods":["2.2 Compatiblity","AchievementEnabler","BaseMod","CapriCore","Colored Map","Colored Powertips","Highlight Path","Keyboard Shortcuts","Marisa£¨Ùöéë¡¡Øª×âÞÞ£©","Minty Spire (QoL Compilation)","Permanent Neow","Quick Restart","StSLib","SuperFastMode"],"gold_per_floor":[218,230,250,5,68,137,137,185,185,227,267,310,485,510,510,665,665,690,105,135,162,237,237,253,253,303,283,58,413,423,440,440,537,537,583,652,652,57,148,192,72,123,123,197,245,22,22,22],"floor_reached":47,"playtime":2734,"items_purged":["Strike_MRS","Doubt","Strike_MRS","Strike_MRS","Strike_MRS"],"score":767,"play_id":"26f84413-9d12-4ebe-bd17-1c1e4bb217fb","local_time":"20201223130854","is_ascension_mode":true,"campfire_choices":[{"floor":15.0,"key":"REST"},{"data":"MachineGunSpark","floor":23.0,"key":"SMITH"},{"data":"SuperNova","floor":25.0,"key":"SMITH"},{"data":"BlazeAway","floor":32.0,"key":"SMITH"}],"circlet_count":0,"master_deck":["Defend_MRS+1","Defend_MRS","Defend_MRS","Defend_MRS","MasterSpark","UpSweep","ShootingEcho","MagicChant","WitchOfGreed","Robbery","AsteroidBelt+1","PowerUp","WitchLeyline","EscapeVelocity","EnergyRecoil","GasGiant","SuperPerseids","Acceleration","SuperNova+1","UnstableBomb","MachineGunSpark+1","MagicChant+1","6A+1","MachineGunSpark+1","BlazeAway+1","Orbital","MaximisePower","GasGiant","MagicAbsorber+1","MilkyWay+1"],"relics":["MiniHakkero","MealTicket","Boot","Bronze Scales","The Courier","RampagingMagicTools","Potion Belt","OrangePellets","Eternal Feather","War Paint","DollysMirror","Old Coin","Busted Crown","Spirit Poop","Calipers","Gremlin Horn","Orichalcum","Centennial Puzzle","PreservedInsect","Girya"],"acts_visited":["Exordium","TheCity","TheBeyond"],"potions_floor_usage":[44,44,44,44,45,47,47],"damage_taken":[{"damage":0.0,"enemies":"2 Louse","floor":1.0,"turns":3.0},{"damage":4.0,"enemies":"Jaw Worm","floor":2.0,"turns":3.0},{"damage":1.0,"enemies":"Cultist","floor":3.0,"turns":3.0},{"damage":7.0,"enemies":"Blue Slaver","floor":5.0,"turns":7.0},{"damage":11.0,"enemies":"Lagavulin","floor":6.0,"turns":6.0},{"damage":8.0,"enemies":"Gremlin Nob","floor":8.0,"turns":3.0},{"damage":9.0,"enemies":"Lagavulin","floor":10.0,"turns":5.0},{"damage":17.0,"enemies":"Gremlin Gang","floor":11.0,"turns":6.0},{"damage":15.0,"enemies":"Large Slime","floor":12.0,"turns":7.0},{"damage":0.0,"enemies":"Exordium Thugs","floor":14.0,"turns":3.0},{"damage":19.0,"enemies":"Slime Boss","floor":16.0,"turns":8.0},{"damage":3.0,"enemies":"3 Byrds","floor":18.0,"turns":4.0},{"damage":15.0,"enemies":"2 Thieves","floor":20.0,"turns":3.0},{"damage":19.0,"enemies":"Chosen and Byrds","floor":21.0,"turns":5.0},{"damage":19.0,"enemies":"Snake Plant","floor":24.0,"turns":2.0},{"damage":7.0,"enemies":"Slavers","floor":29.0,"turns":4.0},{"damage":3.0,"enemies":"Cultist and Chosen","floor":30.0,"turns":2.0},{"damage":3.0,"enemies":"Shelled Parasite and Fungi","floor":31.0,"turns":2.0},{"damage":13.0,"enemies":"Automaton","floor":33.0,"turns":5.0},{"damage":13.0,"enemies":"3 Darklings","floor":35.0,"turns":3.0},{"damage":0.0,"enemies":"3 Shapes","floor":36.0,"turns":5.0},{"damage":39.0,"enemies":"Writhing Mass","floor":39.0,"turns":4.0},{"damage":15.0,"enemies":"Reptomancer","floor":40.0,"turns":6.0},{"damage":26.0,"enemies":"Nemesis","floor":42.0,"turns":3.0},{"damage":25,"enemies":"4 Shapes","floor":44,"turns":2},{"damage":11,"enemies":"Transient","floor":45,"turns":5},{"damage":30,"enemies":"Reptomancer","floor":47,"turns":2}],"seed_played":"-9033305388152449195","potions_obtained":[{"floor":1.0,"key":"SkillPotion"},{"floor":5.0,"key":"LiquidBronze"},{"floor":6.0,"key":"AttackPotion"},{"floor":8.0,"key":"GamblersBrew"},{"floor":10.0,"key":"Swift Potion"},{"floor":11.0,"key":"ColorlessPotion"},{"floor":12.0,"key":"SpeedPotion"},{"floor":12.0,"key":"GamblersBrew"},{"floor":14.0,"key":"LiquidMemories"},{"floor":16.0,"key":"Regen Potion"},{"floor":16.0,"key":"Swift Potion"},{"floor":18.0,"key":"Dexterity Potion"},{"floor":20.0,"key":"Fire Potion"},{"floor":21.0,"key":"BlessingOfTheForge"},{"floor":27.0,"key":"SmokeBomb"},{"floor":29.0,"key":"DuplicationPotion"},{"floor":30.0,"key":"FearPotion"},{"floor":33.0,"key":"BottledSpark"},{"floor":35.0,"key":"LiquidMemories"},{"floor":36.0,"key":"Regen Potion"},{"floor":39.0,"key":"Dexterity Potion"},{"floor":40.0,"key":"DistilledChaos"},{"floor":40.0,"key":"FairyPotion"},{"floor":44,"key":"AttackPotion"}],"is_trial":false,"path_per_floor":["M","M","M","$","M","E","?","E","T","E","M","M","?","M","R","B",null,"M","$","M","M","?","R","M","R","T","?","$","E","M","M","R","B",null,"M","M","?","$","M","E","$","E","T","M","M","$","E"],"character_chosen":"MARISA","items_purchased":["Robbery","AsteroidBelt","PowerUp","Potion Belt","OrangePellets","UnstableBomb","MachineGunSpark","Eternal Feather","DollysMirror","Calipers","Gremlin Horn","GasGiant","Centennial Puzzle","PowerPotion","Weak Potion"],"campfire_rested":1,"item_purchase_floors":[4,4,4,19,19,19,19,19,28,38,38,38,41,46,46],"current_hp_per_floor":[68,64,63,63,56,45,63,55,55,46,29,14,14,14,36,17,61,58,73,58,39,32,47,28,43,43,43,58,51,48,45,60,47,68,55,55,55,70,31,31,46,20,20,21,10,25,0,0],"gold":22,"neow_bonus":"HUNDRED_GOLD","is_daily":false,"chose_seed":false,"campfire_upgraded":3,"win_rate":0.0,"timestamp":1608696534,"path_taken":["M","M","M","$","M","E","?","E","T","E","M","M","?","M","R","BOSS","M","$","M","M","?","R","?","R","T","?","$","E","?","M","R","BOSS","M","M","?","$","M","E","?","E","T","M","M","$","E"],"items_purchased_type":["Card","Card","Card","Relic","Relic","Card","Card","Relic","Relic","Relic","Relic","Card","Relic","Potion","Potion"],"build_version":"2020-12-13","purchased_purges":5,"victory":false,"max_hp_per_floor":[75,75,75,75,75,75,75,75,75,75,75,75,75,75,75,75,75,75,75,75,75,75,75,75,75,75,75,75,75,75,75,75,75,75,75,75,72,72,72,72,72,72,72,72,72,72,72,72],"card_choices":[{"not_picked":["Orbital","PowerUp"],"picked":"ShootingEcho","floor":1.0},{"not_picked":["6A","MagicAbsorber"],"picked":"MagicChant","floor":2.0},{"not_picked":["MilkyWay","LuminesStrike"],"picked":"WitchOfGreed","floor":3.0},{"not_picked":["ShootingEcho","Singularity"],"picked":"WitchLeyline","floor":5.0},{"not_picked":["ShootTheMoon","IllusionStar"],"picked":"EscapeVelocity","floor":6.0},{"not_picked":["DarkSpark","OneTimeOff"],"picked":"EnergyRecoil","floor":8.0},{"not_picked":["LuminesStrike","6A"],"picked":"GasGiant","floor":10.0},{"not_picked":["MilkyWay","MysteriousBeam"],"picked":"SuperPerseids","floor":11.0},{"not_picked":["GrandCross","GalacticHalo","AsteroidBelt"],"picked":"SKIP","floor":12.0},{"not_picked":["GravityBeat","6A"],"picked":"Acceleration","floor":14.0},{"not_picked":["CollectingQuirk","BlazingStar"],"picked":"SuperNova","floor":16.0},{"not_picked":["OortCloud","SporeBomb","Acceleration+1"],"picked":"SKIP","floor":18.0},{"not_picked":["ManaConvection","WitchLeyline"],"picked":"MagicChant+1","floor":20.0},{"not_picked":["DarkSpark","RefractionSpark+1"],"picked":"6A+1","floor":21.0},{"not_picked":["DoubleSpark","StarBarrage","GalacticHalo+1"],"picked":"SKIP","floor":24.0},{"not_picked":["PulseMagic","PowerUp"],"picked":"BlazeAway","floor":29.0},{"not_picked":["BigCrunch","GrandCross"],"picked":"Orbital","floor":30.0},{"not_picked":["DarkSpark","DoubleSpark","ChargeUpSpray+1"],"picked":"SKIP","floor":31.0},{"not_picked":["TreasureHunter","EscapeVelocity"],"picked":"MaximisePower","floor":33.0},{"not_picked":["PropBag"],"picked":"SKIP","floor":35.0},{"not_picked":["RefractionSpark"],"picked":"SKIP","floor":36.0},{"not_picked":[],"picked":"MagicAbsorber+1","floor":39.0},{"not_picked":["DoubleSpark"],"picked":"SKIP","floor":40.0},{"not_picked":[],"picked":"MilkyWay+1","floor":42.0},{"not_picked":["EventHorizon"],"picked":"SKIP","floor":44},{"not_picked":["MysteriousBeam+1"],"picked":"SKIP","floor":45}],"player_experience":1431185,"relics_obtained":[{"floor":6.0,"key":"MealTicket"},{"floor":8.0,"key":"Boot"},{"floor":9.0,"key":"Bronze Scales"},{"floor":10.0,"key":"The Courier"},{"floor":26.0,"key":"War Paint"},{"floor":29.0,"key":"Old Coin"},{"floor":40.0,"key":"Orichalcum"},{"floor":42.0,"key":"PreservedInsect"},{"floor":43.0,"key":"Girya"}],"event_choices":[{"damage_healed":18.0,"max_hp_gain":0.0,"max_hp_loss":0.0,"gold_gain":0.0,"event_name":"Mushrooms_MRS","player_choice":"Healed and dodged fight","floor":7.0,"gold_loss":0.0,"damage_taken":0.0,"cards_obtained":["Parasite"]},{"damage_healed":0.0,"max_hp_gain":0.0,"max_hp_loss":0.0,"gold_gain":175.0,"event_name":"Liars Game","player_choice":"AGREE","floor":13.0,"gold_loss":0.0,"damage_taken":0.0,"cards_obtained":["Doubt"]},{"damage_healed":0.0,"max_hp_gain":0.0,"max_hp_loss":0.0,"gold_gain":75.0,"event_name":"FaceTrader","player_choice":"Touch","floor":22.0,"gold_loss":0.0,"damage_taken":7.0},{"damage_healed":0.0,"max_hp_gain":0.0,"max_hp_loss":0.0,"gold_gain":0.0,"event_name":"The Woman in Blue","player_choice":"Bought 1 Potion","floor":27.0,"gold_loss":0.0,"damage_taken":0.0},{"cards_removed":["Parasite"],"damage_healed":0.0,"max_hp_gain":0.0,"max_hp_loss":0.0,"gold_gain":0.0,"event_name":"Bonfire Elementals","player_choice":"Offered Curse","floor":37.0,"gold_loss":0.0,"damage_taken":0.0,"relics_obtained":["Spirit Poop"]}],"is_beta":false,"boss_relics":[{"not_picked":["Snecko Eye","SlaversCollar"],"picked":"RampagingMagicTools"},{"not_picked":["Pandora\u0027s Box","Calling Bell"],"picked":"Busted Crown"}],"items_purged_floors":[4,19,28,38,46],"is_endless":false,"potions_floor_spawned":[1,6,8,11,12,16,20,29,30,33,35,36,40],"killed_by":"Reptomancer","ascension_level":8}}