{"host":"5fasz840ryq7obdf","time":1608767863,"event":{"mods":["AchievementEnabler","BaseMod","Bestiary","Better Altar","Better Skull","Better Third Choice","BetterRewards","Block Reminder","Colored Powertips","Curses Come First","Minty Spire (QoL Compilation)","Quick Restart","Relic Stats","Shop Mod","Spicy Shops","StSLib"],"gold_per_floor":[115,89,239,239,259,288,288,316,316,316,351,369,397,413,413,487,487,501,501,68,68,83,111,125,151,151,151,186,200,200,210,210,286,336,354,7,27,52,67,93,93,120,169,169,169,187,212,257,257,257,257,257,257,7,42,42],"floor_reached":57,"playtime":6846,"items_purged":["Strike_P","Regret"],"score":4027,"play_id":"1dda1287-5e19-4646-a280-1a44f8d7a59e","local_time":"20201223235743","is_ascension_mode":true,"campfire_choices":[{"data":"Eruption","floor":7.0,"key":"SMITH"},{"floor":15.0,"key":"REST"},{"data":"CrushJoints","floor":30.0,"key":"SMITH"},{"floor":32.0,"key":"REST"},{"floor":41.0,"key":"RECALL"},{"data":"Devotion","floor":49.0,"key":"SMITH"},{"data":"ClearTheMind","floor":53.0,"key":"SMITH"}],"circlet_count":0,"master_deck":["AscendersBane","Eruption+1","Vigilance","InnerPeace","JustLucky+1","TalkToTheHand+1","Secret Technique+1","Crescendo","JustLucky","JustLucky","SashWhip+1","Doubt","Adaptation+1","FlurryOfBlows+1","Devotion+1","JustLucky","Crescendo","Wallop","Consecrate+1","LessonLearned+1","Crescendo","Collect+1","Weave+1","ThirdEye","CrushJoints+1","WaveOfTheHand+1","CutThroughFate","TalkToTheHand","SpiritShield","MentalFortress","Protect+1","DevaForm","MentalFortress","InnerPeace+1","CrushJoints","WheelKick","Wireheading+1","ClearTheMind+1","MentalFortress+1","EmptyMind","Scrawl","Fasting2","ConjureBlade","CrushJoints+1","Madness","Madness","ClearTheMind+1","LikeWater+1","EmptyMind","Worship","Vault"],"relics":["PureWater","Sling","Boot","Ornamental Fan","TeardropLocket","Ice Cream","Toolbox","Matryoshka","White Beast Statue","Damaru","Anchor","PreservedInsect","InkBottle","Singing Bowl","Bag of Preparation","VioletLotus","Unceasing Top","HandDrill","Whetstone","Blue Candle","Pantograph","Prayer Wheel","Bottled Lightning","Tiny House","Pen Nib","CloakClasp","Molten Egg 2","GoldenEye","Oddly Smooth Stone","Torii","OrangePellets","Yang"],"acts_visited":["Exordium","TheCity","TheBeyond","TheEnding"],"potions_floor_usage":[],"damage_taken":[{"damage":0.0,"enemies":"Jaw Worm","floor":1.0,"turns":2.0},{"damage":0.0,"enemies":"Small Slimes","floor":5.0,"turns":2.0},{"damage":3.0,"enemies":"Gremlin Nob","floor":6.0,"turns":3.0},{"damage":3.0,"enemies":"Lagavulin","floor":8.0,"turns":3.0},{"damage":4.0,"enemies":"Gremlin Nob","floor":11.0,"turns":3.0},{"damage":1.0,"enemies":"2 Louse","floor":12.0,"turns":2.0},{"damage":0.0,"enemies":"3 Sentries","floor":13.0,"turns":3.0},{"damage":0.0,"enemies":"Large Slime","floor":14.0,"turns":1.0},{"damage":27.0,"enemies":"The Guardian","floor":16.0,"turns":6.0},{"damage":5.0,"enemies":"Chosen","floor":18.0,"turns":2.0},{"damage":0.0,"enemies":"Shell Parasite","floor":22.0,"turns":3.0},{"damage":34.0,"enemies":"Gremlin Leader","floor":23.0,"turns":5.0},{"damage":0.0,"enemies":"Snake Plant","floor":24.0,"turns":2.0},{"damage":0.0,"enemies":"Slavers","floor":25.0,"turns":2.0},{"damage":1.0,"enemies":"Gremlin Leader","floor":28.0,"turns":2.0},{"damage":2.0,"enemies":"Centurion and Healer","floor":29.0,"turns":3.0},{"damage":1.0,"enemies":"Cultist and Chosen","floor":31.0,"turns":3.0},{"damage":9.0,"enemies":"Collector","floor":33.0,"turns":4.0},{"damage":13.0,"enemies":"3 Shapes","floor":35.0,"turns":2.0},{"damage":4.0,"enemies":"Orb Walker","floor":37.0,"turns":4.0},{"damage":2.0,"enemies":"Mind Bloom Boss Battle","floor":38.0,"turns":3.0},{"damage":0.0,"enemies":"Jaw Worm Horde","floor":39.0,"turns":2.0},{"damage":8.0,"enemies":"Reptomancer","floor":40.0,"turns":3.0},{"damage":1.0,"enemies":"Giant Head","floor":42.0,"turns":4.0},{"damage":1.0,"enemies":"3 Darklings","floor":46.0,"turns":3.0},{"damage":8.0,"enemies":"Reptomancer","floor":47.0,"turns":3.0},{"damage":8.0,"enemies":"2 Orb Walkers","floor":48.0,"turns":6.0},{"damage":0.0,"enemies":"Time Eater","floor":50.0,"turns":4.0},{"damage":28.0,"enemies":"Donu and Deca","floor":51.0,"turns":6.0},{"damage":56.0,"enemies":"Shield and Spear","floor":55.0,"turns":3.0},{"damage":35,"enemies":"The Heart","floor":56,"turns":9}],"seed_played":"2536346999052414766","potions_obtained":[{"floor":5.0,"key":"StancePotion"},{"floor":6.0,"key":"SteroidPotion"},{"floor":11.0,"key":"FearPotion"},{"floor":14.0,"key":"ColorlessPotion"},{"floor":16.0,"key":"Strength Potion"},{"floor":22.0,"key":"Energy Potion"},{"floor":24.0,"key":"Regen Potion"},{"floor":25.0,"key":"Regen Potion"},{"floor":33.0,"key":"Dexterity Potion"},{"floor":34.0,"key":"SteroidPotion"},{"floor":48.0,"key":"FearPotion"},{"floor":55.0,"key":"SpeedPotion"}],"is_trial":false,"path_per_floor":["M","$","?","?","M","E","R","E","T","?","E","M","E","M","R","B",null,"M","?","$","?","M","E","M","E","T","?","E","M","R","M","R","B",null,"M","$","M","?","M","E","R","E","T","?","?","M","E","?","R","B","B",null,"R","$","E","B",null],"character_chosen":"WATCHER","items_purchased":["Sling","Boot","Ornamental Fan","TeardropLocket","InnerPeace","JustLucky","TalkToTheHand","Secret Technique","Ice Cream","Crescendo","FlurryOfBlows","JustLucky","Toolbox","Matryoshka","SashWhip","Unceasing Top","HandDrill","Pen Nib","WheelKick","Wireheading","ClearTheMind","OrangePellets","Worship"],"campfire_rested":2,"item_purchase_floors":[0,0,0,0,0,0,0,0,0,0,0,0,0,0,2,20,20,36,36,36,36,54,54],"current_hp_per_floor":[19,19,19,19,19,16,16,13,13,13,9,8,8,8,28,1,51,46,46,46,46,46,12,12,17,17,17,16,14,14,22,42,58,71,58,58,54,71,73,65,65,64,64,64,50,51,43,35,35,60,49,70,70,70,14,4],"gold":42,"neow_bonus":"","is_daily":false,"chose_seed":false,"campfire_upgraded":4,"win_rate":0.0,"timestamp":1608767863,"path_taken":["M","$","?","?","M","E","R","E","T","?","E","M","E","M","R","BOSS","M","?","$","?","M","E","M","E","T","?","E","M","R","M","R","BOSS","M","$","M","?","M","E","R","E","T","?","?","M","E","?","R","BOSS","BOSS","R","$","E","BOSS"],"items_purchased_type":["Relic","Relic","Relic","Relic","Card","Card","Card","Card","Relic","Card","Card","Card","Relic","Relic","Card","Relic","Relic","Relic","Card","Card","Card","Relic","Card"],"build_version":"2020-12-22","purchased_purges":2,"victory":true,"max_hp_per_floor":[68,68,68,68,68,68,68,68,68,68,68,68,68,68,68,68,68,68,68,68,68,68,68,68,68,68,68,68,68,68,68,68,68,73,73,73,73,73,75,75,75,75,75,75,75,77,77,77,77,77,77,77,77,77,77,77],"relic_stats":{"Singing Bowl":22,"Torii":2,"counters":[72,255],"Blue Candle":[15],"Yang":[57],"PreservedInsect":583,"Pen Nib":[45],"Bag of Preparation":[48],"CloakClasp":[117],"Whetstone":["CutThroughFate","Tantrum","Consecrate","LessonLearned"],"Boot":[68],"GoldenEye":[82],"OrangePellets":[8],"Ornamental Fan":[424],"Pantograph":178,"Prayer Wheel":12,"VioletLotus":[45],"HandDrill":[56],"obtain_stats":[{"Ice Cream":8,"Tiny House":34,"CeramicFish":14,"Spirit Poop":11,"Vajra":37,"Whetstone":37,"Sling":0,"Boot":0,"Blood Vial":3,"Sozu":17,"Centennial Puzzle":37,"Prayer Wheel":29,"VioletLotus":17,"HandDrill":45,"betterAltar:BloodRelic":22,"Happy Flower":45,"Blue Candle":25,"Oddly Smooth Stone":0,"Pen Nib":14,"Letter Opener":0,"Akabeko":0,"OrangePellets":54,"Shuriken":6,"Molten Egg 2":0,"Pandora\u0027s Box":34,"StrikeDummy":8,"Unceasing Top":20,"Lantern":14,"Singing Bowl":23,"Torii":48,"Yang":55,"CloakClasp":0,"Incense Burner":45,"Bag of Preparation":13,"TeardropLocket":0,"Smiling Mask":40,"Nunchaku":9,"Dream Catcher":44,"Shovel":12,"Matryoshka":0,"Mummified Hand":0,"Pantograph":6,"Toolbox":0,"WingedGreaves":25,"InkBottle":9,"Lee\u0027s Waffle":0,"NeowsBlessing":0,"Damaru":45,"The Courier":9,"PreservedInsect":0,"Frozen Egg 2":14,"GoldenEye":42,"White Beast Statue":4,"Mercury Hourglass":26,"Anchor":37,"Ornamental Fan":0,"Bloody Idol":22,"Turnip":0,"Bag of Marbles":10,"Membership Card":0,"Bottled Lightning":28,"PureWater":0},{"Ice Cream":7,"Tiny House":59,"CeramicFish":21,"Spirit Poop":19,"Vajra":33,"Whetstone":33,"Sling":41,"Boot":41,"Blood Vial":11,"Sozu":22,"Centennial Puzzle":33,"Prayer Wheel":28,"VioletLotus":50,"HandDrill":38,"betterAltar:BloodRelic":23,"Happy Flower":38,"Blue Candle":55,"Oddly Smooth Stone":9,"Pen Nib":21,"Letter Opener":9,"Akabeko":9,"OrangePellets":70,"Shuriken":5,"Molten Egg 2":9,"Pandora\u0027s Box":31,"StrikeDummy":18,"Unceasing Top":51,"Lantern":21,"Singing Bowl":24,"Torii":68,"Yang":71,"CloakClasp":9,"Incense Burner":38,"Bag of Preparation":48,"TeardropLocket":12,"Smiling Mask":35,"Nunchaku":18,"Dream Catcher":38,"Shovel":8,"Matryoshka":41,"Mummified Hand":9,"Pantograph":17,"Toolbox":41,"WingedGreaves":25,"InkBottle":45,"Lee\u0027s Waffle":12,"NeowsBlessing":0,"Damaru":38,"The Courier":7,"PreservedInsect":9,"Frozen Egg 2":21,"GoldenEye":65,"White Beast Statue":42,"Mercury Hourglass":25,"Anchor":33,"Ornamental Fan":41,"Bloody Idol":23,"Turnip":9,"Bag of Marbles":7,"Membership Card":12,"Bottled Lightning":56,"PureWater":0},{"Ice Cream":19,"Tiny House":203,"CeramicFish":57,"Spirit Poop":53,"Vajra":113,"Whetstone":113,"Sling":152,"Boot":152,"Blood Vial":31,"Sozu":64,"Centennial Puzzle":113,"Prayer Wheel":89,"VioletLotus":177,"HandDrill":134,"betterAltar:BloodRelic":68,"Happy Flower":134,"Blue Candle":191,"Oddly Smooth Stone":26,"Pen Nib":57,"Letter Opener":26,"Akabeko":26,"OrangePellets":243,"Shuriken":11,"Molten Egg 2":26,"Pandora\u0027s Box":104,"StrikeDummy":51,"Unceasing Top":179,"Lantern":57,"Singing Bowl":73,"Torii":233,"Yang":246,"CloakClasp":26,"Incense Burner":134,"Bag of Preparation":170,"TeardropLocket":34,"Smiling Mask":119,"Nunchaku":51,"Dream Catcher":134,"Shovel":25,"Matryoshka":152,"Mummified Hand":26,"Pantograph":49,"Toolbox":152,"WingedGreaves":77,"InkBottle":162,"Lee\u0027s Waffle":34,"NeowsBlessing":0,"Damaru":134,"The Courier":19,"PreservedInsect":26,"Frozen Egg 2":57,"GoldenEye":221,"White Beast Statue":154,"Mercury Hourglass":77,"Anchor":113,"Ornamental Fan":152,"Bloody Idol":68,"Turnip":26,"Bag of Marbles":19,"Membership Card":34,"Bottled Lightning":193,"PureWater":0}],"InkBottle":[66],"Unceasing Top":[3]},"card_choices":[{"not_picked":["ReachHeaven","FollowUp"],"picked":"JustLucky","floor":1.0},{"not_picked":["Protect","Prostrate"],"picked":"Adaptation","floor":5.0},{"not_picked":["ClearTheMind","PathToVictory"],"picked":"FlurryOfBlows","floor":6.0},{"not_picked":["ThirdEye","EmptyBody"],"picked":"Devotion","floor":8.0},{"not_picked":["InnerPeace","Halt"],"picked":"JustLucky","floor":11.0},{"not_picked":["Evaluate","FlyingSleeves"],"picked":"Crescendo","floor":12.0},{"not_picked":["CutThroughFate","SignatureMove"],"picked":"Wallop","floor":13.0},{"not_picked":["WheelKick","ThirdEye"],"picked":"Consecrate","floor":14.0},{"not_picked":["MasterReality","DeusExMachina"],"picked":"LessonLearned","floor":16.0},{"not_picked":["BowlingBash","Sanctity"],"picked":"Crescendo","floor":18.0},{"not_picked":["Consecrate","ThirdEye"],"picked":"Weave+1","floor":22.0},{"not_picked":["EmptyFist","PathToVictory"],"picked":"ThirdEye","floor":23.0},{"not_picked":["FlyingSleeves","Consecrate"],"picked":"CrushJoints","floor":24.0},{"not_picked":["SashWhip","Pray"],"picked":"WaveOfTheHand","floor":25.0},{"not_picked":["LessonLearned","EmptyFist"],"picked":"CutThroughFate","floor":28.0},{"not_picked":["PathToVictory","Sanctity"],"picked":"TalkToTheHand","floor":29.0},{"not_picked":["CutThroughFate","SashWhip"],"picked":"SpiritShield","floor":29.0},{"not_picked":["FlyingSleeves","ThirdEye"],"picked":"MentalFortress","floor":31.0},{"not_picked":["BowlingBash","Tantrum"],"picked":"Protect+1","floor":31.0},{"not_picked":["Judgement","Ragnarok"],"picked":"DevaForm","floor":33.0},{"not_picked":["Crescendo","Halt"],"picked":"MentalFortress","floor":34.0},{"not_picked":["ThirdEye","PathToVictory"],"picked":"InnerPeace","floor":35.0},{"not_picked":["FlyingSleeves","Pray"],"picked":"CrushJoints","floor":35.0},{"not_picked":["EmptyBody","Evaluate"],"picked":"MentalFortress","floor":37.0},{"not_picked":["EmptyBody","CutThroughFate+1"],"picked":"EmptyMind","floor":37.0},{"not_picked":["Wireheading","Prostrate+1"],"picked":"Scrawl","floor":38.0},{"not_picked":["Consecrate","FlyingSleeves","Evaluate+1"],"picked":"Singing Bowl","floor":39.0},{"not_picked":["Indignation","SignatureMove"],"picked":"Fasting2","floor":39.0},{"not_picked":["Weave+1","FollowUp+1"],"picked":"ConjureBlade","floor":40.0},{"not_picked":["JustLucky+1","SashWhip+1"],"picked":"CrushJoints+1","floor":42.0},{"not_picked":["CrushJoints+1","Crescendo","Pray"],"picked":"Singing Bowl","floor":46.0},{"not_picked":["ReachHeaven+1","FlurryOfBlows+1"],"picked":"ClearTheMind+1","floor":46.0},{"not_picked":["WreathOfFlame+1","EmptyFist+1"],"picked":"LikeWater+1","floor":47.0},{"not_picked":["Evaluate","Consecrate+1"],"picked":"EmptyMind","floor":48.0},{"not_picked":["DeusExMachina","BowlingBash+1"],"picked":"Vault","floor":55.0}],"player_experience":1007402,"relics_obtained":[{"floor":6.0,"key":"Damaru"},{"floor":8.0,"key":"Anchor"},{"floor":9.0,"key":"PreservedInsect"},{"floor":9.0,"key":"InkBottle"},{"floor":11.0,"key":"Singing Bowl"},{"floor":13.0,"key":"Bag of Preparation"},{"floor":23.0,"key":"Whetstone"},{"floor":25.0,"key":"Blue Candle"},{"floor":26.0,"key":"Pantograph"},{"floor":26.0,"key":"Prayer Wheel"},{"floor":28.0,"key":"Bottled Lightning"},{"floor":38.0,"key":"CloakClasp"},{"floor":40.0,"key":"Molten Egg 2"},{"floor":42.0,"key":"GoldenEye"},{"floor":47.0,"key":"Oddly Smooth Stone"},{"floor":48.0,"key":"Torii"},{"floor":55.0,"key":"Yang"}],"event_choices":[{"damage_healed":0.0,"max_hp_gain":0.0,"max_hp_loss":0.0,"gold_gain":150.0,"event_name":"betterThird:BetterSerpent","player_choice":"AGREE","floor":3.0,"gold_loss":0.0,"damage_taken":89.0},{"damage_healed":0.0,"max_hp_gain":0.0,"max_hp_loss":0.0,"gold_gain":0.0,"event_name":"Big Fish","player_choice":"Box","floor":4.0,"gold_loss":0.0,"damage_taken":0.0,"relics_obtained":["White Beast Statue"],"cards_obtained":["Regret"]},{"damage_healed":0.0,"max_hp_gain":0.0,"max_hp_loss":0.0,"gold_gain":0.0,"event_name":"Living Wall","player_choice":"Grow","floor":10.0,"gold_loss":0.0,"damage_taken":0.0,"cards_upgraded":["Secret Technique"]},{"damage_healed":0.0,"max_hp_gain":0.0,"max_hp_loss":7.0,"gold_gain":0.0,"event_name":"betterThird:BetterWriting","player_choice":"Materialism","floor":19.0,"gold_loss":0.0,"damage_taken":0.0},{"damage_healed":0.0,"max_hp_gain":0.0,"max_hp_loss":0.0,"gold_gain":0.0,"event_name":"The Library","player_choice":"Read","floor":21.0,"gold_loss":0.0,"damage_taken":0.0,"cards_obtained":["Collect"]},{"damage_healed":0.0,"max_hp_gain":0.0,"max_hp_loss":0.0,"gold_gain":0.0,"event_name":"Ghosts","player_choice":"Ignored","floor":27.0,"gold_loss":0.0,"damage_taken":0.0},{"damage_healed":0.0,"max_hp_gain":0.0,"max_hp_loss":0.0,"gold_gain":0.0,"event_name":"MindBloom","player_choice":"Fight","floor":38.0,"gold_loss":0.0,"damage_taken":0.0},{"cards_removed":["FlurryOfBlows"],"damage_healed":0.0,"max_hp_gain":0.0,"max_hp_loss":0.0,"gold_gain":0.0,"event_name":"Falling","player_choice":"Removed Attack","floor":44.0,"gold_loss":0.0,"damage_taken":0.0},{"damage_healed":0.0,"max_hp_gain":0.0,"max_hp_loss":0.0,"gold_gain":0.0,"event_name":"Winding Halls","player_choice":"Embrace Madness","floor":45.0,"gold_loss":0.0,"damage_taken":14.0,"cards_obtained":["Madness","Madness"]},{"damage_healed":0.0,"max_hp_gain":0.0,"max_hp_loss":0.0,"gold_gain":0.0,"event_name":"Mysterious Sphere","player_choice":"Fight","floor":48.0,"gold_loss":0.0,"damage_taken":0.0}],"is_beta":false,"boss_relics":[{"not_picked":["Philosopher\u0027s Stone","Snecko Eye"],"picked":"VioletLotus"},{"not_picked":["Velvet Choker","Coffee Dripper"],"picked":"Tiny House"}],"items_purged_floors":[0,20],"is_endless":false,"potions_floor_spawned":[5,6,8,11,12,13,14,16,18,22,23,24,25,28,29,31,33,35,37,38,39,40,42,46,47,48,55],"ascension_level":20}}