{"host":"o3b7ow6d1xe49css","time":1608714303,"event":{"mods":["Act Like it!","Aspiration","BaseMod","Bestiary","Better Altar","Better Match","Better Note","Better Sensory Stone","Better Skull","Better Third Choice","Colored Powertips","Conspire","Energized Spire","Force Act Four","GifTheSpireLib","Halation","Hermit","Hubris","Infinite Spire","Lobotomy","Minty Spire (QoL Compilation)","Quick Restart","Replay The Spire","Spicy Shops","Spikes Relics","StSLib","Stuff the Spire","The Blue Laboratory","Wandering Minibosses","vexMod"],"gold_per_floor":[115,115,133,343,353,380,380,417,466,466,466],"floor_reached":10,"playtime":300,"items_purged":[],"score":95,"play_id":"30dae351-a559-4ca1-9e05-0a6ae190b67a","local_time":"20201223000503","daily_mods":["Heirloom","Flight","Elite Swarm"],"is_ascension_mode":true,"campfire_choices":[{"floor":7,"key":"REST"}],"circlet_count":0,"master_deck":["Strike_G","Strike_G","Strike_G","Strike_G","Strike_G","Defend_G","Defend_G","Defend_G","Defend_G","Defend_G","Survivor","Neutralize","Dagger Spray","Blade Dance","Glass Knife"],"relics":["Ring of the Snake","Ring of Chaos","Calipers","infinitespire:Midas Blood","conspire:DecoderRing"],"acts_visited":["Exordium"],"potions_floor_usage":[6,6],"damage_taken":[{"damage":0,"enemies":"Cultist","floor":1,"turns":4},{"damage":10,"enemies":"conspire:RoseBush","floor":3,"turns":6},{"damage":0,"enemies":"2 Louse","floor":5,"turns":2},{"damage":23,"enemies":"Lagavulin","floor":6,"turns":9},{"damage":40,"enemies":"Gremlin Nob","floor":8,"turns":5},{"damage":0,"enemies":"Lagavulin","floor":10,"turns":1}],"seed_played":"7671180143864129226","potions_obtained":[{"floor":1,"key":"Explosive Potion"},{"floor":5,"key":"blueLaboratory:BubblePotion"}],"is_trial":true,"path_per_floor":["M","?","M","?","M","E","R","E","T","E"],"character_chosen":"THE_SILENT","items_purchased":[],"campfire_rested":1,"item_purchase_floors":[],"current_hp_per_floor":[70,70,60,43,43,20,41,1,1,1,1],"gold":466,"neow_bonus":"","is_daily":false,"chose_seed":false,"campfire_upgraded":0,"win_rate":0.0,"timestamp":1608714303,"path_taken":["M","?","M","?","M","E","R","E","T","E"],"items_purchased_type":[],"build_version":"2020-12-22","purchased_purges":0,"victory":false,"max_hp_per_floor":[70,70,70,70,70,70,70,70,70,70,70],"card_choices":[{"not_picked":["StuffTheSpire:BumpUp","Dagger Throw"],"picked":"Dagger Spray","floor":1},{"not_picked":["Prepared","Hidden Blade"],"picked":"Blade Dance","floor":3},{"not_picked":["Dagger Throw","StuffTheSpire:ClusterCrunch","StuffTheSpire:BumpUp"],"picked":"SKIP","floor":5},{"not_picked":["infinitespire:Neurotoxin","StuffTheSpire:FinalStruggle"],"picked":"Glass Knife","floor":6},{"not_picked":["Grand Finale","A Thousand Cuts","Phantasmal Killer"],"picked":"SKIP","floor":8}],"player_experience":1835489,"relics_obtained":[{"floor":6,"key":"infinitespire:Midas Blood"},{"floor":8,"key":"conspire:DecoderRing"}],"event_choices":[{"damage_healed":0,"gold_gain":0,"player_choice":"Disagree","damage_taken":0,"max_hp_gain":0,"max_hp_loss":0,"event_name":"conspire:LoneGhost","floor":2,"gold_loss":0}],"is_beta":false,"boss_relics":[],"items_purged_floors":[],"is_endless":false,"potions_floor_spawned":[1,5],"killed_by":"Lagavulin","ascension_level":5}}