{"host":"iy58fyt9wsbv4cf1","time":1608767031,"event":{"mods":["BaseMod","Better Altar","Better Match","Better Skull","Better Third Choice","BetterRewards","Conspire","Custom Start","Defuse TimeMaze Blight","Hubris","Infinite Spire","Minty Spire (QoL Compilation)","Permanent Neow","Quick Restart","Spicy Shops","StSLib"],"gold_per_floor":[115,134,134,150,168,201,201,221,293,337,337,362,362,382,382,512,512,537,462,462,462],"floor_reached":20,"playtime":802,"items_purged":["Strike_R"],"score":211,"play_id":"c2cd12b1-d06b-496b-b67c-3127ea14c6d4","local_time":"20201223184351","is_ascension_mode":false,"campfire_choices":[{"data":"Body Slam","floor":11,"key":"SMITH"},{"data":"Entrench","floor":13,"key":"SMITH"},{"data":"Inflame","floor":15,"key":"SMITH"}],"circlet_count":0,"master_deck":["Strike_R","Defend_R","Defend_R","Defend_R+1","Defend_R+1","Bash","Inflame+1","Body Slam+1","Shrug It Off","Flex","Shrug It Off","Battle Trance","Entrench+1","Shrug It Off","Thunderclap","Impervious","Evolve+1","Sword Boomerang+1","Entrench+1","Shrug It Off"],"relics":["Burning Blood","Thread and Needle","Membership Card","War Paint","HandDrill","Golden Idol","Oddly Smooth Stone","infinitespire:PuzzleCube","Ancient Tea Set","Astrolabe"],"acts_visited":["Exordium","TheCity"],"potions_floor_usage":[10],"damage_taken":[{"damage":1,"enemies":"Small Slimes","floor":1,"turns":4},{"damage":0,"enemies":"Jaw Worm","floor":2,"turns":3},{"damage":0,"enemies":"Cultist","floor":4,"turns":3},{"damage":0,"enemies":"Large Slime","floor":5,"turns":5},{"damage":7,"enemies":"3 Sentries","floor":6,"turns":11},{"damage":1,"enemies":"Exordium Thugs","floor":8,"turns":6},{"damage":16,"enemies":"Gremlin Nob","floor":10,"turns":5},{"damage":0,"enemies":"3 Louse","floor":12,"turns":3},{"damage":0,"enemies":"Large Slime","floor":14,"turns":4},{"damage":12,"enemies":"The Guardian","floor":16,"turns":12},{"damage":0,"enemies":"Chosen","floor":18,"turns":5},{"damage":0,"enemies":"conspire:FuzzyDice","floor":20,"turns":5}],"seed_played":"-1878808136074419977","potions_obtained":[{"floor":5,"key":"BlessingOfTheForge"},{"floor":6,"key":"LiquidMemories"},{"floor":10,"key":"SpeedPotion"},{"floor":12,"key":"LiquidMemories"},{"floor":18,"key":"Regen Potion"}],"is_trial":false,"path_per_floor":["M","M","?","M","M","E","?","M","T","E","R","M","R","M","R","B",null,"M","?","M"],"character_chosen":"IRONCLAD","items_purchased":["Inflame","Thread and Needle","Membership Card","Body Slam","Shrug It Off","War Paint","HandDrill","Flex"],"campfire_rested":0,"item_purchase_floors":[0,0,0,0,0,0,0,0],"current_hp_per_floor":[49,55,55,61,67,66,66,71,71,61,61,67,67,73,73,67,74,74,74,74,74],"gold":462,"neow_bonus":"","is_daily":false,"chose_seed":false,"campfire_upgraded":3,"win_rate":0.0,"timestamp":1608767031,"path_taken":["M","M","?","M","M","E","?","?","T","E","R","M","R","M","R","BOSS","M","?","M"],"items_purchased_type":["Card","Relic","Relic","Card","Card","Relic","Relic","Card"],"build_version":"2020-12-22","purchased_purges":1,"victory":false,"max_hp_per_floor":[80,80,74,74,74,74,74,74,74,74,74,74,74,74,74,74,74,74,74,74,74],"card_choices":[{"not_picked":["Wild Strike","Cleave"],"picked":"Shrug It Off","floor":1},{"not_picked":["Iron Wave","Clash","Warcry"],"picked":"SKIP","floor":2},{"not_picked":["Armaments","Wild Strike"],"picked":"Battle Trance","floor":4},{"not_picked":["Dark Embrace","Burning Pact","Flex"],"picked":"SKIP","floor":5},{"not_picked":["Battle Trance","Fiend Fire"],"picked":"Entrench","floor":6},{"not_picked":["Twin Strike","Cleave","conspire:ExplosiveBarrier"],"picked":"SKIP","floor":8},{"not_picked":["Infernal Blade","Rampage"],"picked":"Shrug It Off","floor":10},{"not_picked":["Anger","Shockwave","Second Wind"],"picked":"SKIP","floor":12},{"not_picked":["Clash","True Grit"],"picked":"Thunderclap","floor":14},{"not_picked":["Barricade","Berserk"],"picked":"Impervious","floor":16},{"not_picked":["Sentinel+1","Inflame+1","Wild Strike"],"picked":"SKIP","floor":18},{"not_picked":["Wild Strike","Clash"],"picked":"Shrug It Off","floor":19}],"player_experience":36146,"relics_obtained":[{"floor":6,"key":"Oddly Smooth Stone"},{"floor":10,"key":"Ancient Tea Set"}],"event_choices":[{"damage_healed":0,"gold_gain":0,"player_choice":"Lose Max HP","damage_taken":0,"relics_obtained":["Golden Idol"],"max_hp_gain":0,"max_hp_loss":6,"event_name":"Golden Idol","floor":3,"gold_loss":0},{"damage_healed":0,"gold_gain":0,"player_choice":"Gave Potion","damage_taken":0,"relics_obtained":["infinitespire:PuzzleCube"],"max_hp_gain":0,"max_hp_loss":0,"event_name":"WeMeetAgain","floor":7,"gold_loss":0},{"damage_healed":0,"gold_gain":0,"player_choice":"1","damage_taken":0,"max_hp_gain":0,"max_hp_loss":0,"event_name":"betterMatch:BetterMatch","floor":19,"gold_loss":0,"cards_obtained":["betterMatch:UncommonCard","betterMatch:CommonCard","betterMatch:ColorlessUncommonCard"]}],"is_beta":false,"boss_relics":[{"not_picked":["Velvet Choker","Tiny House"],"picked":"Astrolabe"}],"items_purged_floors":[0],"is_endless":false,"potions_floor_spawned":[5,6,10,12,18],"killed_by":"conspire:FuzzyDice","ascension_level":0}}