{"host":"12","time":1608747192,"event":{"mods":["ATMod(°¢èªMod)","Act Like it!","BaseMod","Colored Powertips","Minty Spire (QoL Compilation)","StSLib","¡¾¹¦ÄÜMod¡¿»ìãçÖ®»·ÐÞ¸´²¹¶¡"],"gold_per_floor":[109,109,120,140,190,190,215,215,215,228,256,272,272,305,305,376,376,386,403,423,433,447,465,495,495,522,423,449,464,39,58,58,132,132,146,158,175,194,213,213,246,246,246,275,286,305,305,317,317,317,317,317],"floor_reached":51,"playtime":1699,"items_purged":["Defend_G","Defend_G"],"score":2154,"play_id":"7c7eec97-4335-42f8-82da-bce2e19c2ca3","local_time":"20201224021312","is_ascension_mode":true,"campfire_choices":[{"data":"AT_BreakingExtremeWeapon","floor":6.0,"key":"SMITH"},{"data":"Blade Dance","floor":8.0,"key":"SMITH"},{"data":"Corpse Explosion","floor":13.0,"key":"SMITH"},{"data":"Blade Dance","floor":15.0,"key":"SMITH"},{"data":"AT_TwilightShroud","floor":25,"key":"SMITH"},{"data":"Well Laid Plans","floor":32,"key":"SMITH"},{"data":"Tactician","floor":40,"key":"SMITH"},{"data":"Burst","floor":42,"key":"SMITH"},{"floor":49,"key":"RECALL"}],"circlet_count":0,"master_deck":["AscendersBane","Strike_G","Strike_G+1","Strike_G","Strike_G","Strike_G","Defend_G","Defend_G+1","Defend_G","Survivor","Neutralize","AT_BreakingExtremeWeapon+1","AT_WindFlip","Blade Dance+1","AT_TwilightShroud+1","Corpse Explosion+1","Blade Dance+1","Night Terror","AT_EmpoweredMortalDraw","Footwork","AT_FocusSwordFire+1","Prepared","Well Laid Plans+1","Escape Plan","Well Laid Plans+1","Burst+1","AT_ThistleTea","Tactician+1","Acrobatics","AT_ShadowStep","Tactician"],"relics":["Ring of the Snake","AT_ATBox","NeowsBlessing","Du-Vu Doll","Lizard Tail","Pear","Oddly Smooth Stone","AT_MortalBlade","Orichalcum","Nunchaku","AT_TimeSand","Lee\u0027s Waffle","AT_ArcaneBoots","AT_TrinityForce","Omamori","Meat on the Bone","Paper Crane"],"acts_visited":["Exordium","TheCity","TheBeyond"],"potions_floor_usage":[50],"damage_taken":[{"damage":0.0,"enemies":"Jaw Worm","floor":1.0,"turns":1.0},{"damage":0.0,"enemies":"2 Louse","floor":3.0,"turns":1.0},{"damage":0.0,"enemies":"Cultist","floor":4.0,"turns":1.0},{"damage":0.0,"enemies":"Gremlin Nob","floor":7.0,"turns":2.0},{"damage":0.0,"enemies":"Gremlin Gang","floor":10.0,"turns":3.0},{"damage":0.0,"enemies":"3 Sentries","floor":11.0,"turns":1.0},{"damage":1.0,"enemies":"Exordium Thugs","floor":12.0,"turns":4.0},{"damage":0.0,"enemies":"Lagavulin","floor":14.0,"turns":3.0},{"damage":24.0,"enemies":"The Guardian","floor":16.0,"turns":9.0},{"damage":0.0,"enemies":"Spheric Guardian","floor":18.0,"turns":1.0},{"damage":0,"enemies":"Shell Parasite","floor":19,"turns":3},{"damage":0,"enemies":"Shelled Parasite and Fungi","floor":20,"turns":2},{"damage":18,"enemies":"Snake Plant","floor":21,"turns":4},{"damage":0,"enemies":"Sentry and Sphere","floor":22,"turns":4},{"damage":2,"enemies":"Cultist and Chosen","floor":23,"turns":4},{"damage":20,"enemies":"Gremlin Leader","floor":24,"turns":5},{"damage":0,"enemies":"Book of Stabbing","floor":28,"turns":5},{"damage":9,"enemies":"Snake Plant","floor":29,"turns":2},{"damage":0,"enemies":"Centurion and Healer","floor":31,"turns":12},{"damage":12,"enemies":"Champ","floor":33,"turns":8},{"damage":0,"enemies":"3 Shapes","floor":35,"turns":1},{"damage":13,"enemies":"3 Darklings","floor":36,"turns":2},{"damage":47,"enemies":"Spire Growth","floor":37,"turns":4},{"damage":0,"enemies":"Transient","floor":38,"turns":6},{"damage":40,"enemies":"Writhing Mass","floor":39,"turns":4},{"damage":0,"enemies":"Nemesis","floor":41,"turns":6},{"damage":6,"enemies":"Giant Head","floor":44,"turns":3},{"damage":0,"enemies":"Jaw Worm Horde","floor":45,"turns":1},{"damage":0,"enemies":"Maw","floor":46,"turns":4},{"damage":30,"enemies":"Spire Growth","floor":48,"turns":6},{"damage":17,"enemies":"Donu and Deca","floor":50,"turns":4},{"damage":28,"enemies":"Time Eater","floor":51,"turns":5}],"seed_played":"-7227879633394279215","potions_obtained":[{"floor":1.0,"key":"EntropicBrew"},{"floor":11.0,"key":"Strength Potion"},{"floor":24,"key":"DistilledChaos"},{"floor":46,"key":"CunningPotion"}],"is_trial":false,"path_per_floor":["M","?","M","M","?","R","E","R","T","M","E","M","R","E","R","B",null,"M","M","M","M","M","M","E","R","T","$","E","M","$","M","R","B",null,"M","M","M","M","M","R","E","R","T","E","M","M","T","M","R","B","B"],"character_chosen":"THE_SILENT","items_purchased":["Prepared","Lee\u0027s Waffle","AT_SpeedBoots"],"campfire_rested":0,"item_purchase_floors":[27,30,30],"current_hp_per_floor":[59,39,39,39,39,39,39,39,39,39,49,48,48,48,48,24,63,63,63,63,45,45,43,23,23,23,23,23,14,83,83,83,71,80,80,67,20,20,28,28,28,28,28,22,34,46,46,28,28,23,0,0],"gold":317,"neow_bonus":"THREE_ENEMY_KILL","is_daily":false,"chose_seed":false,"campfire_upgraded":8,"win_rate":0.0,"timestamp":1608747192,"path_taken":["M","?","M","M","?","R","E","R","T","?","E","M","R","E","R","BOSS","M","M","M","M","M","M","E","R","T","$","E","M","$","M","R","BOSS","M","M","?","M","M","R","E","R","T","E","?","M","?","M","R","BOSS","BOSS"],"items_purchased_type":["Card","Relic","Relic"],"build_version":"2020-12-18","purchased_purges":2,"victory":false,"max_hp_per_floor":[66,66,66,66,66,66,66,66,66,66,76,76,76,76,76,76,76,76,76,76,76,76,76,76,76,76,76,76,76,83,83,83,83,83,83,83,83,83,83,83,83,83,83,83,83,83,83,83,83,83,83,83],"card_choices":[{"not_picked":["Predator","Calculated Gamble"],"picked":"AT_WindFlip","floor":1.0},{"not_picked":["Sucker Punch","Cloak And Dagger"],"picked":"Blade Dance","floor":3.0},{"not_picked":["Dodge and Roll","AT_WomanClash","Slice"],"picked":"SKIP","floor":4.0},{"not_picked":["Sucker Punch","Bane"],"picked":"AT_TwilightShroud","floor":7.0},{"not_picked":["Deadly Poison","Outmaneuver","PiercingWail"],"picked":"SKIP","floor":10.0},{"not_picked":["Reflex","AT_TinkerSharpsword"],"picked":"Corpse Explosion","floor":11.0},{"not_picked":["Slice","AT_WindFlip","Deadly Poison"],"picked":"SKIP","floor":12.0},{"not_picked":["AT_ThistleTea","Riddle With Holes"],"picked":"Blade Dance","floor":14.0},{"not_picked":["Envenom","AT_MyraUnstableElement"],"picked":"Night Terror","floor":16.0},{"not_picked":["Dodge and Roll","AT_TwilightShroud","Dash+1"],"picked":"SKIP","floor":18.0},{"not_picked":["Dodge and Roll","Poisoned Stab"],"picked":"Footwork","floor":19},{"not_picked":["Poisoned Stab","Dagger Throw+1","AT_WindFlip"],"picked":"SKIP","floor":20},{"not_picked":["Catalyst","AT_ThistleTea"],"picked":"AT_FocusSwordFire+1","floor":21},{"not_picked":["AT_TwilightShroud","Masterful Stab","AT_WomanClash+1"],"picked":"SKIP","floor":22},{"not_picked":["Dagger Throw","Setup","Quick Slash"],"picked":"SKIP","floor":23},{"not_picked":["Dagger Throw","Bane","Dash"],"picked":"SKIP","floor":24},{"not_picked":["AT_ArcaneSupremacy+1","Dagger Spray"],"picked":"Well Laid Plans+1","floor":28},{"not_picked":["AT_WomanClash","Crippling Poison"],"picked":"Escape Plan","floor":29},{"not_picked":["Finisher","Deflect"],"picked":"Well Laid Plans","floor":31},{"not_picked":["Tools of the Trade","Unload"],"picked":"Burst","floor":33},{"not_picked":["Poisoned Stab+1","Bane","Deadly Poison"],"picked":"SKIP","floor":35},{"not_picked":["Blade Dance","PiercingWail","Heel Hook+1"],"picked":"SKIP","floor":36},{"not_picked":["Dagger Spray+1","AT_WindFlip"],"picked":"AT_ThistleTea","floor":37},{"not_picked":["All Out Attack+1","Blur"],"picked":"Tactician","floor":38},{"not_picked":["Backflip","Poisoned Stab"],"picked":"Acrobatics","floor":39},{"not_picked":["Flying Knee+1","Dagger Spray","AT_WindFlip"],"picked":"SKIP","floor":41},{"not_picked":["Corpse Explosion","Masterful Stab"],"picked":"AT_ShadowStep","floor":44},{"not_picked":["Dodge and Roll","Noxious Fumes"],"picked":"Tactician","floor":45},{"not_picked":["Dagger Spray","Skewer+1","Predator"],"picked":"SKIP","floor":46},{"not_picked":["Dagger Throw","AT_Desolate","Flying Knee"],"picked":"SKIP","floor":48}],"player_experience":564090,"relics_obtained":[{"floor":7.0,"key":"Du-Vu Doll"},{"floor":9.0,"key":"Lizard Tail"},{"floor":11.0,"key":"Pear"},{"floor":14.0,"key":"Oddly Smooth Stone"},{"floor":24,"key":"Orichalcum"},{"floor":26,"key":"Nunchaku"},{"floor":28,"key":"AT_TimeSand"},{"floor":41,"key":"Omamori"},{"floor":44,"key":"Meat on the Bone"},{"floor":47,"key":"Paper Crane"}],"event_choices":[{"damage_healed":0.0,"max_hp_gain":0.0,"max_hp_loss":0.0,"gold_gain":0.0,"event_name":"Shining Light","player_choice":"Entered Light","floor":2.0,"gold_loss":0.0,"damage_taken":20.0,"cards_upgraded":["Defend_G","Strike_G"]},{"damage_healed":0.0,"max_hp_gain":0.0,"max_hp_loss":0.0,"gold_gain":50.0,"event_name":"Golden Shrine","player_choice":"Pray","floor":5.0,"gold_loss":0.0,"damage_taken":0.0}],"is_beta":true,"boss_relics":[{"not_picked":["HoveringKite","SacredBark"],"picked":"AT_MortalBlade"},{"not_picked":["Runic Dome","Runic Pyramid"],"picked":"AT_TrinityForce"}],"items_purged_floors":[27,30],"is_endless":false,"potions_floor_spawned":[1,11,12,14,16,18,19,22,24,28,35,41,44,46,48],"killed_by":"Time Eater","ascension_level":20}}