{"host":"a61r67bv2jut9r88","time":1608707645,"event":{"mods":["AchievementEnabler","BaseMod","Downfall","Minty Spire (QoL Compilation)","Replay The Spire","Shop Mod","StSLib","SuperFastMode"],"gold_per_floor":[113,188,245,245,245,296,296,150,230,230,230,80,80,97,47,152,152,163,163,163,78,3,3,3,3,29,29,42,42,42,73,82,177,177,191,209,209,234,81,81,81,99,151,151,160,160,7,16,217,217],"floor_reached":51,"playtime":1239,"items_purged":["Demonic Infusion+1"],"score":954,"play_id":"0a0b400b-0eb6-458a-8074-bb3468c84882","local_time":"20201223151405","daily_mods":["Shiny","Vintage","Colorless Cards","Heirloom","Time Dilation","Flight","downfall:Lament"],"is_ascension_mode":false,"campfire_choices":[{"data":"Fiend Fire","floor":7,"key":"SMITH"},{"data":"Double Tap","floor":10,"key":"SMITH"},{"data":"Bludgeon","floor":11,"key":"SMITH"},{"data":"Eclipse","floor":13,"key":"SMITH"},{"data":"Immolate","floor":23,"key":"SMITH"},{"data":"Metamorphosis","floor":24,"key":"SMITH"},{"data":"ReplayUltimateDefense","floor":25,"key":"SMITH"},{"data":"Transmutation","floor":27,"key":"SMITH"},{"data":"Impervious","floor":40,"key":"SMITH"},{"data":"Madness","floor":41,"key":"SMITH"},{"data":"Barricade","floor":44,"key":"SMITH"},{"data":"Magnetism","floor":46,"key":"SMITH"}],"circlet_count":0,"master_deck":["Double Tap+1","Fiend Fire+1","Eclipse+1","Exhume+1","Bludgeon+1","Limit Break","Hemogenesis+2","Demon Form+1","Berserk","Impervious+1","Juggernaut+1","Brutality","Offering+1","Feed","Replay:Many Hands+1","Corruption","Barricade+1","Reaper","Immolate+1","Magnetism+1","Midas Touch","ReplayTheSpireMod:Brewmster+1","Poisoned Strike","expansioncontent:StudyTheSpire","Sadistic Nature","expansioncontent:Corrupt","ReplayUltimateDefense+1","Transmutation+1","HandOfGreed","ReplayTheSpireMod:Necrogeddon","Secret Technique","Metamorphosis+1","Master of Strategy","Chrysalis+1","Mayhem","Secret Weapon","expansioncontent:QuickStudy","Apotheosis","Panache","Violence","expansioncontent:DashGenerateEvil","The Bomb+1","Crow Ritual+1","hexamod:Haunted","Madness+1","Madness","Doubt","expansioncontent:SuperHexaguard"],"relics":["Burning Blood","NeowsBlessing","Du-Vu Doll","PreservedInsect","Meat on the Bone","Gremlin Horn","champ:Barbells","Golden Egg","Bronze Scales","White Beast Statue","Snecko Heart","sneckomod:BlankCard","MutagenicStrength","Blue Doll","CeramicFish","Bag of Marbles","Darkstone Periapt","Blue Candle","Philosopher\u0027s Stone","Bottled Tornado","Vajra","Ancient Tea Set","Gremlin Food","BranchBurnRelic","Pen Nib"],"acts_visited":["Exordium","TheCity","TheBeyond"],"potions_floor_usage":[18,28,33,33,33,50,50,50],"damage_taken":[{"damage":0,"enemies":"Small Slimes","floor":1,"turns":1},{"damage":0,"enemies":"Gremlin Nob","floor":6,"turns":1},{"damage":0,"enemies":"2 Louse","floor":14,"turns":1},{"damage":68,"enemies":"The Guardian","floor":16,"turns":8},{"damage":14,"enemies":"2 Thieves","floor":18,"turns":3},{"damage":0,"enemies":"3 Byrds","floor":28,"turns":2},{"damage":6,"enemies":"3 Cultists","floor":31,"turns":3},{"damage":45,"enemies":"Pondfish","floor":33,"turns":7},{"damage":0,"enemies":"3 Darklings","floor":35,"turns":1},{"damage":5,"enemies":"3 Shapes","floor":42,"turns":3},{"damage":79,"enemies":"Awakened One","floor":50,"turns":7}],"seed_played":"-2370838831760108234","potions_obtained":[{"floor":14,"key":"Swift Potion"},{"floor":16,"key":"Dexterity Potion"},{"floor":18,"key":"DistilledChaos"},{"floor":28,"key":"BloodPotion"},{"floor":31,"key":"Adrenaline Potion"},{"floor":33,"key":"Explosive Potion"},{"floor":35,"key":"EssenceOfSteel"}],"is_trial":true,"path_per_floor":["M","?","?","?","T","E","R","$","T","R","R","$","R","M","R","B",null,"M","?","?","?","$","R","R","R","T","R","M","?","$","M","R","B",null,"M","?","?","T","$","R","R","M","T","R","?","R","$","?","R","B",null],"character_chosen":"IRONCLAD","items_purchased":["champ:Barbells","Bronze Scales","Ancient Tea Set","Pen Nib"],"campfire_rested":0,"item_purchase_floors":[8,12,39,47],"current_hp_per_floor":[80,69,69,69,69,75,75,75,75,75,75,75,75,80,80,30,80,80,80,80,80,80,80,80,80,80,80,80,80,80,80,86,64,86,86,75,75,75,75,75,75,86,86,86,92,92,92,92,69,51],"gold":217,"neow_bonus":"","is_daily":false,"chose_seed":false,"campfire_upgraded":12,"win_rate":0.0,"timestamp":1608707645,"path_taken":["M","?","?","?","?","E","R","$","T","R","R","$","R","M","R","BOSS","M","?","?","?","$","R","R","R","T","R","?","?","$","M","R","BOSS","M","?","?","?","$","R","R","M","T","R","?","R","?","?","R","BOSS"],"items_purchased_type":["Relic","Relic","Relic","Relic"],"build_version":"2020-12-22","purchased_purges":1,"victory":true,"max_hp_per_floor":[80,80,80,80,80,80,80,80,80,80,80,80,80,80,80,80,80,80,80,80,80,80,80,80,80,80,80,80,80,80,80,86,86,86,86,86,86,86,86,86,86,86,86,86,92,92,92,92,92,92],"card_choices":[{"not_picked":["Body Slam","Heavy Blade","Iron Wave"],"picked":"SKIP","floor":6},{"not_picked":["expansioncontent:CaCaw","The Bomb"],"picked":"expansioncontent:SuperHexaguard","floor":48}],"player_experience":413061,"relics_obtained":[{"floor":1,"key":"PreservedInsect"},{"floor":5,"key":"Meat on the Bone"},{"floor":6,"key":"Gremlin Horn"},{"floor":9,"key":"Golden Egg"},{"floor":14,"key":"White Beast Statue"},{"floor":18,"key":"sneckomod:BlankCard"},{"floor":26,"key":"CeramicFish"},{"floor":28,"key":"Bag of Marbles"},{"floor":31,"key":"Darkstone Periapt"},{"floor":35,"key":"Bottled Tornado"},{"floor":38,"key":"Vajra"},{"floor":42,"key":"Dead Branch"},{"floor":43,"key":"Gremlin Food"}],"event_choices":[{"damage_healed":0,"gold_gain":75,"player_choice":"Gather Gold","damage_taken":11,"max_hp_gain":0,"max_hp_loss":0,"event_name":"World of Goop","floor":2,"gold_loss":0},{"damage_healed":0,"gold_gain":57,"player_choice":"Gained Gold","damage_taken":0,"max_hp_gain":0,"max_hp_loss":0,"event_name":"Golden Wing","floor":3,"gold_loss":0},{"damage_healed":0,"gold_gain":0,"player_choice":"Grow","damage_taken":0,"max_hp_gain":0,"max_hp_loss":0,"event_name":"Living Wall","floor":4,"gold_loss":0,"cards_upgraded":["Demonic Infusion"]},{"cards_removed":["Thinking Ahead"],"damage_healed":0,"gold_gain":0,"player_choice":"Card Removal","damage_taken":0,"max_hp_gain":0,"max_hp_loss":0,"event_name":"The Cleric","floor":15,"gold_loss":50},{"damage_healed":0,"gold_gain":0,"player_choice":"Inject Mutagens","damage_taken":0,"relics_obtained":["MutagenicStrength"],"max_hp_gain":0,"max_hp_loss":0,"event_name":"Drug Dealer","floor":19,"gold_loss":0},{"damage_healed":0,"gold_gain":0,"player_choice":"Obtained Relic","damage_taken":0,"relics_obtained":["Blue Doll"],"max_hp_gain":0,"max_hp_loss":0,"event_name":"Addict","floor":21,"gold_loss":85},{"damage_healed":0,"gold_gain":0,"player_choice":"Embrace Madness","damage_taken":11,"max_hp_gain":0,"max_hp_loss":0,"event_name":"Winding Halls","floor":36,"gold_loss":0,"cards_obtained":["Madness","Madness"]},{"damage_healed":0,"gold_gain":0,"player_choice":"Heal","damage_taken":0,"max_hp_gain":0,"max_hp_loss":0,"event_name":"MindBloom","floor":45,"gold_loss":0,"cards_obtained":["Doubt"]},{"damage_healed":0,"gold_gain":0,"player_choice":"Memory 1","damage_taken":0,"max_hp_gain":0,"max_hp_loss":0,"event_name":"SensoryStone","floor":48,"gold_loss":0}],"is_beta":false,"boss_relics":[{"not_picked":["Cursed Key","Runic Dome"],"picked":"Snecko Heart"},{"not_picked":["expansioncontent:StudyCardRelic","Replay:Drink Me"],"picked":"Philosopher\u0027s Stone"}],"items_purged_floors":[22],"is_endless":false,"potions_floor_spawned":[14,16,18,28,31,33,35,42],"ascension_level":0}}