{"host":"qrt7o4dq2qslzw13","time":1608713764,"event":{"mods":["AchievementEnabler","BaseMod","Colored Map","Colored Powertips","Minty Spire (QoL Compilation)","Quick Restart","Rare Cards Sparkle","StSLib","SuperFastMode"],"gold_per_floor":[109,122,142,292,310,310,310,310],"floor_reached":7,"playtime":128,"items_purged":[],"score":86,"play_id":"5dc6e186-bcf0-402f-85f6-2354acd345b3","local_time":"20201223035604","is_ascension_mode":true,"campfire_choices":[{"floor":6,"key":"REST"}],"circlet_count":0,"master_deck":["AscendersBane","Strike_R","Strike_R","Strike_R","Defend_R","Defend_R","Defend_R","Defend_R","Bash","Searing Blow","Dark Embrace","Entrench","True Grit","Sever Soul","Doubt","Rage"],"relics":["Burning Blood"],"acts_visited":["Exordium"],"potions_floor_usage":[5,5,7],"damage_taken":[{"damage":12.0,"enemies":"Cultist","floor":1.0,"turns":4.0},{"damage":23.0,"enemies":"Small Slimes","floor":2.0,"turns":4.0},{"damage":10.0,"enemies":"Jaw Worm","floor":3.0,"turns":4.0},{"damage":27,"enemies":"Gremlin Gang","floor":5,"turns":5},{"damage":48,"enemies":"3 Sentries","floor":7,"turns":4}],"seed_played":"-416121046777295123","potions_obtained":[{"floor":1.0,"key":"Strength Potion"},{"floor":3.0,"key":"BlessingOfTheForge"},{"floor":5,"key":"FearPotion"}],"is_trial":false,"path_per_floor":["M","M","M","?","M","R","E"],"character_chosen":"IRONCLAD","items_purchased":[],"campfire_rested":1,"item_purchase_floors":[],"current_hp_per_floor":[62,45,41,41,20,40,0,0],"gold":310,"neow_bonus":"TRANSFORM_TWO_CARDS","is_daily":false,"chose_seed":false,"campfire_upgraded":0,"win_rate":0.0,"timestamp":1608713764,"path_taken":["M","M","?","?","M","R","E"],"items_purchased_type":[],"build_version":"2020-12-22","purchased_purges":0,"victory":false,"max_hp_per_floor":[68,68,68,68,68,68,68,68],"card_choices":[{"not_picked":["Dropkick","Armaments"],"picked":"Entrench","floor":1.0},{"not_picked":["Burning Pact","Reckless Charge"],"picked":"True Grit","floor":2.0},{"not_picked":["Sever Soul","Armaments","Pommel Strike"],"picked":"SKIP","floor":3.0},{"not_picked":["Armaments","Pommel Strike"],"picked":"Sever Soul","floor":3.0},{"not_picked":["Perfected Strike","Anger"],"picked":"Rage","floor":5}],"player_experience":470391,"relics_obtained":[],"event_choices":[{"damage_healed":0.0,"max_hp_gain":0.0,"max_hp_loss":0.0,"gold_gain":150.0,"event_name":"Liars Game","player_choice":"AGREE","floor":4.0,"gold_loss":0.0,"damage_taken":0.0,"cards_obtained":["Doubt"]}],"is_beta":false,"boss_relics":[],"items_purged_floors":[],"is_endless":false,"potions_floor_spawned":[1,3,5],"killed_by":"3 Sentries","ascension_level":20}}