{"host":"ged1bqtamtf4sn4x","time":1608751977,"event":{"mods":["BaseMod","Colored Map","DeckTracker","Highlight Path","Keyboard Shortcuts","Minty Spire (QoL Compilation)","Permanent Neow","Quick Restart","SuperFastMode","everything is the same but u backflip on backflip"],"gold_per_floor":[114,114,128,17,17,17,31,31,31,43,43,58,72,86,86,163,163,123,143,161,161,161],"floor_reached":21,"playtime":516,"items_purged":["Regret"],"score":350,"play_id":"b1e55f84-d8c8-4a43-9ae7-34dcc224da0d","local_time":"20201224043257","is_ascension_mode":true,"campfire_choices":[{"data":"Armaments","floor":6.0,"key":"SMITH"},{"data":"Flame Barrier","floor":11.0,"key":"SMITH"},{"data":"Entrench","floor":15.0,"key":"SMITH"}],"circlet_count":0,"master_deck":["AscendersBane","Strike_R","Strike_R","Strike_R","Defend_R","Defend_R","Defend_R","Defend_R","Bash","Wild Strike","Armaments+1","Flame Barrier+1","Second Wind","Sentinel","Entrench+1","Berserk","Battle Trance"],"relics":["Burning Blood","StoneCalendar","Tiny Chest","WarpedTongs","Mercury Hourglass","Empty Cage"],"acts_visited":["Exordium","TheCity"],"potions_floor_usage":[20],"damage_taken":[{"damage":5.0,"enemies":"2 Louse","floor":1.0,"turns":4.0},{"damage":5.0,"enemies":"Jaw Worm","floor":3.0,"turns":3.0},{"damage":2.0,"enemies":"Cultist","floor":7.0,"turns":4.0},{"damage":0.0,"enemies":"2 Fungi Beasts","floor":10.0,"turns":3.0},{"damage":23.0,"enemies":"Exordium Thugs","floor":12.0,"turns":5.0},{"damage":2.0,"enemies":"Red Slaver","floor":13.0,"turns":3.0},{"damage":4.0,"enemies":"2 Fungi Beasts","floor":14.0,"turns":3.0},{"damage":52.0,"enemies":"Hexaghost","floor":16.0,"turns":10.0},{"damage":20.0,"enemies":"2 Thieves","floor":18.0,"turns":5.0},{"damage":0.0,"enemies":"3 Byrds","floor":19.0,"turns":3.0},{"damage":38,"enemies":"Shelled Parasite and Fungi","floor":20,"turns":7},{"damage":14,"enemies":"Centurion and Healer","floor":21,"turns":1}],"seed_played":"3095837400971381975","potions_obtained":[{"floor":3.0,"key":"SpeedPotion"},{"floor":12.0,"key":"CultistPotion"},{"floor":16.0,"key":"Dexterity Potion"},{"floor":19.0,"key":"DuplicationPotion"}],"is_trial":false,"path_per_floor":["M","?","M","$","?","R","M","?","T","M","R","M","M","M","R","B",null,"M","M","M","M"],"character_chosen":"IRONCLAD","items_purchased":["Flame Barrier"],"campfire_rested":0,"item_purchase_floors":[4],"current_hp_per_floor":[68,68,68,68,68,68,68,61,61,67,67,50,54,56,56,10,54,40,46,14,0,0],"gold":161,"neow_bonus":"ONE_RARE_RELIC","is_daily":false,"chose_seed":false,"campfire_upgraded":3,"win_rate":0.0,"timestamp":1608751977,"path_taken":["M","?","M","$","?","R","?","?","T","M","R","M","M","M","R","BOSS","M","M","M","M"],"items_purchased_type":["Card"],"build_version":"2020-12-22","purchased_purges":1,"victory":false,"max_hp_per_floor":[68,68,68,68,68,68,68,68,68,68,68,68,68,68,68,68,68,68,68,68,68,68],"card_choices":[{"not_picked":["Perfected Strike","Rage"],"picked":"Wild Strike","floor":1.0},{"not_picked":["Evolve","Iron Wave"],"picked":"Armaments","floor":3.0},{"not_picked":["Demon Form","Pummel"],"picked":"Second Wind","floor":7.0},{"not_picked":["Perfected Strike","Headbutt","Armaments"],"picked":"SKIP","floor":10.0},{"not_picked":["Dropkick","Sword Boomerang","Headbutt"],"picked":"SKIP","floor":12.0},{"not_picked":["Flex","True Grit"],"picked":"Sentinel","floor":13.0},{"not_picked":["Clothesline","Sword Boomerang"],"picked":"Entrench","floor":14.0},{"not_picked":["Fiend Fire","Reaper"],"picked":"Berserk","floor":16.0},{"not_picked":["Sever Soul","Rupture"],"picked":"Battle Trance","floor":18.0},{"not_picked":["Heavy Blade+1","Anger","Thunderclap+1"],"picked":"SKIP","floor":19.0},{"not_picked":["Armaments","Clothesline","Anger"],"picked":"SKIP","floor":20}],"player_experience":392819,"relics_obtained":[{"floor":9.0,"key":"Mercury Hourglass"}],"event_choices":[{"damage_healed":0.0,"max_hp_gain":0.0,"max_hp_loss":0.0,"gold_gain":0.0,"event_name":"Big Fish","player_choice":"Box","floor":2.0,"gold_loss":0.0,"damage_taken":0.0,"relics_obtained":["Tiny Chest"],"cards_obtained":["Regret"]},{"damage_healed":0.0,"max_hp_gain":0.0,"max_hp_loss":0.0,"gold_gain":0.0,"event_name":"Accursed Blacksmith","player_choice":"Rummage","floor":5.0,"gold_loss":0.0,"damage_taken":0.0,"relics_obtained":["WarpedTongs"],"cards_obtained":["Pain"]},{"cards_removed":["Pain"],"damage_healed":0.0,"max_hp_gain":0.0,"max_hp_loss":0.0,"gold_gain":0.0,"event_name":"Golden Wing","player_choice":"Card Removal","floor":8.0,"gold_loss":0.0,"damage_taken":7.0}],"is_beta":false,"boss_relics":[{"not_picked":["Runic Dome","Busted Crown"],"picked":"Empty Cage"}],"items_purged_floors":[4],"is_endless":false,"potions_floor_spawned":[3,12,13,16,19],"killed_by":"Centurion and Healer","ascension_level":20}}