{"host":"ssbj2e5691x5ub3h","time":1608753019,"event":{"mods":["BaseMod","Duelist Mod","Minty Spire (QoL Compilation)","StSLib"],"gold_per_floor":[141,141,217,217,236,236,262,276,276,295,309,53,65,85,85,180,180,200,217,217,228,243,243,256,275,330,357,367,367,367],"floor_reached":29,"playtime":1651,"items_purged":[],"score":291,"play_id":"d32f8b75-79bc-4528-a4da-38c90078d94b","local_time":"20201223175019","is_ascension_mode":true,"campfire_choices":[{"data":"theDuelist:TimeWizard","floor":6,"key":"SMITH"},{"floor":15,"key":"REST"},{"floor":23,"key":"REST"}],"circlet_count":0,"master_deck":["theDuelist:CastleWalls","theDuelist:CastleWalls","theDuelist:DarkMagician","theDuelist:MysticalElf","theDuelist:MysticalElf","theDuelist:NeoMagic","theDuelist:NeoMagic","theDuelist:Sparks","theDuelist:Sparks","theDuelist:Sparks","theDuelist:TimeWizard+1","theDuelist:GeminiElf","theDuelist:ThousandEyesRestrict","theDuelist:FairyBox","theDuelist:Yami","theDuelist:Yami","theDuelist:ApprenticeIllusionMagician","theDuelist:InfernoFireBlast","theDuelist:ApprenticeIllusionMagician","theDuelist:GrandSpellbookTower","theDuelist:DarkHorizon","theDuelist:StatueAnguishPattern+1","theDuelist:InjectionFairy+1","theDuelist:DarkMagicianGirl+1","theDuelist:InjectionFairy","theDuelist:WitchBlackRose","theDuelist:LegendaryFlameLord+1","theDuelist:ThousandEyesIdol","theDuelist:InjectionFairy"],"relics":["theDuelist:MillenniumPuzzle","theDuelist:CardPoolRelic","theDuelist:CardPoolBasicRelic","theDuelist:BoosterPackPoolRelic","theDuelist:CardPoolAddRelic","theDuelist:CardPoolMinusRelic","theDuelist:CardPoolSaveRelic","theDuelist:CardPoolOptionsRelic","theDuelist:InversionEvokeRelic","Prayer Wheel","theDuelist:MillenniumRing","Cables","theDuelist:GamblerChip","theDuelist:DuelistOrichalcum","Ancient Tea Set"],"acts_visited":["Exordium","TheCity"],"potions_floor_usage":[7,7,16,28],"damage_taken":[{"damage":0,"enemies":"Cultist","floor":1,"turns":4},{"damage":2,"enemies":"2 Louse","floor":5,"turns":3},{"damage":6,"enemies":"Gremlin Nob","floor":7,"turns":4},{"damage":1,"enemies":"Jaw Worm","floor":8,"turns":4},{"damage":14,"enemies":"3 Louse","floor":10,"turns":5},{"damage":2,"enemies":"Red Slaver","floor":11,"turns":2},{"damage":0,"enemies":"Blue Slaver","floor":13,"turns":4},{"damage":3,"enemies":"Looter","floor":14,"turns":4},{"damage":37,"enemies":"Slime Boss","floor":16,"turns":6},{"damage":18,"enemies":"3 Byrds","floor":18,"turns":3},{"damage":24,"enemies":"2 Thieves","floor":19,"turns":4},{"damage":16,"enemies":"Snecko","floor":21,"turns":4},{"damage":7,"enemies":"3 Cultists","floor":22,"turns":5},{"damage":8,"enemies":"Snake Plant","floor":24,"turns":4},{"damage":21,"enemies":"Shelled Parasite and Fungi","floor":25,"turns":6},{"damage":11,"enemies":"Book of Stabbing","floor":27,"turns":4},{"damage":10,"enemies":"3 Cultists","floor":28,"turns":3},{"damage":32,"enemies":"Snake Plant","floor":29,"turns":3}],"seed_played":"1603767003587719673","potions_obtained":[{"floor":0,"key":"theDuelist:SummonFuryPotion"},{"floor":0,"key":"theDuelist:BarricadePotion"},{"floor":0,"key":"theDuelist:VoidBottle"},{"floor":7,"key":"theDuelist:BigOrbBottle"},{"floor":11,"key":"Ancient Potion"},{"floor":19,"key":"theDuelist:MegaupgradePotion"}],"is_trial":false,"path_per_floor":["M","?","?","?","M","R","E","M","T","M","M","$","M","M","R","B",null,"M","M","?","M","M","R","M","M","T","E","M","M"],"character_chosen":"THE_DUELIST","items_purchased":["Cables"],"campfire_rested":2,"item_purchase_floors":[12],"current_hp_per_floor":[80,77,77,77,75,75,69,68,68,54,52,52,52,49,73,36,80,62,38,38,22,25,49,50,38,38,31,26,0,0],"gold":367,"neow_bonus":"THREE_SMALL_POTIONS","is_daily":false,"chose_seed":false,"campfire_upgraded":1,"win_rate":0.0,"timestamp":1608753019,"path_taken":["M","?","?","?","M","R","E","M","T","?","M","?","?","M","R","BOSS","M","M","?","?","?","R","M","M","T","E","M","M"],"items_purchased_type":["Relic"],"build_version":"2020-12-22","purchased_purges":0,"victory":false,"max_hp_per_floor":[80,80,80,80,80,80,80,80,80,80,80,80,80,80,80,80,80,80,80,80,80,80,80,80,80,80,80,80,80,80],"card_choices":[{"not_picked":["theDuelist:SpellShatteringArrow","theDuelist:BlizzardWarrior","theDuelist:ExodiaLL","theDuelist:Mudballman"],"picked":"theDuelist:TimeWizard","floor":1},{"not_picked":["theDuelist:BlizzardWarrior","theDuelist:DarkMagician","theDuelist:DarkMagicianGirl","theDuelist:ThousandEyesIdol"],"picked":"theDuelist:GeminiElf","floor":5},{"not_picked":["theDuelist:SangaWater","theDuelist:QueenDragunDjinn","theDuelist:SwordsRevealing","theDuelist:ExodiaHead"],"picked":"theDuelist:ThousandEyesRestrict","floor":7},{"not_picked":["theDuelist:NeoMagic","theDuelist:AncientElf","theDuelist:LordD","theDuelist:BookSecret"],"picked":"theDuelist:FairyBox","floor":8},{"not_picked":["theDuelist:MagiciansRobe","theDuelist:MindAir","theDuelist:WonderWand"],"picked":"theDuelist:Yami","floor":8},{"not_picked":["theDuelist:SpellShatteringArrow","theDuelist:LordD","theDuelist:ExodiaLL","theDuelist:CallAtlanteans","theDuelist:AltarTribute"],"picked":"SKIP","floor":10},{"not_picked":["theDuelist:SangaThunder","theDuelist:WhiteMagicalHat","theDuelist:BlizzardWarrior","theDuelist:LordD","theDuelist:InfernoFireBlast"],"picked":"SKIP","floor":10},{"not_picked":["theDuelist:MagiciansRod","theDuelist:MindAir","theDuelist:TimeWizard","theDuelist:VoidExpansion"],"picked":"theDuelist:Yami","floor":11},{"not_picked":["theDuelist:BlizzardWarrior","theDuelist:DarkMagicianGirl","theDuelist:FlyingSaucer","theDuelist:SpellShatteringArrow","theDuelist:LegendaryFlameLord"],"picked":"SKIP","floor":11},{"not_picked":["theDuelist:DarkPaladin","theDuelist:TimeWizard","theDuelist:Relinquished","theDuelist:RainbowDarkDragon"],"picked":"theDuelist:ApprenticeIllusionMagician","floor":13},{"not_picked":["theDuelist:SilentDoom","theDuelist:MagicalBlast","theDuelist:GuardianAngel","theDuelist:FogKing","theDuelist:Wildfire"],"picked":"SKIP","floor":13},{"not_picked":["theDuelist:DiffusionWaveMotion","theDuelist:MagiciansRod","theDuelist:GoblinSecret","theDuelist:SpellShatteringArrow"],"picked":"theDuelist:InfernoFireBlast","floor":14},{"not_picked":["theDuelist:Wildfire+1","theDuelist:SilentDoom+1","theDuelist:InfernoFireBlast+1","theDuelist:ExodiaHead"],"picked":"theDuelist:ApprenticeIllusionMagician","floor":14},{"not_picked":["theDuelist:QueenDragunDjinn","theDuelist:VoidVanishment","theDuelist:ThousandEyesRestrict","theDuelist:IceQueen"],"picked":"theDuelist:GrandSpellbookTower","floor":16},{"not_picked":["theDuelist:Wildfire","theDuelist:RainbowDarkDragon","theDuelist:QueenDragunDjinn","theDuelist:VoidVanishment"],"picked":"theDuelist:GateGuardian+1","floor":18},{"not_picked":["theDuelist:BlizzardPrincess+1","theDuelist:RainbowMagician","theDuelist:SangaWater"],"picked":"SKIP","floor":18},{"not_picked":["theDuelist:AltarTribute+1","theDuelist:FairyBox","theDuelist:IcyCrevasse","theDuelist:BadReaction"],"picked":"theDuelist:DarkHorizon","floor":19},{"not_picked":["theDuelist:AltarTribute+1","theDuelist:FairyBox","theDuelist:IcyCrevasse","theDuelist:Graverobber"],"picked":"theDuelist:StatueAnguishPattern+1","floor":19},{"not_picked":["theDuelist:NeoMagic","theDuelist:SpiritHarp","theDuelist:Illusionist","theDuelist:SangaEarth"],"picked":"theDuelist:InjectionFairy+1","floor":21},{"not_picked":["theDuelist:NeoMagic","theDuelist:DarkMagician","theDuelist:ExodiaLL","theDuelist:FlyingSaucer+1"],"picked":"theDuelist:DarkMagicianGirl+1","floor":21},{"not_picked":["theDuelist:Mudballman","theDuelist:ExodiaLL","theDuelist:DarkMagician","theDuelist:FogKing"],"picked":"theDuelist:InjectionFairy","floor":22},{"not_picked":["Dramatic Entrance","Magnetism","Purity","Secret Weapon+1"],"picked":"SKIP","floor":22},{"not_picked":["theDuelist:SkilledDarkMagician","theDuelist:SpellShatteringArrow","theDuelist:FlyingSaucer","theDuelist:AncientElf"],"picked":"theDuelist:WitchBlackRose","floor":24},{"not_picked":["theDuelist:LegendaryExodia+1","theDuelist:SangaWater+1"],"picked":"theDuelist:LegendaryFlameLord+1","floor":24},{"not_picked":["theDuelist:SangaThunder","theDuelist:NeoMagic","theDuelist:ExodiaLL","theDuelist:ExodiaRA"],"picked":"theDuelist:ThousandEyesIdol","floor":25},{"not_picked":["theDuelist:WhiteHowling+1","theDuelist:StatueAnguishPattern","theDuelist:DarkHorizon","theDuelist:Graverobber","theDuelist:BadReaction"],"picked":"SKIP","floor":25},{"not_picked":["theDuelist:SangaThunder","theDuelist:ExodiaRL+1","theDuelist:ThousandEyesIdol","theDuelist:SpellShatteringArrow"],"picked":"theDuelist:BlueDragonSummoner","floor":27},{"not_picked":["theDuelist:SangaThunder","theDuelist:NeoMagic","theDuelist:DarkMagician","theDuelist:SilentDoom+1"],"picked":"theDuelist:InjectionFairy","floor":28},{"not_picked":["theDuelist:SpellShatteringArrow","theDuelist:BlueDragonSummoner","theDuelist:LordD","theDuelist:CallAtlanteans","theDuelist:NeoMagic+1"],"picked":"SKIP","floor":28}],"player_experience":191763,"relics_obtained":[{"floor":7,"key":"Prayer Wheel"},{"floor":9,"key":"theDuelist:MillenniumRing"},{"floor":26,"key":"theDuelist:DuelistOrichalcum"},{"floor":27,"key":"Ancient Tea Set"}],"event_choices":[{"damage_healed":0,"gold_gain":0,"player_choice":"Success","damage_taken":3,"relics_obtained":["theDuelist:InversionEvokeRelic"],"max_hp_gain":0,"max_hp_loss":0,"event_name":"Scrap Ooze","floor":2,"gold_loss":0},{"damage_healed":0,"gold_gain":76,"player_choice":"Gained Gold","damage_taken":0,"max_hp_gain":0,"max_hp_loss":0,"event_name":"Golden Wing","floor":3,"gold_loss":0},{"total_magic_score":19,"gold_gain":0,"duelist":true,"damage_taken":0,"relics_obtained":[],"points":2,"max_hp_gain":0,"max_hp_loss":0,"spent_points":{"magic":0,"greed":1,"war":0,"power":1,"hunger":0},"event_name":"Nameless Tomb","floor":4,"gold_loss":0,"cards_obtained":[]},{"damage_healed":0,"gold_gain":0,"player_choice":"Leave","duelist":true,"damage_taken":0,"max_hp_gain":0,"max_hp_loss":0,"event_name":"Visit from Anubis","floor":20,"gold_loss":0}],"is_beta":false,"boss_relics":[{"not_picked":["Empty Cage","HoveringKite"],"picked":"theDuelist:GamblerChip"}],"items_purged_floors":[],"is_endless":false,"potions_floor_spawned":[5,7,11,19,22,27],"killed_by":"Snake Plant","ascension_level":3}}