{"host":"ktoxvvst1mwxww91","time":1608727766,"event":{"mods":["BaseMod","Hermit","Minty Spire (QoL Compilation)","StSLib","The Hierophant","The Mystic","The Necromancer"],"gold_per_floor":[109,20,20,20,95,95,134,147,147,167,191,191,222,241,241,334,334,334,334],"floor_reached":18,"playtime":634,"items_purged":[],"score":361,"play_id":"b72eeb33-f846-4d4a-9b42-4411804ba80a","local_time":"20201223134926","is_ascension_mode":true,"campfire_choices":[{"data":"Capacitor","floor":6,"key":"SMITH"},{"data":"Hologram","floor":12,"key":"SMITH"},{"floor":15,"key":"REST"}],"circlet_count":0,"master_deck":["AscendersBane","Strike_B","Strike_B","Strike_B","Strike_B+1","Defend_B+1","Defend_B","Defend_B","Defend_B","Zap","Dualcast","Glacier","Capacitor+1","Cold Snap","Melter","Hologram+1","Leap","Cold Snap","Buffer"],"relics":["Cracked Core","NeowsBlessing","Golden Idol","Vajra","MealTicket","Anchor","Nuclear Battery"],"acts_visited":["Exordium","TheCity"],"potions_floor_usage":[7,13,13,16],"damage_taken":[{"damage":0,"enemies":"Small Slimes","floor":1,"turns":1},{"damage":0,"enemies":"Gremlin Nob","floor":7,"turns":1},{"damage":0,"enemies":"Jaw Worm","floor":8,"turns":1},{"damage":0,"enemies":"2 Louse","floor":10,"turns":2},{"damage":2,"enemies":"Large Slime","floor":11,"turns":8},{"damage":4,"enemies":"Lagavulin","floor":13,"turns":12},{"damage":6,"enemies":"2 Fungi Beasts","floor":14,"turns":4},{"damage":30,"enemies":"Hexaghost","floor":16,"turns":21},{"damage":39,"enemies":"3 Byrds","floor":18,"turns":5}],"seed_played":"-5035794138951610398","potions_obtained":[{"floor":1,"key":"GamblersBrew"},{"floor":8,"key":"SpeedPotion"},{"floor":11,"key":"SpeedPotion"},{"floor":14,"key":"SpeedPotion"}],"is_trial":false,"path_per_floor":["M","$","?","?","?","R","E","M","T","M","M","R","E","M","R","B",null,"M"],"character_chosen":"DEFECT","items_purchased":["Capacitor"],"campfire_rested":1,"item_purchase_floors":[2],"current_hp_per_floor":[64,64,43,43,32,32,32,32,32,32,30,30,26,20,39,9,50,11,11],"gold":334,"neow_bonus":"THREE_ENEMY_KILL","is_daily":false,"chose_seed":false,"campfire_upgraded":2,"win_rate":0.0,"timestamp":1608727766,"path_taken":["M","$","?","?","?","R","E","M","T","M","M","R","E","M","R","BOSS","M"],"items_purchased_type":["Card"],"build_version":"2020-12-22","purchased_purges":0,"victory":false,"max_hp_per_floor":[71,71,71,64,64,64,64,64,64,64,64,64,64,64,64,64,64,64,64],"card_choices":[{"not_picked":["Beam Cell","Hologram"],"picked":"Glacier","floor":1},{"not_picked":["Biased Cognition","Static Discharge","Force Field"],"picked":"SKIP","floor":7},{"not_picked":["Leap","Melter"],"picked":"Cold Snap","floor":8},{"not_picked":["Hologram","Reinforced Body"],"picked":"Melter","floor":10},{"not_picked":["Beam Cell","Aggregate"],"picked":"Hologram","floor":11},{"not_picked":["Fusion","Storm"],"picked":"Leap","floor":13},{"not_picked":["Stack","Fusion"],"picked":"Cold Snap","floor":14},{"not_picked":["Thunder Strike","Creative AI"],"picked":"Buffer","floor":16}],"player_experience":921580,"relics_obtained":[{"floor":7,"key":"Vajra"},{"floor":9,"key":"MealTicket"},{"floor":13,"key":"Anchor"}],"event_choices":[{"damage_healed":0,"gold_gain":0,"player_choice":"Entered Light","damage_taken":21,"max_hp_gain":0,"max_hp_loss":0,"event_name":"Shining Light","floor":3,"gold_loss":0,"cards_upgraded":["Defend_B","Strike_B"]},{"damage_healed":0,"gold_gain":0,"player_choice":"Lose Max HP","damage_taken":0,"relics_obtained":["Golden Idol"],"max_hp_gain":0,"max_hp_loss":7,"event_name":"Golden Idol","floor":4,"gold_loss":0},{"damage_healed":0,"gold_gain":75,"player_choice":"Gather Gold","damage_taken":11,"max_hp_gain":0,"max_hp_loss":0,"event_name":"World of Goop","floor":5,"gold_loss":0}],"is_beta":false,"boss_relics":[{"not_picked":["SacredBark","Runic Dome"],"picked":"Nuclear Battery"}],"items_purged_floors":[],"is_endless":false,"potions_floor_spawned":[1,8,11,14],"killed_by":"3 Byrds","ascension_level":17}}