{"host":"lh9qfzqeqctr28d2","time":1608715398,"event":{"mods":["BaseMod","Minty Spire (QoL Compilation)","Quick Restart","Relic Stats","Remilia£®¿Ÿ√◊¿Ú—«£©","StSLib"],"gold_per_floor":[109,184,184,204,204,204,204,204,204,224,224,257,277,308,308,413,413,430,440,355,380,396,422,437,62,62,161,86,112,123,134,134,235,235,250,267,277,44,44,44,44,75,100,100,145,145,145,156,156,156],"floor_reached":51,"playtime":4062,"items_purged":[],"score":884,"play_id":"e98b73b9-0721-4171-b66b-4a83b65c19f5","local_time":"20201223172318","is_ascension_mode":true,"campfire_choices":[{"data":"CurseOfVladTepes","floor":6,"key":"SMITH"},{"data":"SuperhumanBloodyKnife","floor":11,"key":"SMITH"},{"data":"RedMoon","floor":15,"key":"SMITH"},{"data":"DemonKingCradle","floor":32,"key":"SMITH"},{"data":"TransientEternity","floor":40,"key":"SMITH"},{"data":"BloodAndWine","floor":47,"key":"SMITH"},{"data":"BloodHunter","floor":49,"key":"SMITH"}],"circlet_count":0,"master_deck":["Strike_RM+1","Strike_RM+1","Defend_RM","Defend_RM","Defend_RM","Defend_RM","RedMoon+1","ScarletShoot","FitfulNightmare","NightLord","SuperhumanBloodyKnife+1","ScarletDevil","LeisurelyOfLord","DemonKingCradle+1","EternalNight+1","ScarletGensokyo+1","BombardNight+1","BloodAndWine+1","BloodHunter+1","TransientEternity+1","ScarletNetherworld+1","UnderTheZenith+1"],"relics":["ScarletHat","Bag of Marbles","Whetstone","TypeBBloodRedTea","TungstenRod","APieceOfRedMist","The Courier","Red Mask","Omamori","HandDrill","Dead Branch","Darkstone Periapt","Pantograph","ScarletEmblem","Calipers","FairyMaid","Juzu Bracelet","Vajra","Ginger"],"acts_visited":["Exordium","TheCity","TheBeyond"],"potions_floor_usage":[16,21,31,33,33,42,42,42,45,50,50],"damage_taken":[{"damage":0,"enemies":"2 Louse","floor":1,"turns":3},{"damage":0,"enemies":"Jaw Worm","floor":4,"turns":9},{"damage":0,"enemies":"Small Slimes","floor":10,"turns":3},{"damage":14,"enemies":"Gremlin Nob","floor":12,"turns":5},{"damage":0,"enemies":"Exordium Thugs","floor":13,"turns":2},{"damage":3,"enemies":"Lagavulin","floor":14,"turns":5},{"damage":23,"enemies":"The Guardian","floor":16,"turns":7},{"damage":10,"enemies":"3 Byrds","floor":18,"turns":7},{"damage":0,"enemies":"Chosen","floor":19,"turns":3},{"damage":15,"enemies":"Masked Bandits","floor":21,"turns":4},{"damage":5,"enemies":"Centurion and Healer","floor":22,"turns":6},{"damage":18,"enemies":"Gremlin Leader","floor":23,"turns":7},{"damage":0,"enemies":"Cultist and Chosen","floor":24,"turns":2},{"damage":0,"enemies":"Slavers","floor":29,"turns":2},{"damage":5,"enemies":"Snake Plant","floor":30,"turns":2},{"damage":0,"enemies":"Chosen and Byrds","floor":31,"turns":2},{"damage":8,"enemies":"Automaton","floor":33,"turns":7},{"damage":32,"enemies":"3 Shapes","floor":35,"turns":4},{"damage":0,"enemies":"Orb Walker","floor":36,"turns":2},{"damage":11,"enemies":"Spire Growth","floor":37,"turns":3},{"damage":25,"enemies":"Reptomancer","floor":42,"turns":4},{"damage":0,"enemies":"2 Orb Walkers","floor":45,"turns":2},{"damage":0,"enemies":"3 Darklings","floor":48,"turns":1},{"damage":43,"enemies":"Time Eater","floor":50,"turns":7}],"seed_played":"-5983047302934067793","potions_obtained":[{"floor":10,"key":"SkillPotion"},{"floor":12,"key":"SmokeBomb"},{"floor":16,"key":"Regen Potion"},{"floor":21,"key":"DestinyDice"},{"floor":24,"key":"Energy Potion"},{"floor":31,"key":"EntropicBrew"},{"floor":35,"key":"SkillPotion"},{"floor":42,"key":"AttackPotion"},{"floor":45,"key":"EssenceOfSteel"},{"floor":48,"key":"Strength Potion"}],"is_trial":false,"path_per_floor":["M","?","?","M","$","R","?","?","T","M","R","E","M","E","R","B",null,"M","M","?","?","M","E","M","$","T","?","?","E","M","M","R","B",null,"M","M","M","$","?","R","T","E","T","$","?","?","R","M","R","B",null],"character_chosen":"REMILIA","items_purchased":["HandDrill","Dead Branch","Calipers"],"campfire_rested":0,"item_purchase_floors":[25,25,38],"current_hp_per_floor":[75,64,57,59,59,59,52,85,85,85,85,71,74,77,77,69,85,84,85,85,70,74,68,71,71,71,71,71,74,75,81,81,77,85,57,64,67,67,67,67,67,62,62,62,80,80,80,85,85,72],"gold":156,"neow_bonus":"ONE_RANDOM_RARE_CARD","is_daily":false,"chose_seed":false,"campfire_upgraded":7,"win_rate":0.0,"timestamp":1608715398,"path_taken":["M","?","?","M","?","R","?","?","T","M","R","E","?","E","R","BOSS","M","M","?","?","M","E","M","$","T","?","?","E","M","M","R","BOSS","M","M","M","$","?","R","?","E","T","?","?","?","R","M","R","BOSS"],"items_purchased_type":["Relic","Relic","Relic"],"build_version":"2020-12-22","purchased_purges":0,"victory":true,"max_hp_per_floor":[75,75,75,75,75,75,75,85,85,85,85,85,85,85,85,85,85,85,85,85,85,85,85,85,85,85,85,85,85,85,85,85,85,85,85,85,85,85,85,85,85,85,85,85,85,85,85,85,85,85],"relic_stats":{"Darkstone Periapt":0,"counters":[24,99],"Dead Branch":[64],"Pantograph":4,"HandDrill":[12],"Juzu Bracelet":1,"Whetstone":["Strike_RM","Strike_RM"],"Ginger":[6],"obtain_stats":[{"Darkstone Periapt":26,"TypeBBloodRedTea":12,"Calipers":38,"Dead Branch":25,"Vajra":43,"FairyMaid":41,"The Courier":20,"Omamori":23,"Juzu Bracelet":42,"Whetstone":9,"ScarletEmblem":34,"Ginger":45,"ScarletHat":0,"APieceOfRedMist":17,"Pantograph":29,"Bag of Marbles":7,"Red Mask":21,"HandDrill":25,"TungstenRod":14},{"Darkstone Periapt":13,"TypeBBloodRedTea":4,"Calipers":20,"Dead Branch":13,"Vajra":21,"FairyMaid":20,"The Courier":9,"Omamori":12,"Juzu Bracelet":21,"Whetstone":2,"ScarletEmblem":17,"Ginger":22,"ScarletHat":0,"APieceOfRedMist":7,"Pantograph":14,"Bag of Marbles":2,"Red Mask":10,"HandDrill":13,"TungstenRod":6},{"Darkstone Periapt":63,"TypeBBloodRedTea":20,"Calipers":85,"Dead Branch":63,"Vajra":89,"FairyMaid":85,"The Courier":44,"Omamori":61,"Juzu Bracelet":89,"Whetstone":12,"ScarletEmblem":76,"Ginger":91,"ScarletHat":0,"APieceOfRedMist":34,"Pantograph":65,"Bag of Marbles":12,"Red Mask":48,"HandDrill":63,"TungstenRod":27}],"TungstenRod":47},"card_choices":[{"not_picked":["UnstableMagic","EmergencyRegeneration"],"picked":"FitfulNightmare","floor":1},{"not_picked":["BlasphemousPunishment","ScarletNetherworld"],"picked":"NightLord","floor":4},{"not_picked":["ScarletGensokyo","ScarletImprint"],"picked":"SuperhumanBloodyKnife","floor":10},{"not_picked":["BloodyMagicSquare","BlasphemousPunishment"],"picked":"Stigmanizer","floor":12},{"not_picked":["FavorOfDestiny","EndlessAdversity"],"picked":"ScarletDevil","floor":13},{"not_picked":["MastersStateliness","ForbiddenFruit"],"picked":"LeisurelyOfLord","floor":14},{"not_picked":["ChaoticDestiny","HellCatastrophe"],"picked":"DemonKingCradle","floor":16},{"not_picked":["ScarletImprint","Stigmanizer","UnstableMagic"],"picked":"SKIP","floor":18},{"not_picked":["BloodyMagicSquare","FavorOfDestiny"],"picked":"EternalNight+1","floor":19},{"not_picked":["NightDance","CharismaGuard+1"],"picked":"ScarletGensokyo+1","floor":21},{"not_picked":["RedNightlessCastle","NightLord+1","FavorOfDestiny"],"picked":"SKIP","floor":22},{"not_picked":["VampireSweep","UnstableMagic","BadLadyScramble"],"picked":"SKIP","floor":23},{"not_picked":["BloodAndWine","UnstableMagic+1"],"picked":"BombardNight+1","floor":24},{"not_picked":["DemonKingCradle","UnstableMagic+1"],"picked":"BloodAndWine","floor":29},{"not_picked":["LeisurelyOfLord","UltimateOffering","UnstableMagic"],"picked":"SKIP","floor":30},{"not_picked":["FitfulNightmare","Maim"],"picked":"BloodHunter","floor":31},{"not_picked":["BloodRain","CeilingFear"],"picked":"TransientEternity","floor":33},{"not_picked":["ScarletDevil","EndlessAdversity","NightLord"],"picked":"SKIP","floor":35},{"not_picked":["UnstableMagic+1","BlasphemousPunishment","VampireClaw"],"picked":"SKIP","floor":36},{"not_picked":["BombardNight+1","EmergencyRegeneration+1","BadLadyScramble+1"],"picked":"SKIP","floor":37},{"not_picked":["DevilSight","Stigmanizer"],"picked":"ScarletNetherworld","floor":42},{"not_picked":["StarOfDavid+1","UnstableMagic"],"picked":"UnderTheZenith+1","floor":45},{"not_picked":["SuperhumanBloodyKnife","ChaoticDestiny","FitfulNightmare"],"picked":"SKIP","floor":48}],"player_experience":349768,"relics_obtained":[{"floor":9,"key":"Whetstone"},{"floor":12,"key":"TypeBBloodRedTea"},{"floor":14,"key":"TungstenRod"},{"floor":21,"key":"Red Mask"},{"floor":23,"key":"Omamori"},{"floor":26,"key":"Darkstone Periapt"},{"floor":29,"key":"Pantograph"},{"floor":41,"key":"FairyMaid"},{"floor":42,"key":"Juzu Bracelet"},{"floor":43,"key":"Vajra"},{"floor":45,"key":"Ginger"}],"event_choices":[{"damage_healed":0,"gold_gain":75,"player_choice":"Gather Gold","damage_taken":11,"max_hp_gain":0,"max_hp_loss":0,"event_name":"World of Goop","floor":2,"gold_loss":0},{"cards_removed":["Strike_RM"],"damage_healed":0,"gold_gain":0,"player_choice":"Card Removal","damage_taken":7,"max_hp_gain":0,"max_hp_loss":0,"event_name":"Golden Wing","floor":3,"gold_loss":0},{"damage_healed":0,"gold_gain":0,"player_choice":"Success","damage_taken":7,"relics_obtained":["Bag of Marbles"],"max_hp_gain":0,"max_hp_loss":0,"event_name":"Scrap Ooze","floor":7,"gold_loss":0},{"cards_removed":["CurseOfVladTepes"],"damage_healed":23,"gold_gain":0,"player_choice":"Offered Rare","damage_taken":0,"max_hp_gain":10,"max_hp_loss":0,"event_name":"Bonfire Elementals","floor":8,"gold_loss":0},{"damage_healed":0,"gold_gain":0,"player_choice":"Obtained Relic","damage_taken":0,"relics_obtained":["The Courier"],"max_hp_gain":0,"max_hp_loss":0,"event_name":"Addict","floor":20,"gold_loss":85},{"damage_healed":0,"gold_gain":0,"player_choice":"Fought Bandits","damage_taken":0,"max_hp_gain":0,"max_hp_loss":0,"event_name":"Masked Bandits","floor":21,"gold_loss":0},{"damage_healed":0,"gold_gain":99,"player_choice":"Stole From Cult","damage_taken":0,"max_hp_gain":0,"max_hp_loss":0,"event_name":"Nest","floor":27,"gold_loss":0},{"cards_removed":["Strike_RM"],"damage_healed":0,"gold_gain":0,"player_choice":"Gave Gold","damage_taken":0,"max_hp_gain":0,"max_hp_loss":0,"event_name":"Beggar","floor":28,"gold_loss":75},{"cards_removed":["Stigmanizer"],"damage_healed":0,"gold_gain":0,"player_choice":"Removed Attack","damage_taken":0,"max_hp_gain":0,"max_hp_loss":0,"event_name":"Falling","floor":39,"gold_loss":0},{"damage_healed":0,"gold_gain":0,"player_choice":"Fight","damage_taken":0,"max_hp_gain":0,"max_hp_loss":0,"event_name":"Mysterious Sphere","floor":45,"gold_loss":0},{"damage_healed":0,"gold_gain":0,"player_choice":"Upgraded","damage_taken":0,"max_hp_gain":0,"max_hp_loss":0,"event_name":"Upgrade Shrine","floor":46,"gold_loss":0,"cards_upgraded":["ScarletNetherworld"]}],"is_beta":false,"boss_relics":[{"not_picked":["Empty Cage","Astrolabe"],"picked":"APieceOfRedMist"},{"not_picked":["Coffee Dripper","Tiny House"],"picked":"ScarletEmblem"}],"items_purged_floors":[],"is_endless":false,"potions_floor_spawned":[10,12,16,21,22,24,31,35,42,45,48],"ascension_level":1}}