{"host":"pecumnp00ic55u1k","time":1608687669,"event":{"mods":["Act Like it!","BaseMod","Colored Map","Colored Powertips","Hallownest","Hermit","Hubris","Minty Spire (QoL Compilation)","Quick Restart","StSLib","The Blue Laboratory","The Bug Knight","The Cursed"],"gold_per_floor":[113,129,145,145,145,145,155,155,155,8,8,28,28,40,40,138,138,156,166,222,132,132,132],"floor_reached":22,"playtime":1635,"items_purged":[],"score":178,"play_id":"a04c0fa1-d471-4359-929d-7b4622c30e83","local_time":"20201222204109","is_ascension_mode":false,"campfire_choices":[{"data":"HollowMod:RecoilStrike","floor":6,"key":"SMITH"},{"data":"HollowMod:SoulSplash","floor":8,"key":"SMITH"},{"floor":15,"key":"REST"}],"circlet_count":0,"master_deck":["HollowMod:NailStrikeStart","HollowMod:NailStrikeStart","HollowMod:NailStrikeStart","HollowMod:NailStrikeStart","HollowMod:QuickDashStart","HollowMod:QuickDashStart","HollowMod:QuickDashStart","HollowMod:QuickDashStart","HollowMod:FocusHealStart","HollowMod:PogoStrike","HollowMod:RecoilStrike+1","HollowMod:HeavyBlow+1","HollowMod:SoulSplash+1","HollowMod:DesolateDive","HollowMod:CloakDash","HollowMod:GoodIntentions","HollowMod:RecoilStrike+1","HollowMod:DoubleDash"],"relics":["HollowMod:VesselMask","Blood Vial","hubris:Towel","hubris:SphereOfDissonance","PreservedInsect","hubris:HollowSoul","Hallownest:StagBellRelic1"],"acts_visited":["Hallownest:Greenpath","Hallownest:CityofTears"],"potions_floor_usage":[16,16,20,22],"damage_taken":[{"damage":4,"enemies":"2_ Uuma","floor":1,"turns":5},{"damage":8,"enemies":"Hallownest:monsterHuskGuard","floor":2,"turns":5},{"damage":1,"enemies":"Hallownest:monsterHuskWarrior","floor":3,"turns":4},{"damage":17,"enemies":"Hallownest:1_Ooma_and_2_Uuma","floor":7,"turns":8},{"damage":0,"enemies":"Hallownest:monsterAspidMother","floor":11,"turns":2},{"damage":0,"enemies":"Hallownest:MossCreep_and_Mosskin","floor":12,"turns":4},{"damage":11,"enemies":"Hallownest:Guard_and_Warrior","floor":14,"turns":4},{"damage":76,"enemies":"Hallownest:BossHornet","floor":16,"turns":22},{"damage":24,"enemies":"Hallownest:Guard_and_Sentry","floor":18,"turns":6},{"damage":7,"enemies":"Hallownest:2_Mistakes","floor":19,"turns":8},{"damage":24,"enemies":"Hallownest:Glutton_and_Coward","floor":20,"turns":4},{"damage":22,"enemies":"Hallownest:3_Mistakes","floor":22,"turns":1}],"seed_played":"-7715382138280769298","potions_obtained":[{"floor":2,"key":"blueLaboratory:SavagePotion"},{"floor":3,"key":"blueLaboratory:ImpenetrablePotion"},{"floor":7,"key":"blueLaboratory:ImpenetrablePotion"},{"floor":14,"key":"blueLaboratory:BottledHope"},{"floor":16,"key":"Explosive Potion"},{"floor":20,"key":"FairyPotion"}],"is_trial":false,"path_per_floor":["M","M","M","?","?","R","M","R","T","$","M","M","?","M","R","B",null,"M","M","M","?","M"],"character_chosen":"THE_BUGKNIGHT","items_purchased":["PreservedInsect"],"campfire_rested":1,"item_purchase_floors":[10],"current_hp_per_floor":[71,65,66,66,66,66,51,51,51,51,53,55,55,46,68,4,75,51,46,24,24,0,0],"gold":132,"neow_bonus":"RANDOM_COMMON_RELIC","is_daily":false,"chose_seed":false,"campfire_upgraded":2,"win_rate":0.0,"timestamp":1608687669,"path_taken":["M","M","M","?","?","R","M","R","T","$","M","M","?","M","R","BOSS","M","M","M","?","?"],"items_purchased_type":["Relic"],"build_version":"2020-12-13","purchased_purges":0,"victory":false,"max_hp_per_floor":[75,75,75,75,75,75,75,75,75,75,75,75,75,75,75,75,75,75,75,75,75,75,75],"card_choices":[{"not_picked":["HollowMod:CloakDash","HollowMod:HowlingWraiths"],"picked":"HollowMod:RecoilStrike","floor":1},{"not_picked":["HollowMod:CornifersMapStart","HollowMod:CloakDash"],"picked":"HollowMod:HeavyBlow","floor":2},{"not_picked":["HollowMod:NewLittleFool","HollowMod:AwokenDreamNail"],"picked":"HollowMod:SoulSplash","floor":3},{"not_picked":["HollowMod:CrystalDash","HollowMod:SiblingsSouls","HollowMod:HeavyBlow"],"picked":"SKIP","floor":7},{"not_picked":["HollowMod:CycloneSlash","HollowMod:ChannelNail"],"picked":"HollowMod:DesolateDive","floor":11},{"not_picked":["HollowMod:HeavyBlow","HollowMod:MothsMistake"],"picked":"HollowMod:CloakDash","floor":12},{"not_picked":["HollowMod:RecoilStrike","HollowMod:NewJinnsSoul"],"picked":"HollowMod:GoodIntentions","floor":14},{"not_picked":["HollowMod:InfectedAttack","HollowMod:NewJinnsSoul"],"picked":"HollowMod:RecoilStrike+1","floor":18},{"not_picked":["HollowMod:SharpenedNail","HollowMod:InfectedCysts"],"picked":"HollowMod:DoubleDash","floor":19},{"not_picked":["HollowMod:WraithStrike","HollowMod:LifebloodCocoon","HollowMod:HowlingWraiths"],"picked":"SKIP","floor":20}],"player_experience":63744,"relics_obtained":[{"floor":9,"key":"hubris:SphereOfDissonance"}],"event_choices":[],"is_beta":false,"boss_relics":[{"not_picked":["Sozu","hubris:RunicObelisk"],"picked":"hubris:HollowSoul"}],"items_purged_floors":[],"is_endless":false,"potions_floor_spawned":[2,3,7,14,16,20],"killed_by":"Hallownest:3_Mistakes","ascension_level":0}}