{"host":"sz8c8ni79nvzjmmg","time":1608691273,"event":{"mods":["AchievementEnabler","BaseMod","DeckTracker","Keyboard Shortcuts","Minty Spire (QoL Compilation)","SuperFastMode"],"gold_per_floor":[117,130,145,20,40,40,72,83,155,155,167,67,97,109,109,188,188,199,35,35,72,87,87,106,106,159,179,179,179,194,194,194,194,194],"floor_reached":33,"playtime":1205,"items_purged":["Strike_G","Defend_G"],"score":522,"play_id":"cb717a57-04b9-4066-91bc-151a25cdfa23","local_time":"20201223114113","is_ascension_mode":true,"campfire_choices":[{"data":"Riddle With Holes","floor":6.0,"key":"SMITH"},{"data":"Strike_G","floor":15.0,"key":"PURGE"},{"data":"All Out Attack","floor":23.0,"key":"PURGE"},{"data":"Defend_G","floor":25.0,"key":"PURGE"},{"data":"Terror","floor":28.0,"key":"SMITH"},{"data":"Defend_G","floor":32.0,"key":"PURGE"}],"circlet_count":0,"master_deck":["AscendersBane","Survivor","Neutralize","Riddle With Holes+1","Calculated Gamble","Masterful Stab","Backflip","Dagger Throw","Die Die Die+1","Venomology+1","Crippling Poison+1","Acrobatics+1","Acrobatics","Terror+1","After Image"],"relics":["Ring of the Snake","Gremlin Horn","White Beast Statue","Peace Pipe","Astrolabe","ClockworkSouvenir","Blood Vial"],"acts_visited":["Exordium","TheCity"],"potions_floor_usage":[33,33,33],"damage_taken":[{"damage":10.0,"enemies":"Small Slimes","floor":1.0,"turns":4.0},{"damage":0.0,"enemies":"Cultist","floor":2.0,"turns":4.0},{"damage":1.0,"enemies":"Jaw Worm","floor":3.0,"turns":2.0},{"damage":0.0,"enemies":"Large Slime","floor":5.0,"turns":4.0},{"damage":9.0,"enemies":"3 Sentries","floor":7.0,"turns":7.0},{"damage":1.0,"enemies":"Exordium Wildlife","floor":8.0,"turns":2.0},{"damage":8.0,"enemies":"3 Louse","floor":11.0,"turns":3.0},{"damage":8.0,"enemies":"Gremlin Nob","floor":13.0,"turns":3.0},{"damage":0.0,"enemies":"Blue Slaver","floor":14.0,"turns":3.0},{"damage":21.0,"enemies":"Hexaghost","floor":16.0,"turns":10.0},{"damage":0.0,"enemies":"Chosen","floor":18.0,"turns":3.0},{"damage":0.0,"enemies":"Spheric Guardian","floor":21.0,"turns":1.0},{"damage":5.0,"enemies":"Centurion and Healer","floor":22.0,"turns":4.0},{"damage":11.0,"enemies":"Snake Plant","floor":24.0,"turns":5.0},{"damage":12.0,"enemies":"Cultist and Chosen","floor":27.0,"turns":4.0},{"damage":0.0,"enemies":"Shelled Parasite and Fungi","floor":30.0,"turns":3.0},{"damage":16,"enemies":"Automaton","floor":33,"turns":6}],"seed_played":"-8694095201241345703","potions_obtained":[{"floor":5.0,"key":"BlessingOfTheForge"},{"floor":7.0,"key":"CunningPotion"},{"floor":11.0,"key":"EntropicBrew"},{"floor":13.0,"key":"AttackPotion"},{"floor":14.0,"key":"Swift Potion"},{"floor":16.0,"key":"Poison Potion"},{"floor":18.0,"key":"CultistPotion"},{"floor":21.0,"key":"SteroidPotion"},{"floor":22.0,"key":"Swift Potion"},{"floor":24.0,"key":"LiquidMemories"},{"floor":27.0,"key":"SkillPotion"},{"floor":30.0,"key":"SkillPotion"}],"is_trial":false,"path_per_floor":["M","M","M","$","M","R","E","M","T","?","M","$","E","M","R","B",null,"M","$","?","M","M","R","M","R","T","M","R","?","M","$","R","B"],"character_chosen":"THE_SILENT","items_purchased":["Backflip","ClockworkSouvenir"],"campfire_rested":0,"item_purchase_floors":[4,19],"current_hp_per_floor":[49,49,48,48,48,48,39,38,38,38,30,30,22,22,22,1,50,50,50,50,50,45,45,34,34,34,24,24,24,26,26,26,12,12],"gold":194,"neow_bonus":"TRANSFORM_CARD","is_daily":false,"chose_seed":false,"campfire_upgraded":2,"win_rate":0.0,"timestamp":1608691273,"path_taken":["M","M","M","$","M","R","E","M","T","?","M","?","E","?","R","BOSS","M","$","?","?","?","R","M","R","T","?","R","?","M","$","R","BOSS"],"items_purchased_type":["Card","Relic"],"build_version":"2020-12-13","purchased_purges":2,"victory":false,"max_hp_per_floor":[66,66,66,66,66,66,66,66,66,66,66,66,66,66,66,66,66,66,66,66,66,66,66,66,66,66,66,66,66,66,66,66,66,66],"card_choices":[{"not_picked":["Outmaneuver","Deflect"],"picked":"Calculated Gamble","floor":1.0},{"not_picked":["Calculated Gamble","PiercingWail"],"picked":"Masterful Stab","floor":2.0},{"not_picked":["Sucker Punch","Distraction"],"picked":"All Out Attack","floor":3.0},{"not_picked":["Flying Knee","Blade Dance","All Out Attack"],"picked":"SKIP","floor":5.0},{"not_picked":["Accuracy","Bane","Masterful Stab"],"picked":"SKIP","floor":7.0},{"not_picked":["Skewer","Flying Knee","Cloak And Dagger"],"picked":"SKIP","floor":8.0},{"not_picked":["Deadly Poison","Expertise"],"picked":"Dagger Throw","floor":11.0},{"not_picked":["Wraith Form v2","Bane","Flying Knee"],"picked":"SKIP","floor":13.0},{"not_picked":["Deadly Poison","Poisoned Stab","All Out Attack"],"picked":"SKIP","floor":14.0},{"not_picked":["Poisoned Stab+1","Noxious Fumes"],"picked":"Acrobatics","floor":18.0},{"not_picked":["Flying Knee","Distraction+1"],"picked":"Acrobatics","floor":21.0},{"not_picked":["Outmaneuver","Backstab"],"picked":"Terror","floor":22.0},{"not_picked":["Heel Hook","Leg Sweep","Dagger Throw"],"picked":"SKIP","floor":24.0},{"not_picked":["Poisoned Stab","PiercingWail","Infinite Blades"],"picked":"SKIP","floor":27.0},{"not_picked":["Heel Hook","Finisher","Caltrops"],"picked":"SKIP","floor":30.0}],"player_experience":1210832,"relics_obtained":[{"floor":7.0,"key":"Gremlin Horn"},{"floor":9.0,"key":"White Beast Statue"},{"floor":13.0,"key":"Peace Pipe"},{"floor":26.0,"key":"Blood Vial"}],"event_choices":[{"cards_removed":["Strike_G"],"damage_healed":0.0,"max_hp_gain":0.0,"max_hp_loss":0.0,"gold_gain":0.0,"event_name":"Purifier","player_choice":"Purged","floor":10.0,"gold_loss":0.0,"damage_taken":0.0},{"damage_healed":0.0,"max_hp_gain":0.0,"max_hp_loss":0.0,"gold_gain":0.0,"event_name":"Accursed Blacksmith","player_choice":"Forge","floor":20.0,"gold_loss":0.0,"damage_taken":0.0,"cards_upgraded":["Acrobatics"]},{"damage_healed":0.0,"max_hp_gain":0.0,"max_hp_loss":0.0,"gold_gain":0.0,"event_name":"The Library","player_choice":"Read","floor":29.0,"gold_loss":0.0,"damage_taken":0.0,"cards_obtained":["After Image"]}],"is_beta":false,"boss_relics":[{"not_picked":["Ring of the Serpent","Runic Dome"],"picked":"Astrolabe"}],"items_purged_floors":[4,12],"is_endless":false,"potions_floor_spawned":[5,7,11,13,14,16,18,21,22,24,27,30],"killed_by":"Automaton","ascension_level":20}}