{"host":"m6aaltr68g9tvoay","time":1608711117,"event":{"mods":["AchievementEnabler","BaseMod","Colored Map","Minty Spire (QoL Compilation)","StSLib"],"gold_per_floor":[117,117,130,130,184,184,198,198,198,198,214,214,246,40,40,111,111,126,126,145,22,41,41,68,68,91,117,29,29,29,29,29,105,105,122,63,77,91,107,107,135,135,135],"floor_reached":42,"playtime":1128,"items_purged":[],"score":998,"play_id":"d727ab61-d46d-4a86-be0f-62cb25279e4e","local_time":"20201223001157","is_ascension_mode":true,"campfire_choices":[{"data":"Zap","floor":6,"key":"SMITH"},{"data":"Biased Cognition","floor":8,"key":"SMITH"},{"floor":12,"key":"REST"},{"data":"Defragment","floor":15,"key":"SMITH"},{"floor":23,"key":"REST"},{"floor":25,"key":"REST"},{"floor":32,"key":"REST"},{"floor":40,"key":"REST"}],"circlet_count":0,"master_deck":["AscendersBane","Strike_B+1","Strike_B+1","Strike_B+1","Defend_B+1","Defend_B+1","Defend_B+1","Zap+1","Dualcast","Capacitor","Ball Lightning","Biased Cognition+1","Capacitor","Cold Snap","Storm","Defragment+1","Thunder Strike","Defragment","Storm+1","Lockon","Coolheaded","Steam","Static Discharge","Self Repair","Amplify","CurseOfTheBell","Consume","Hologram","White Noise+1","Force Field"],"relics":["Cracked Core","Omamori","Orichalcum","Bronze Scales","Lee\u0027s Waffle","Velvet Choker","Bag of Preparation","PreservedInsect","White Beast Statue","Calling Bell","MealTicket","Pantograph","StoneCalendar","Pen Nib"],"acts_visited":["Exordium","TheCity","TheBeyond"],"potions_floor_usage":[7,16,22,24,27,33],"damage_taken":[{"damage":2,"enemies":"Jaw Worm","floor":1,"turns":3},{"damage":12,"enemies":"Cultist","floor":3,"turns":4},{"damage":10,"enemies":"2 Louse","floor":7,"turns":2},{"damage":11,"enemies":"Blue Slaver","floor":11,"turns":3},{"damage":19,"enemies":"Lagavulin","floor":13,"turns":4},{"damage":0,"enemies":"Slime Boss","floor":16,"turns":4},{"damage":18,"enemies":"Shell Parasite","floor":18,"turns":4},{"damage":33,"enemies":"2 Thieves","floor":20,"turns":3},{"damage":24,"enemies":"Centurion and Healer","floor":22,"turns":3},{"damage":29,"enemies":"Slavers","floor":24,"turns":3},{"damage":6,"enemies":"Book of Stabbing","floor":27,"turns":3},{"damage":19,"enemies":"Automaton","floor":33,"turns":6},{"damage":0,"enemies":"Orb Walker","floor":35,"turns":2},{"damage":3,"enemies":"3 Shapes","floor":37,"turns":3},{"damage":18,"enemies":"Transient","floor":38,"turns":6},{"damage":55,"enemies":"Writhing Mass","floor":39,"turns":3},{"damage":50,"enemies":"Nemesis","floor":41,"turns":3},{"damage":39,"enemies":"3 Darklings","floor":42,"turns":2}],"seed_played":"-2500454527918038982","potions_obtained":[{"floor":0,"key":"FairyPotion"},{"floor":0,"key":"DistilledChaos"},{"floor":7,"key":"FocusPotion"},{"floor":22,"key":"Dexterity Potion"},{"floor":24,"key":"AttackPotion"},{"floor":27,"key":"Energy Potion"},{"floor":33,"key":"Energy Potion"},{"floor":37,"key":"FocusPotion"},{"floor":41,"key":"Strength Potion"}],"is_trial":false,"path_per_floor":["M","?","M","?","T","R","M","R","T","?","M","R","E","$","R","B",null,"M","?","M","$","M","R","E","R","T","E","$","?","?","?","R","B",null,"M","$","M","M","M","R","E","M"],"character_chosen":"DEFECT","items_purchased":["Lee\u0027s Waffle","Defragment","Lockon","Regen Potion","Self Repair","Hologram"],"campfire_rested":5,"item_purchase_floors":[14,14,21,21,28,36],"current_hp_per_floor":[62,62,50,50,50,50,40,40,40,40,29,50,31,78,78,78,78,60,60,27,27,8,31,2,25,25,19,19,19,19,19,42,30,66,66,78,75,71,16,39,30,0,0],"gold":135,"neow_bonus":"THREE_SMALL_POTIONS","is_daily":false,"chose_seed":false,"campfire_upgraded":3,"win_rate":0.0,"timestamp":1608711117,"path_taken":["M","?","?","?","?","R","M","R","T","?","M","R","E","$","R","BOSS","M","?","M","$","?","R","E","R","T","E","$","?","?","?","R","BOSS","M","$","M","M","M","R","E","M"],"items_purchased_type":["Relic","Card","Card","Potion","Card","Card"],"build_version":"2020-12-22","purchased_purges":0,"victory":false,"max_hp_per_floor":[71,71,71,71,71,71,71,71,71,71,71,71,71,78,78,78,78,78,78,78,78,78,78,78,78,78,78,78,78,78,78,78,78,78,78,78,78,78,78,78,78,78,78],"card_choices":[{"not_picked":["Steam","Coolheaded"],"picked":"Capacitor","floor":1},{"not_picked":["Steam","Conserve Battery"],"picked":"Ball Lightning","floor":3},{"not_picked":["Cold Snap","Fusion"],"picked":"Biased Cognition","floor":7},{"not_picked":["Barrage","Rebound"],"picked":"Cold Snap","floor":11},{"not_picked":["Turbo","Force Field"],"picked":"Storm","floor":13},{"not_picked":["Buffer","All For One"],"picked":"Thunder Strike","floor":16},{"not_picked":["Gash+1","Sweeping Beam"],"picked":"Defragment","floor":18},{"not_picked":["Sunder","Go for the Eyes"],"picked":"Storm+1","floor":20},{"not_picked":["Doom and Gloom+1","Thunder Strike"],"picked":"Coolheaded","floor":22},{"not_picked":["Barrage","Redo"],"picked":"Steam","floor":24},{"not_picked":["Steam","Beam Cell"],"picked":"Static Discharge","floor":27},{"not_picked":["Creative AI","Reboot"],"picked":"Amplify","floor":33},{"not_picked":["Conserve Battery+1","Hologram"],"picked":"Consume","floor":35},{"not_picked":["Leap","Streamline+1"],"picked":"White Noise+1","floor":37},{"not_picked":["Streamline","Fusion"],"picked":"Force Field","floor":38},{"not_picked":["Hologram","Hello World","Coolheaded"],"picked":"SKIP","floor":39},{"not_picked":["Go for the Eyes","Thunder Strike","Redo"],"picked":"SKIP","floor":41}],"player_experience":1297379,"relics_obtained":[{"floor":5,"key":"Omamori"},{"floor":9,"key":"Orichalcum"},{"floor":13,"key":"Bronze Scales"},{"floor":24,"key":"Bag of Preparation"},{"floor":26,"key":"PreservedInsect"},{"floor":27,"key":"White Beast Statue"},{"floor":34,"key":"MealTicket"},{"floor":34,"key":"Pantograph"},{"floor":34,"key":"StoneCalendar"},{"floor":41,"key":"Pen Nib"}],"event_choices":[{"cards_removed":["Defend_B"],"damage_healed":0,"gold_gain":0,"player_choice":"Purged","damage_taken":0,"max_hp_gain":0,"max_hp_loss":0,"event_name":"Purifier","floor":2,"gold_loss":0},{"damage_healed":0,"gold_gain":0,"player_choice":"Ignored","damage_taken":0,"max_hp_gain":0,"max_hp_loss":0,"event_name":"Liars Game","floor":4,"gold_loss":0},{"damage_healed":0,"gold_gain":0,"cards_transformed":["Strike_B"],"player_choice":"Change","damage_taken":0,"max_hp_gain":0,"max_hp_loss":0,"event_name":"Living Wall","floor":10,"gold_loss":0,"cards_obtained":["Capacitor"]},{"damage_healed":0,"gold_gain":0,"player_choice":"1 cards matched","damage_taken":0,"max_hp_gain":0,"max_hp_loss":0,"event_name":"Match and Keep!","floor":19,"gold_loss":0,"cards_obtained":["Injury"]},{"damage_healed":0,"gold_gain":0,"player_choice":"Smashed Altar","damage_taken":0,"max_hp_gain":0,"max_hp_loss":0,"event_name":"Forgotten Altar","floor":29,"gold_loss":0,"cards_obtained":["Decay"]},{"damage_healed":0,"gold_gain":0,"player_choice":"Ignored","damage_taken":0,"max_hp_gain":0,"max_hp_loss":0,"event_name":"Ghosts","floor":30,"gold_loss":0},{"damage_healed":0,"gold_gain":0,"player_choice":"Simplicity","damage_taken":0,"max_hp_gain":0,"max_hp_loss":0,"event_name":"Back to Basics","floor":31,"gold_loss":0,"cards_upgraded":["Strike_B","Strike_B","Strike_B","Defend_B","Defend_B","Defend_B"]}],"is_beta":false,"boss_relics":[{"not_picked":["Coffee Dripper","Fusion Hammer"],"picked":"Velvet Choker"},{"not_picked":["Philosopher\u0027s Stone","Black Star"],"picked":"Calling Bell"}],"items_purged_floors":[],"is_endless":false,"potions_floor_spawned":[1,3,7,22,24,27,33,35,37,38,39,41],"killed_by":"3 Darklings","ascension_level":19}}