{"host":"t179ovrkr5k1gnfh","time":1608740206,"event":{"mods":["AchievementEnabler","BaseMod","Colored Map","Downfall","Marisa????????","Minty Spire (QoL Compilation)","StSLib"],"gold_per_floor":[0,17,17,27,12,12,12,40,60,60,60,93,18,68,95,211,211,136,162,190,67,152,185,185,185,385,385,467,515,152,171,181,291,341,341,356,370,370,418,418,465,478,478,497,543,128,53,103,122,122,122,157,7,7,7],"floor_reached":56,"playtime":4648,"items_purged":["Strike_MRS","Defend_MRS","hexamod:Haunted"],"score":1506,"play_id":"f41adbe4-ea9d-4e3a-a288-f419a2bf0cc5","local_time":"20201223171646","is_ascension_mode":true,"campfire_choices":[{"floor":1,"key":"RECALL"},{"data":"MilkyWay","floor":6,"key":"SMITH"},{"data":"AlicesGift","floor":11,"key":"SMITH"},{"data":"UpSweep","floor":13,"key":"SMITH"},{"data":"EscapeVelocity","floor":18,"key":"SMITH"},{"data":"MillisecondPulsars","floor":35,"key":"SMITH"},{"data":"WitchOfGreed","floor":47,"key":"PURGE"},{"data":"TreasureHunter","floor":54,"key":"PURGE"}],"circlet_count":0,"master_deck":["Defend_MRS","UpSweep+1","MilkyWay+1","AlicesGift+1","NonDirectionalLaser+1","GrandCross","SporeBomb","EscapeVelocity+1","SuperPerseids+1","MillisecondPulsars+1","MilkyWay","DeepEcoloBomb+1","ShootingEcho+1","UltimateShortwave+1","StarlightTyphoon+1","MagicChant+1","MagicChant+1","GasGiant+1","DarkMatter"],"relics":["MiniHakkero","Centennial Puzzle","Meat on the Bone","Anchor","downfall:HeartBlessingRed","MealTicket","Unceasing Top","Pocketwatch","SlaversCollar","downfall:HeartBlessingGreen","Peace Pipe","Enchiridion","Eternal Feather","Vajra","Potion Belt","Whetstone","Bottled Tornado","Tiny House","Ice Cream","Juzu Bracelet","AmplifyWand","Ornamental Fan","Toy Ornithopter","downfall:HeartBlessingBlue","Bird Faced Urn","Kunai","Bag of Preparation","Lantern"],"acts_visited":["Exordium","TheCity","TheBeyond","TheEnding"],"potions_floor_usage":[12,16,20,28,29,32,36,36,37,39,45,50,55,55],"damage_taken":[{"damage":0,"enemies":"Small Slimes","floor":2,"turns":3},{"damage":0,"enemies":"Cultist","floor":4,"turns":2},{"damage":5,"enemies":"downfall:FleeingMerchant","floor":5,"turns":4},{"damage":23,"enemies":"Lagavulin","floor":8,"turns":7},{"damage":0,"enemies":"Jaw Worm","floor":9,"turns":2},{"damage":0,"enemies":"Exordium Wildlife","floor":12,"turns":2},{"damage":13,"enemies":"Gremlin Nob","floor":14,"turns":3},{"damage":0,"enemies":"Blue Slaver","floor":15,"turns":2},{"damage":48,"enemies":"downfall:Defect","floor":16,"turns":5},{"damage":2,"enemies":"3 Byrds","floor":19,"turns":4},{"damage":6,"enemies":"Spheric Guardian","floor":20,"turns":4},{"damage":3,"enemies":"downfall:FleeingMerchant","floor":21,"turns":4},{"damage":2,"enemies":"Cultist and Chosen","floor":23,"turns":3},{"damage":0,"enemies":"downfall:FleeingMerchant","floor":28,"turns":1},{"damage":13,"enemies":"Slavers","floor":29,"turns":3},{"damage":0,"enemies":"Snecko","floor":31,"turns":2},{"damage":0,"enemies":"Sentry and Sphere","floor":32,"turns":2},{"damage":0,"enemies":"downfall:Watcher","floor":33,"turns":3},{"damage":4,"enemies":"3 Shapes","floor":36,"turns":2},{"damage":0,"enemies":"Orb Walker","floor":37,"turns":2},{"damage":23,"enemies":"2 Orb Walkers","floor":39,"turns":3},{"damage":6,"enemies":"Transient","floor":42,"turns":5},{"damage":2,"enemies":"Writhing Mass","floor":44,"turns":2},{"damage":3,"enemies":"Nemesis","floor":45,"turns":3},{"damage":0,"enemies":"Mind Bloom Boss Battle","floor":48,"turns":3},{"damage":0,"enemies":"Sphere and 2 Shapes","floor":49,"turns":3},{"damage":0,"enemies":"downfall:Ironclad","floor":50,"turns":4},{"damage":9,"enemies":"downfall:CharBossMerchant","floor":52,"turns":4},{"damage":6,"enemies":"downfall:NeowBoss","floor":55,"turns":19}],"seed_played":"-8588538237221652747","potions_obtained":[{"floor":8,"key":"AttackPotion"},{"floor":12,"key":"FairyPotion"},{"floor":12,"key":"FairyPotion"},{"floor":15,"key":"AttackPotion"},{"floor":19,"key":"Guardian:BlockOnCardUsePotion"},{"floor":20,"key":"BottledSpark"},{"floor":21,"key":"Guardian:BlockOnCardUsePotion"},{"floor":29,"key":"Weak Potion"},{"floor":31,"key":"Fire Potion"},{"floor":32,"key":"StarNLove"},{"floor":33,"key":"Weak Potion"},{"floor":34,"key":"champ:CounterPotion"},{"floor":36,"key":"Ancient Potion"},{"floor":37,"key":"LiquidBronze"},{"floor":39,"key":"FairyPotion"},{"floor":42,"key":"Block Potion"},{"floor":45,"key":"Weak Potion"}],"is_trial":false,"path_per_floor":["R","M","?","M","$","R","T","E","M","?","R","M","R","E","M","B",null,"R","M","M","$","?","M","T","?","?","?","$","E","$","M","M","B",null,"R","M","M","?","?","?","T","M","?","M","E","$","R","?","M","B",null,"E","$","R","B",null],"character_chosen":"MARISA","items_purchased":["MilkyWay","Vajra","Bottled Tornado","Ornamental Fan","Toy Ornithopter","Lantern"],"campfire_rested":0,"item_purchase_floors":[21,28,30,46,46,53],"current_hp_per_floor":[75,75,75,75,70,70,70,47,47,47,47,47,47,46,46,34,75,75,73,67,72,62,60,60,60,60,44,59,46,61,61,61,61,80,80,76,76,76,53,53,53,47,47,45,42,57,79,79,85,90,90,81,90,90,88],"gold":7,"neow_bonus":"TRANSFORM_TWO_CARDS","is_daily":false,"chose_seed":false,"campfire_upgraded":5,"win_rate":0.0,"timestamp":1608740206,"path_taken":["R","M","?","M","?","R","T","E","M","?","R","M","R","E","M","BOSS","R","M","M","$","?","M","T","?","?","?","$","E","$","?","M","BOSS","R","M","M","?","?","?","T","M","?","M","E","$","R","?","M","BOSS","E","$","R","BOSS"],"items_purchased_type":["Card","Relic","Relic","Relic","Relic","Relic"],"build_version":"2020-12-22","purchased_purges":3,"victory":true,"max_hp_per_floor":[75,75,75,75,75,75,75,75,75,75,75,75,75,75,75,75,75,75,75,75,75,75,75,75,75,75,75,75,75,75,75,75,75,80,80,80,80,80,80,80,80,80,80,80,80,80,90,90,90,90,90,90,90,90,90],"card_choices":[{"not_picked":["PowerUp","ChargingUp"],"picked":"AlicesGift","floor":2},{"not_picked":["Acceleration","GalacticHalo"],"picked":"NonDirectionalLaser","floor":4},{"not_picked":["DarkSpark","IllusionStar","DoubleSpark"],"picked":"SKIP","floor":5},{"not_picked":["LuminesStrike","EnergyRecoil"],"picked":"GrandCross","floor":8},{"not_picked":["NonDirectionalLaser","GalacticHalo"],"picked":"WitchOfGreed","floor":9},{"not_picked":["GalacticHalo","OpenUniverse"],"picked":"SporeBomb","floor":12},{"not_picked":["WitchOfGreed","Orbital","GrandCross"],"picked":"SKIP","floor":14},{"not_picked":["NonDirectionalLaser","DoubleSpark","BlazingStar"],"picked":"SKIP","floor":15},{"not_picked":["ManaRampage","BlazingStar"],"picked":"EscapeVelocity","floor":16},{"not_picked":["NonDirectionalLaser+1","Acceleration","AsteroidBelt"],"picked":"SKIP","floor":19},{"not_picked":["PropBag","AsteroidBelt"],"picked":"SuperPerseids+1","floor":20},{"not_picked":["GrandCross","WitchOfGreed+1"],"picked":"MillisecondPulsars","floor":21},{"not_picked":["GasGiant","WitchOfGreed+1","GalacticHalo"],"picked":"SKIP","floor":23},{"not_picked":["EnergyFlow","WitchOfGreed"],"picked":"DeepEcoloBomb","floor":28},{"not_picked":["GravityBeat","DC"],"picked":"ShootingEcho+1","floor":29},{"not_picked":["DarkSpark","WitchOfGreed+1","Robbery"],"picked":"SKIP","floor":31},{"not_picked":["DarkMatter","OpenUniverse+1","WitchLeyline"],"picked":"SKIP","floor":32},{"not_picked":["StarDustReverie","BigCrunch"],"picked":"UltimateShortwave","floor":33},{"not_picked":["SprinkleStarSeal","SuperPerseids+1"],"picked":"StarlightTyphoon+1","floor":36},{"not_picked":["PowerUp+1","MeteoricShower+1","Robbery"],"picked":"SKIP","floor":37},{"not_picked":["NonDirectionalLaser+1","Acceleration+1"],"picked":"MagicChant+1","floor":42},{"not_picked":["DoubleSpark","MysteriousBeam","SprinkleStarSeal"],"picked":"SKIP","floor":44},{"not_picked":["FinalSpark","BinaryStars"],"picked":"GasGiant+1","floor":45},{"not_picked":["AsteroidBelt","GravityBeat","DC"],"picked":"SKIP","floor":49},{"not_picked":["RefractionSpark+1","AsteroidBelt"],"picked":"DarkMatter","floor":52}],"player_experience":168473,"relics_obtained":[{"floor":7,"key":"Centennial Puzzle"},{"floor":8,"key":"Meat on the Bone"},{"floor":8,"key":"Anchor"},{"floor":14,"key":"MealTicket"},{"floor":14,"key":"Unceasing Top"},{"floor":16,"key":"Pocketwatch"},{"floor":24,"key":"Peace Pipe"},{"floor":27,"key":"Enchiridion"},{"floor":28,"key":"Eternal Feather"},{"floor":29,"key":"Potion Belt"},{"floor":29,"key":"Whetstone"},{"floor":39,"key":"Ice Cream"},{"floor":45,"key":"Juzu Bracelet"},{"floor":45,"key":"AmplifyWand"},{"floor":48,"key":"Bird Faced Urn"},{"floor":52,"key":"Kunai"},{"floor":52,"key":"Bag of Preparation"}],"event_choices":[{"cards_removed":["Defend_MRS"],"damage_healed":0,"gold_gain":0,"player_choice":"Purged","damage_taken":0,"max_hp_gain":0,"max_hp_loss":0,"event_name":"Purifier","floor":3,"gold_loss":0},{"damage_healed":0,"gold_gain":0,"player_choice":"Fight","damage_taken":0,"max_hp_gain":0,"max_hp_loss":0,"event_name":"Mysterious Sphere","floor":39,"gold_loss":0},{"cards_removed":["MasterSpark"],"damage_healed":0,"gold_gain":0,"player_choice":"Removed Attack","damage_taken":0,"max_hp_gain":0,"max_hp_loss":0,"event_name":"Falling","floor":40,"gold_loss":0},{"damage_healed":0,"gold_gain":0,"player_choice":"Copied","damage_taken":0,"max_hp_gain":0,"max_hp_loss":0,"event_name":"Duplicator","floor":43,"gold_loss":0,"cards_obtained":["MagicChant"]}],"is_beta":false,"boss_relics":[{"not_picked":["Philosopher\u0027s Stone","SacredBark"],"picked":"SlaversCollar"},{"not_picked":["Runic Dome","Runic Pyramid"],"picked":"Tiny House"}],"items_purged_floors":[21,28,30],"is_endless":false,"potions_floor_spawned":[8,12,15,23,31,32,36,37,39,42],"ascension_level":3}}