{"host":"yk6rxbjfjo5kivd3","time":1608733346,"event":{"mods":["BaseMod","Downfall","Googly Eyes","GungeonMod","Hermit","Lobotomy","Minty Spire (QoL Compilation)","Potionbrewer","Replay The Spire","Robot Space Explorer","StSLib","The Blackbeard","The Cursed","The Disciple","The Hierophant","The Necromancer","The Runesmith","The Servant 0.9.4"],"gold_per_floor":[99,117,128,128,140,140,140,159,178,189,239,236,248,285,308,320,320,320],"floor_reached":16,"playtime":1646,"items_purged":[],"score":104,"play_id":"84e84103-175e-46dd-bf8d-44618e93fdbb","local_time":"20201223182226","is_ascension_mode":false,"campfire_choices":[{"data":"Slimebound:Split","floor":1,"key":"SMITH"},{"data":"Slimebound:LeechEnergy","floor":13,"key":"SMITH"}],"circlet_count":0,"master_deck":["Slimebound:Strike_Slimebound","Slimebound:Strike_Slimebound","Slimebound:Tackle","Slimebound:Defend_Slimebound","Slimebound:Defend_Slimebound","Slimebound:Defend_Slimebound","Slimebound:Split+1","Slimebound:CorrosiveSpit","Slimebound:LeechEnergy+1","Slimebound:RallyTheTroops","Slimebound:LeechEnergy","Slimebound:Prepare","Slimebound:SplitAcid","Slimebound:SamplingLick","Slimebound:RejuvenatingLick","Sickly","Slimebound:LeechLife","Slimebound:MassRepurpose","Slimebound:SlimeSpikes"],"relics":["Slimebound:AbsorbEndCombat","Strawberry","Shuriken","Ring of Greed","Ring of Peace","MawBank","Membership Card","Bottled Lightning"],"acts_visited":["Exordium"],"potions_floor_usage":[9,16],"damage_taken":[{"damage":12,"enemies":"Cultist","floor":2,"turns":3},{"damage":15,"enemies":"2 Louse","floor":3,"turns":3},{"damage":8,"enemies":"Jaw Worm","floor":5,"turns":3},{"damage":9,"enemies":"3 Louse","floor":8,"turns":3},{"damage":10,"enemies":"Exordium Thugs","floor":9,"turns":3},{"damage":22,"enemies":"Lots of Slimes","floor":10,"turns":3},{"damage":11,"enemies":"downfall:FleeingMerchant","floor":12,"turns":4},{"damage":26,"enemies":"3 Sentries","floor":14,"turns":6},{"damage":8,"enemies":"Blue Slaver","floor":15,"turns":3},{"damage":85,"enemies":"downfall:Defect","floor":16,"turns":6}],"seed_played":"-1756325230268954424","potions_obtained":[{"floor":2,"key":"Slimebound:ThreeZeroPotion"},{"floor":15,"key":"Adrenaline Potion"}],"is_trial":false,"path_per_floor":["R","M","M","?","M","?","T","M","M","M","?","$","R","E","M","B"],"character_chosen":"SLIMEBOUND","items_purchased":[],"campfire_rested":0,"item_purchase_floors":[],"current_hp_per_floor":[67,67,60,60,67,67,67,66,67,57,57,67,67,53,63,0,0,0],"gold":320,"neow_bonus":"RANDOM_COMMON_RELIC","is_daily":false,"chose_seed":false,"campfire_upgraded":2,"win_rate":0.0,"timestamp":1608733346,"path_taken":["R","M","M","?","?","?","T","?","M","M","?","?","R","E","M","BOSS"],"items_purchased_type":[],"build_version":"2020-12-22","purchased_purges":0,"victory":false,"max_hp_per_floor":[67,67,67,67,67,67,67,67,67,67,67,67,67,67,67,67,67,67],"card_choices":[{"not_picked":["Slimebound:FinishingTackle","Slimebound:ForwardTackle"],"picked":"Slimebound:LeechEnergy","floor":2},{"not_picked":["Slimebound:Schlurp","Slimebound:LeechingTouch"],"picked":"Slimebound:RallyTheTroops","floor":3},{"not_picked":["Slimebound:GoopSpray","Slimebound:FinishingTackle"],"picked":"Slimebound:LeechEnergy","floor":5},{"not_picked":["Slimebound:ForwardTackle","Slimebound:ViciousTackle"],"picked":"Slimebound:SplitAcid","floor":8},{"not_picked":["Slimebound:LeechingTouch","Slimebound:ComboTackle"],"picked":"Slimebound:SamplingLick","floor":9},{"not_picked":["Slimebound:BestDefense","Slimebound:Grow"],"picked":"Slimebound:RejuvenatingLick","floor":10},{"not_picked":["Slimebound:ItLooksTasty","Slimebound:SplitLeeching"],"picked":"Slimebound:LeechLife","floor":12},{"not_picked":["Slimebound:GoopSpray","Slimebound:SplitBruiser"],"picked":"Slimebound:MassRepurpose","floor":14},{"not_picked":["Slimebound:GoopSpray","Slimebound:PressTheAttack"],"picked":"Slimebound:SlimeSpikes","floor":15}],"player_experience":1265446,"relics_obtained":[{"floor":7,"key":"Shuriken"},{"floor":11,"key":"Ring of Greed"},{"floor":11,"key":"Ring of Peace"},{"floor":11,"key":"MawBank"},{"floor":11,"key":"Membership Card"},{"floor":14,"key":"Bottled Lightning"}],"event_choices":[{"cards_removed":["Slimebound:Strike_Slimebound"],"damage_healed":0,"gold_gain":0,"player_choice":"Purged","damage_taken":0,"max_hp_gain":0,"max_hp_loss":0,"event_name":"Purifier","floor":4,"gold_loss":0},{"damage_healed":0,"gold_gain":0,"cards_transformed":["Slimebound:Defend_Slimebound"],"player_choice":"Transformed","damage_taken":0,"max_hp_gain":0,"max_hp_loss":0,"event_name":"Transmorgrifier","floor":6,"gold_loss":0,"cards_obtained":["Slimebound:Prepare"]}],"is_beta":false,"boss_relics":[],"items_purged_floors":[],"is_endless":false,"potions_floor_spawned":[2,15],"killed_by":"downfall:Defect","ascension_level":0}}