{"host":"qmmd8zc7eqgl2j9h","time":1608774540,"event":{"mods":["AchievementEnabler","Aspiration","BaseMod","Better Altar","Better Note","Better Sensory Stone","Better Skull","BetterRewards","Colored Map","Conspire","Googly Eyes","Hermit","Highlight Path","Infinite Spire","Marisa????????","Minty Spire (QoL Compilation)","Permanent Neow","Replay The Spire","StSLib","The Hierophant","The Necromancer","The Servant 0.9.4","Unceasing Turn Reminder","everything is the same but u backflip on backflip","slay the spire mod where everything is the same but ironclad has a cowboy hat"],"gold_per_floor":[115,128,128,128,140,140,140,140,140,173,226,226,5,29,29,150,150,186,286,327,327,327,327,371,371,371],"floor_reached":25,"playtime":1065,"items_purged":["Injury"],"score":197,"play_id":"66d21cb4-9748-4702-aa41-9f2880abef83","local_time":"20201223174900","is_ascension_mode":false,"campfire_choices":[{"data":"EnergyFlow","floor":6,"key":"SMITH"},{"data":"GrandCross","floor":8,"key":"SMITH"},{"data":"WitchOfGreed","floor":12,"key":"SMITH"},{"data":"MasterSpark","floor":15,"key":"SMITH"}],"circlet_count":0,"master_deck":["Strike_MRS","Strike_MRS","Strike_MRS","Strike_MRS","Defend_MRS","Defend_MRS","Defend_MRS","Defend_MRS","MasterSpark+1","UpSweep","GrandCross+1","NonDirectionalLaser","EnergyFlow+1","WitchOfGreed+1","TreasureHunter+1","BinaryStars","PropBag","AsteroidBelt","infinitespire:Menacing","WitchOfGreed"],"relics":["MiniHakkero","aspiration:Nostalgia","hierophant:PropheticMaskRelic","Molten Egg 2","Bag of Preparation","infinitespire:Golems Mask","Bronze Scales","ReplayTheSpireMod:Lightbulb","Replay:Kaleidoscope","aspiration:TomeofQuesting","Kunai"],"acts_visited":["Exordium","TheCity"],"potions_floor_usage":[10,25],"damage_taken":[{"damage":3,"enemies":"Small Slimes","floor":1,"turns":3},{"damage":0,"enemies":"Jaw Worm","floor":2,"turns":3},{"damage":0,"enemies":"Cultist","floor":5,"turns":3},{"damage":10,"enemies":"Gremlin Nob","floor":10,"turns":3},{"damage":6,"enemies":"Slime Boss","floor":16,"turns":6},{"damage":17,"enemies":"Shell Parasite","floor":18,"turns":5},{"damage":5,"enemies":"Spheric Guardian","floor":20,"turns":3},{"damage":22,"enemies":"Snake Plant","floor":24,"turns":5},{"damage":38,"enemies":"Slavers","floor":25,"turns":4}],"seed_played":"5710925598590106960","potions_obtained":[{"floor":5,"key":"Weak Potion"},{"floor":18,"key":"BottledSpark"},{"floor":18,"key":"AttackPotion"},{"floor":20,"key":"Milkshake"}],"is_trial":false,"path_per_floor":["M","M","?","T","M","R","?","R","T","E","?","R","$","T","R","B",null,"M","?","M","PTL","PTL","AVR","M","E"],"character_chosen":"MARISA","items_purchased":["TreasureHunter+1"],"campfire_rested":0,"item_purchase_floors":[13],"current_hp_per_floor":[72,72,72,72,72,72,72,72,72,62,62,62,62,62,62,56,75,58,58,53,53,53,53,31,0,0],"gold":371,"neow_bonus":"NOSTALGIA","is_daily":false,"chose_seed":false,"campfire_upgraded":4,"win_rate":0.0,"timestamp":1608774540,"path_taken":["M","M","?","?","?","R","?","R","T","E","?","R","$","?","R","BOSS","M","?","M","PTL","PTL","AVR","?","E"],"items_purchased_type":["Card"],"build_version":"2020-12-22","purchased_purges":1,"victory":false,"max_hp_per_floor":[75,75,75,75,75,75,75,75,75,75,75,75,75,75,75,75,75,75,75,75,75,75,75,75,75,75],"card_choices":[{"not_picked":["GravityBeat","IllusionStar"],"picked":"GrandCross","floor":1},{"not_picked":["GravityBeat","DC"],"picked":"NonDirectionalLaser","floor":2},{"not_picked":["GravityBeat+1","LuminesStrike+1"],"picked":"EnergyFlow","floor":5},{"not_picked":["ChargingUp","BigCrunch"],"picked":"WitchOfGreed","floor":10},{"not_picked":["JA+1","EscapeVelocity"],"picked":"BinaryStars","floor":16},{"not_picked":["ManaConvection","ShootingEcho+1"],"picked":"PropBag","floor":18},{"not_picked":["WitchOfGreed","DarkMatter"],"picked":"AsteroidBelt","floor":20},{"not_picked":["ShootingEcho+1","Acceleration"],"picked":"WitchOfGreed","floor":24}],"player_experience":215659,"relics_obtained":[{"floor":4,"key":"Bag of Preparation"},{"floor":9,"key":"infinitespire:Golems Mask"},{"floor":10,"key":"Bronze Scales"},{"floor":14,"key":"ReplayTheSpireMod:Lightbulb"},{"floor":16,"key":"Replay:Kaleidoscope"}],"event_choices":[{"damage_healed":0,"gold_gain":53,"player_choice":"Gained Gold","damage_taken":0,"max_hp_gain":0,"max_hp_loss":0,"event_name":"Golden Wing","floor":11,"gold_loss":0},{"damage_healed":0,"gold_gain":100,"player_choice":"Pray","damage_taken":0,"max_hp_gain":0,"max_hp_loss":0,"event_name":"Golden Shrine","floor":19,"gold_loss":0}],"is_beta":false,"boss_relics":[{"not_picked":["aspiration:FutureDiary","RampagingMagicTools","Philosopher\u0027s Stone"]}],"items_purged_floors":[13],"is_endless":false,"potions_floor_spawned":[5,18,20],"killed_by":"Slavers","ascension_level":0}}