{"host":"solomon","time":1608740597,"event":{"mods":["Act Like it!","BaseMod","Library of Ruina","Library of Ruina Extra","Luminous","Minty Spire (QoL Compilation)","Robot Space Explorer","StSLib","The Dragon Tamer","【东方二次创作】八云紫mod","残留之物"],"gold_per_floor":[110,110,110,126,57,57,85,85,85,97,97,114,178,207,207,312,312,322,322,338,338,263,291,291,325,325,14,25,39,39,72,72,176,176,193,208,208,256,49,49,74,89,135,135,85,102,27,56,56,56,56,56,56,6,18,18],"floor_reached":57,"playtime":2361,"items_purged":["PlaceholderMod:BaseDefend","PlaceholderMod:BaseStrike","PlaceholderMod:BaseDefend","PlaceholderMod:BaseStrike","PlaceholderMod:BaseDefend"],"score":1506,"play_id":"28642cac-e78f-4a02-8a04-f3208285723b","local_time":"20201224002317","is_ascension_mode":true,"campfire_choices":[{"data":"PlaceholderMod:ComplexForm","floor":6.0,"key":"SMITH"},{"data":"PlaceholderMod:InnerStable","floor":8.0,"key":"SMITH"},{"data":"PlaceholderMod:SeverePoisonStrike","floor":11.0,"key":"SMITH"},{"data":"PlaceholderMod:PericyclicReaction","floor":15.0,"key":"SMITH"},{"floor":32.0,"key":"RECALL"},{"floor":40,"key":"DIG"},{"floor":49,"key":"DIG"},{"floor":53,"key":"DIG"}],"circlet_count":0,"master_deck":["PlaceholderMod:BaseStrike","PlaceholderMod:BaseStrike","PlaceholderMod:BaseStrike","PlaceholderMod:BaseDefend","PlaceholderMod:BaseDefend","PlaceholderMod:Crystal","PlaceholderMod:PoisonWhip","PlaceholderMod:NearChange","PlaceholderMod:SeverePoisonStrike+1","PlaceholderMod:ComplexForm+1","PlaceholderMod:InnerStable+1","PlaceholderMod:Corrosion","PlaceholderMod:PericyclicReaction+1","PlaceholderMod:MultiReaction+1","PlaceholderMod:FastReaction+1","PlaceholderMod:InnerStable+1","PlaceholderMod:PericyclicReaction+1","PlaceholderMod:PoisonAbsorb+1","PlaceholderMod:SeverePoisonStrike+1","PlaceholderMod:StressReaction+1","PlaceholderMod:StressReaction+1","PlaceholderMod:QualitativeChange+1"],"relics":["PlaceholderMod:Tancle","NeowsBlessing","Omamori","Molten Egg 2","StrikeDummy","Toxic Egg 2","Kunai","Fusion Hammer","MutagenicStrength","Happy Flower","PageOfSpiderBud","Smiling Mask","PageOfGreed","Membership Card","Lantern","PageOfTheQueenOfHatred","Runic Dome","Shovel","Torii","PreservedInsect","PageOfTheKnightOfDespair","DollysMirror","PageOfWrath","PlaceholderMod:SlimeBlood","PageOfAlriune","PageOfNihil"],"acts_visited":["Exordium","TheCity","TheBeyond","TheEnding"],"potions_floor_usage":[],"damage_taken":[{"damage":0.0,"enemies":"Cultist","floor":1.0,"turns":1.0},{"damage":0.0,"enemies":"Small Slimes","floor":4.0,"turns":1.0},{"damage":0.0,"enemies":"Gremlin Nob","floor":7.0,"turns":1.0},{"damage":6.0,"enemies":"2 Louse","floor":10.0,"turns":2.0},{"damage":8.0,"enemies":"Looter","floor":12.0,"turns":2.0},{"damage":10.0,"enemies":"3 Sentries","floor":13.0,"turns":8.0},{"damage":2.0,"enemies":"Lagavulin","floor":14.0,"turns":5.0},{"damage":8.0,"enemies":"Hexaghost","floor":16.0,"turns":6.0},{"damage":11.0,"enemies":"Spheric Guardian","floor":18.0,"turns":3.0},{"damage":0.0,"enemies":"Shell Parasite","floor":20.0,"turns":2.0},{"damage":0.0,"enemies":"Gremlin Leader","floor":23.0,"turns":3.0},{"damage":35.0,"enemies":"Slavers","floor":25.0,"turns":4.0},{"damage":2.0,"enemies":"3 Cultists","floor":28.0,"turns":4.0},{"damage":0.0,"enemies":"Snake Plant","floor":29.0,"turns":2.0},{"damage":4.0,"enemies":"Book of Stabbing","floor":31.0,"turns":3.0},{"damage":11.0,"enemies":"Collector","floor":33.0,"turns":4.0},{"damage":0,"enemies":"3 Shapes","floor":35,"turns":3},{"damage":0,"enemies":"Orb Walker","floor":36,"turns":1},{"damage":26,"enemies":"2 Orb Walkers","floor":38,"turns":3},{"damage":18,"enemies":"Giant Head","floor":41,"turns":4},{"damage":0,"enemies":"4 Shapes","floor":42,"turns":3},{"damage":0,"enemies":"Writhing Mass","floor":46,"turns":2},{"damage":0,"enemies":"Nemesis","floor":48,"turns":3},{"damage":3,"enemies":"Time Eater","floor":50,"turns":4},{"damage":2,"enemies":"Shield and Spear","floor":55,"turns":3},{"damage":34,"enemies":"The Heart","floor":56,"turns":4}],"seed_played":"3382140263736039348","potions_obtained":[{"floor":1.0,"key":"ColorlessPotion"},{"floor":4.0,"key":"Dexterity Potion"},{"floor":14.0,"key":"SkillPotion"},{"floor":20.0,"key":"PlaceholderMod:PlaceholderPotion"},{"floor":25.0,"key":"Fire Potion"},{"floor":31.0,"key":"DistilledChaos"},{"floor":35,"key":"FairyPotion"},{"floor":36,"key":"PowerPotion"}],"is_trial":false,"path_per_floor":["M","$","?","M","$","R","E","R","T","M","R","M","?","E","R","B",null,"M","?","M","?","$","E","?","E","T","$","M","M","?","E","R","B",null,"M","M","?","?","$","R","E","M","T","?","$","M","$","E","R","B",null,null,"R","$","E","B",null],"character_chosen":"THE_PLACEHOLDER","items_purchased":["PlaceholderMod:ComplexForm","Membership Card","Lantern","PlaceholderMod:FastReaction+1","Torii","DollysMirror"],"campfire_rested":0,"item_purchase_floors":[5,27,27,27,39,47],"current_hp_per_floor":[78,78,78,78,78,78,78,78,78,72,72,64,54,52,52,44,78,67,67,67,67,67,67,67,32,32,32,30,30,30,26,26,19,78,78,78,78,54,54,54,41,47,47,47,47,49,49,54,54,56,56,78,78,78,78,61],"gold":18,"neow_bonus":"THREE_ENEMY_KILL","is_daily":false,"chose_seed":false,"campfire_upgraded":4,"win_rate":0.0,"timestamp":1608740597,"path_taken":["M","?","?","M","$","R","E","R","T","?","R","M","?","E","R","BOSS","M","?","M","?","$","E","?","E","T","?","M","M","?","E","R","BOSS","M","M","?","?","$","R","E","M","T","?","$","M","$","E","R","BOSS","R","$","E","BOSS"],"items_purchased_type":["Card","Relic","Relic","Card","Relic","Relic"],"build_version":"2020-12-18","purchased_purges":5,"victory":true,"max_hp_per_floor":[78,78,78,78,78,78,78,78,78,78,78,78,78,78,78,78,78,78,78,78,78,78,78,78,78,78,78,78,78,78,78,78,78,78,78,78,78,78,78,78,78,78,78,78,78,78,78,78,78,78,78,78,78,78,78,78],"card_choices":[{"not_picked":["PlaceholderMod:OHStrongAttack","PlaceholderMod:HornyBlast"],"picked":"PlaceholderMod:NearChange","floor":1.0},{"not_picked":["PlaceholderMod:OHStrongAttack","PlaceholderMod:PoisonBlast"],"picked":"PlaceholderMod:SeverePoisonStrike","floor":4.0},{"not_picked":["PlaceholderMod:DissolvingSpikes+1","PlaceholderMod:Turn"],"picked":"PlaceholderMod:InnerStable","floor":7.0},{"not_picked":["PlaceholderMod:PoisonAbsorb","PlaceholderMod:AttackAsDefend+1"],"picked":"PlaceholderMod:Corrosion","floor":10.0},{"not_picked":["PlaceholderMod:StressReaction","PlaceholderMod:StrongAcid"],"picked":"PlaceholderMod:PericyclicReaction","floor":12.0},{"not_picked":["PlaceholderMod:PoisonBlast","PlaceholderMod:SeverePoisonStrike+1","PlaceholderMod:PoisonExcitation+1"],"picked":"SKIP","floor":14.0},{"not_picked":["PlaceholderMod:QualitativeChange+1","PlaceholderMod:ReactionCatalyze+1"],"picked":"PlaceholderMod:MultiReaction+1","floor":16.0},{"not_picked":["PlaceholderMod:SeverePoisonStrike+1","PlaceholderMod:Turn+1","PlaceholderMod:MultipleOxi+1"],"picked":"SKIP","floor":18.0},{"not_picked":["PlaceholderMod:Turn+1","PlaceholderMod:DirectingGroup+1","PlaceholderMod:AttackAsDefend+1"],"picked":"SKIP","floor":20.0},{"not_picked":["PlaceholderMod:HardStinger+1","PlaceholderMod:HornyBlast+1","PlaceholderMod:MultiReaction+1"],"picked":"SKIP","floor":23.0},{"not_picked":["PlaceholderMod:TriggerStrike+1","PlaceholderMod:ParasiteChange+1","PlaceholderMod:OHStrongAttack+1"],"picked":"SKIP","floor":25.0},{"not_picked":["PlaceholderMod:DiffusionChemical+1","PlaceholderMod:NutritionAbsorb+1"],"picked":"PlaceholderMod:InnerStable+1","floor":28.0},{"not_picked":["PlaceholderMod:ConsolidateHit+1","PlaceholderMod:HornyBlast+1","PlaceholderMod:ParasiteChange+1"],"picked":"SKIP","floor":29.0},{"not_picked":["PlaceholderMod:Crystallization","PlaceholderMod:ContinueSpray+1"],"picked":"PlaceholderMod:PoisonAbsorb+1","floor":31.0},{"not_picked":["PlaceholderMod:PoisonAbsorb+1","PlaceholderMod:ProliferateStrike+1","PlaceholderMod:SpinBlade+1"],"picked":"SKIP","floor":35},{"not_picked":["PlaceholderMod:ThreeBenzyolStart+1","PlaceholderMod:ProliferateStrike+1"],"picked":"PlaceholderMod:SeverePoisonStrike+1","floor":36},{"not_picked":["PlaceholderMod:SevereHeat+1","PlaceholderMod:CycleAttack+1"],"picked":"PlaceholderMod:StressReaction+1","floor":41},{"not_picked":["PlaceholderMod:DirectingGroup+1","PlaceholderMod:ComplexForm+1","PlaceholderMod:CrystallizationStrike+1"],"picked":"SKIP","floor":42},{"not_picked":["PlaceholderMod:HardStinger+1","PlaceholderMod:ProliferateStrike+1","PlaceholderMod:AttackAsDefend+1"],"picked":"SKIP","floor":46},{"not_picked":["PlaceholderMod:Turn+1","PlaceholderMod:PoisonAbsorb+1","PlaceholderMod:Polyp+1"],"picked":"SKIP","floor":48},{"not_picked":["PlaceholderMod:PoisonAbsorb+1","PlaceholderMod:OHStrongAttack+1"],"picked":"PlaceholderMod:QualitativeChange+1","floor":55}],"player_experience":422298,"relics_obtained":[{"floor":7.0,"key":"Molten Egg 2"},{"floor":9.0,"key":"StrikeDummy"},{"floor":13.0,"key":"Toxic Egg 2"},{"floor":14.0,"key":"Kunai"},{"floor":23.0,"key":"Happy Flower"},{"floor":25.0,"key":"Smiling Mask"},{"floor":26.0,"key":"PageOfGreed"},{"floor":31.0,"key":"PageOfTheQueenOfHatred"},{"floor":38,"key":"Shovel"},{"floor":40,"key":"PreservedInsect"},{"floor":41,"key":"PageOfTheKnightOfDespair"},{"floor":48,"key":"PageOfWrath"},{"floor":49,"key":"PlaceholderMod:SlimeBlood"},{"floor":53,"key":"PageOfAlriune"},{"floor":55,"key":"PageOfNihil"}],"event_choices":[{"damage_healed":0.0,"max_hp_gain":0.0,"max_hp_loss":0.0,"gold_gain":0.0,"event_name":"WeMeetAgain","player_choice":"Gave Potion","floor":3.0,"gold_loss":0.0,"damage_taken":0.0,"relics_obtained":["Omamori"]},{"damage_healed":0.0,"max_hp_gain":0.0,"max_hp_loss":0.0,"gold_gain":0.0,"event_name":"Dead Adventurer","player_choice":"Searched \u00271\u0027 times","floor":13.0,"gold_loss":0.0,"damage_taken":0.0},{"damage_healed":0.0,"max_hp_gain":0.0,"max_hp_loss":0.0,"gold_gain":0.0,"event_name":"Drug Dealer","player_choice":"Inject Mutagens","floor":19.0,"gold_loss":0.0,"damage_taken":0.0,"relics_obtained":["MutagenicStrength"]},{"damage_healed":0.0,"max_hp_gain":0.0,"max_hp_loss":0.0,"gold_gain":0.0,"event_name":"Ghosts","player_choice":"Ignored","floor":21.0,"gold_loss":0.0,"damage_taken":0.0},{"damage_healed":0.0,"max_hp_gain":0.0,"max_hp_loss":0.0,"gold_gain":0.0,"event_name":"Addict","player_choice":"Stole Relic","floor":24.0,"gold_loss":0.0,"damage_taken":0.0,"relics_obtained":["PageOfSpiderBud"],"cards_obtained":["Shame"]},{"damage_healed":0.0,"max_hp_gain":0.0,"max_hp_loss":0.0,"gold_gain":0.0,"event_name":"Duplicator","player_choice":"Copied","floor":30.0,"gold_loss":0.0,"damage_taken":0.0,"cards_obtained":["PlaceholderMod:PericyclicReaction"]},{"damage_healed":0,"gold_gain":0,"player_choice":"Ignored","damage_taken":0,"max_hp_gain":0,"max_hp_loss":0,"event_name":"Tomb of Lord Red Mask","floor":37,"gold_loss":0},{"damage_healed":0,"gold_gain":0,"player_choice":"Fight","damage_taken":0,"max_hp_gain":0,"max_hp_loss":0,"event_name":"Mysterious Sphere","floor":38,"gold_loss":0},{"damage_healed":0,"gold_gain":0,"player_choice":"Memory 1","damage_taken":0,"max_hp_gain":0,"max_hp_loss":0,"event_name":"SensoryStone","floor":44,"gold_loss":0}],"is_beta":true,"boss_relics":[{"not_picked":["Sozu","Pandora\u0027s Box"],"picked":"Fusion Hammer"},{"not_picked":["Tiny House","Astrolabe"],"picked":"Runic Dome"}],"items_purged_floors":[22,27,39,45,54],"is_endless":false,"potions_floor_spawned":[1,4,14,20,25,29,31,33,35,36,41],"ascension_level":2}}