{"host":"dcj2yvrgcvh5dl2s","time":1608719672,"event":{"mods":["BaseMod","Better Note","Block Reminder","Colored Powertips","DeckTracker","Minty Spire (QoL Compilation)","Quick Restart","Rare Cards Sparkle","Relic Stats","StSLib"],"gold_per_floor":[15,15,90,15,15,15,54,72,72,110,110,123,123,161,161,256,256,269,294,332,332,346,346,371,383,383,417,106,125,147,176,176,258,258,283,347,347,358,42,42,79,105,114,41,263,61,102,129,129,129],"floor_reached":51,"playtime":1793,"items_purged":["Strike_R","Strike_R","Doubt"],"score":1465,"play_id":"116345ca-61cc-4c06-b2e0-feb04353def6","local_time":"20201223203432","is_ascension_mode":true,"campfire_choices":[{"data":"Pommel Strike","floor":6,"key":"SMITH"},{"data":"Flex","floor":11,"key":"SMITH"},{"data":"Uppercut","floor":13,"key":"SMITH"},{"floor":15,"key":"REST"},{"floor":23,"key":"REST"},{"floor":32,"key":"REST"},{"floor":40,"key":"REST"},{"data":"Armaments","floor":49,"key":"SMITH"}],"circlet_count":0,"master_deck":["AscendersBane","Strike_R","Strike_R","Strike_R","Defend_R","Defend_R","Defend_R","Defend_R","Bash","Pommel Strike+1","Uppercut+1","Flex+1","Barricade","Juggernaut","Shrug It Off","Impervious","Heavy Blade","Body Slam","Impervious","Flame Barrier","Armaments+1","Flex","Limit Break","Body Slam","Pommel Strike+1","Shrug It Off","Flex","Flex+1","Shrug It Off","Metallicize","Shrug It Off","Armaments","Flex","Shrug It Off"],"relics":["Burning Blood","Bloody Idol","HornCleat","Ancient Tea Set","Centennial Puzzle","Incense Burner","Runic Dome","Red Mask","Akabeko","CeramicFish","Du-Vu Doll","Sling","Cursed Key","Gambling Chip","Magic Flower","Eternal Feather","Darkstone Periapt","Orichalcum"],"acts_visited":["Exordium","TheCity","TheBeyond"],"potions_floor_usage":[7,20,24,29,30,36,36,48,50,50],"damage_taken":[{"damage":6,"enemies":"Cultist","floor":1,"turns":3},{"damage":25,"enemies":"Lagavulin","floor":7,"turns":5},{"damage":0,"enemies":"Small Slimes","floor":8,"turns":3},{"damage":10,"enemies":"Gremlin Nob","floor":10,"turns":4},{"damage":12,"enemies":"Jaw Worm","floor":12,"turns":2},{"damage":16,"enemies":"Lagavulin","floor":14,"turns":4},{"damage":22,"enemies":"Slime Boss","floor":16,"turns":8},{"damage":7,"enemies":"Chosen","floor":18,"turns":7},{"damage":0,"enemies":"Spheric Guardian","floor":19,"turns":5},{"damage":52,"enemies":"Masked Bandits","floor":20,"turns":8},{"damage":0,"enemies":"Snecko","floor":22,"turns":5},{"damage":13,"enemies":"Slavers","floor":24,"turns":8},{"damage":7,"enemies":"Chosen and Byrds","floor":25,"turns":8},{"damage":67,"enemies":"Gremlin Leader","floor":27,"turns":10},{"damage":0,"enemies":"Centurion and Healer","floor":29,"turns":4},{"damage":13,"enemies":"Snake Plant","floor":30,"turns":4},{"damage":1,"enemies":"Shelled Parasite and Fungi","floor":31,"turns":6},{"damage":7,"enemies":"Champ","floor":33,"turns":13},{"damage":0,"enemies":"Orb Walker","floor":35,"turns":3},{"damage":74,"enemies":"2 Orb Walkers","floor":36,"turns":8},{"damage":14,"enemies":"3 Darklings","floor":38,"turns":8},{"damage":0,"enemies":"Nemesis","floor":41,"turns":5},{"damage":1,"enemies":"Sphere and 2 Shapes","floor":42,"turns":4},{"damage":0,"enemies":"Giant Head","floor":47,"turns":6},{"damage":12,"enemies":"Jaw Worm Horde","floor":48,"turns":5},{"damage":1,"enemies":"Time Eater","floor":50,"turns":11}],"seed_played":"-44664209346482306","potions_obtained":[{"floor":5,"key":"DistilledChaos"},{"floor":5,"key":"Ancient Potion"},{"floor":8,"key":"Explosive Potion"},{"floor":19,"key":"EssenceOfSteel"},{"floor":20,"key":"SteroidPotion"},{"floor":22,"key":"BlessingOfTheForge"},{"floor":29,"key":"ColorlessPotion"},{"floor":33,"key":"LiquidMemories"},{"floor":36,"key":"BloodPotion"},{"floor":41,"key":"GamblersBrew"},{"floor":42,"key":"Block Potion"},{"floor":48,"key":"Swift Potion"}],"is_trial":false,"path_per_floor":["M","?","?","$","?","R","E","M","T","E","R","M","R","E","R","B",null,"M","M","?","?","M","R","E","M","T","E","$","M","M","M","R","B",null,"M","?","?","M","$","R","E","M","T","$","?","$","E","M","R","B",null],"character_chosen":"IRONCLAD","items_purchased":["Impervious","Sling","Magic Flower","Shrug It Off","Shrug It Off","Metallicize","Shrug It Off","Armaments"],"campfire_rested":4,"item_purchase_floors":[28,28,39,39,44,44,46,46],"current_hp_per_floor":[82,82,71,71,71,71,52,58,58,54,54,48,48,38,62,46,73,72,78,32,32,43,67,65,69,69,13,18,34,37,52,76,82,82,82,40,40,37,42,66,82,82,82,82,82,82,82,82,82,82],"gold":129,"neow_bonus":"TWENTY_PERCENT_HP_BONUS","is_daily":false,"chose_seed":false,"campfire_upgraded":4,"win_rate":0.0,"timestamp":1608719672,"path_taken":["M","?","?","$","?","R","E","M","T","E","R","?","R","E","R","BOSS","M","M","?","?","M","R","E","M","T","E","$","M","M","M","R","BOSS","M","?","?","M","?","R","E","?","T","$","?","$","E","M","R","BOSS"],"items_purchased_type":["Card","Relic","Relic","Card","Card","Card","Card","Card"],"build_version":"2020-12-22","purchased_purges":3,"victory":true,"max_hp_per_floor":[89,82,82,82,82,82,82,82,82,82,82,82,82,82,82,82,82,82,82,82,82,82,82,82,82,82,82,82,82,82,82,82,82,82,82,82,82,82,82,82,82,82,82,82,82,82,82,82,82,82],"relic_stats":{"Darkstone Periapt":0,"Centennial Puzzle":[48],"counters":[26,157],"Bloody Idol":92,"CeramicFish":153,"Gambling Chip":[25],"Magic Flower":[6],"Eternal Feather":0,"Orichalcum":[0],"Cursed Key":1,"obtain_stats":[{"Darkstone Periapt":43,"Golden Idol":2,"CeramicFish":26,"Magic Flower":39,"Eternal Feather":41,"Incense Burner":14,"Orichalcum":47,"Ancient Tea Set":9,"Sling":28,"Cursed Key":34,"Burning Blood":0,"Akabeko":24,"Du-Vu Doll":27,"Runic Dome":17,"Centennial Puzzle":10,"HornCleat":7,"Bloody Idol":21,"Gambling Chip":36,"Red Mask":20},{"Darkstone Periapt":23,"Golden Idol":1,"CeramicFish":13,"Magic Flower":21,"Eternal Feather":22,"Incense Burner":6,"Orichalcum":24,"Ancient Tea Set":3,"Sling":14,"Cursed Key":18,"Burning Blood":0,"Akabeko":12,"Du-Vu Doll":14,"Runic Dome":7,"Centennial Puzzle":4,"HornCleat":2,"Bloody Idol":10,"Gambling Chip":20,"Red Mask":10},{"Darkstone Periapt":135,"Golden Idol":3,"CeramicFish":70,"Magic Flower":126,"Eternal Feather":131,"Incense Burner":21,"Orichalcum":141,"Ancient Tea Set":11,"Sling":80,"Cursed Key":107,"Burning Blood":0,"Akabeko":62,"Du-Vu Doll":80,"Runic Dome":29,"Centennial Puzzle":15,"HornCleat":8,"Bloody Idol":49,"Gambling Chip":118,"Red Mask":49}],"Burning Blood":140},"card_choices":[{"not_picked":["Entrench","Havoc"],"picked":"Pommel Strike","floor":1},{"not_picked":["Reckless Charge","Wild Strike"],"picked":"Uppercut","floor":7},{"not_picked":["Perfected Strike","Second Wind"],"picked":"Pommel Strike","floor":8},{"not_picked":["Thunderclap","Pommel Strike"],"picked":"Flex","floor":10},{"not_picked":["True Grit","Wild Strike","Combust"],"picked":"SKIP","floor":12},{"not_picked":["Clothesline","Dual Wield"],"picked":"Barricade","floor":14},{"not_picked":["Demon Form","Brutality"],"picked":"Juggernaut","floor":16},{"not_picked":["Perfected Strike","Warcry"],"picked":"Shrug It Off","floor":18},{"not_picked":["Iron Wave","Pommel Strike"],"picked":"Impervious","floor":19},{"not_picked":["Fire Breathing","Rampage"],"picked":"Heavy Blade","floor":20},{"not_picked":["Thunderclap","Twin Strike","Cleave"],"picked":"SKIP","floor":22},{"not_picked":["Cleave+1","Warcry","Wild Strike"],"picked":"SKIP","floor":24},{"not_picked":["Havoc","Reaper"],"picked":"Body Slam","floor":25},{"not_picked":["Havoc","Warcry","Thunderclap"],"picked":"SKIP","floor":27},{"not_picked":["Spot Weakness","Heavy Blade"],"picked":"Flame Barrier","floor":29},{"not_picked":["Evolve","Wild Strike"],"picked":"Armaments","floor":30},{"not_picked":["Wild Strike","Sword Boomerang+1"],"picked":"Flex","floor":31},{"not_picked":["Exhume","Brutality"],"picked":"Limit Break","floor":33},{"not_picked":["Intimidate","Ghostly Armor+1"],"picked":"Body Slam","floor":35},{"not_picked":["Sentinel","Carnage+1"],"picked":"Pommel Strike+1","floor":36},{"not_picked":["Thunderclap","Anger","True Grit"],"picked":"SKIP","floor":38},{"not_picked":["Dropkick+1","Cleave"],"picked":"Flex","floor":41},{"not_picked":["Headbutt","Fire Breathing+1"],"picked":"Flex+1","floor":42},{"not_picked":["Rupture+1","Cleave"],"picked":"Flex","floor":47},{"not_picked":["Warcry","Anger"],"picked":"Shrug It Off","floor":48}],"player_experience":2017222,"relics_obtained":[{"floor":7,"key":"HornCleat"},{"floor":9,"key":"Ancient Tea Set"},{"floor":10,"key":"Centennial Puzzle"},{"floor":14,"key":"Incense Burner"},{"floor":20,"key":"Red Mask"},{"floor":24,"key":"Akabeko"},{"floor":26,"key":"CeramicFish"},{"floor":27,"key":"Du-Vu Doll"},{"floor":36,"key":"Gambling Chip"},{"floor":41,"key":"Eternal Feather"},{"floor":43,"key":"Darkstone Periapt"},{"floor":47,"key":"Orichalcum"}],"event_choices":[{"damage_healed":0,"gold_gain":0,"player_choice":"Lose Max HP","damage_taken":0,"relics_obtained":["Golden Idol"],"max_hp_gain":0,"max_hp_loss":7,"event_name":"Golden Idol","floor":2,"gold_loss":0},{"damage_healed":0,"gold_gain":75,"player_choice":"Gather Gold","damage_taken":11,"max_hp_gain":0,"max_hp_loss":0,"event_name":"World of Goop","floor":3,"gold_loss":0},{"damage_healed":0,"gold_gain":0,"player_choice":"Got Potions","damage_taken":0,"max_hp_gain":0,"max_hp_loss":0,"event_name":"Lab","floor":5,"gold_loss":0},{"damage_healed":0,"gold_gain":0,"player_choice":"Fought Bandits","damage_taken":0,"max_hp_gain":0,"max_hp_loss":0,"event_name":"Masked Bandits","floor":20,"gold_loss":0},{"damage_healed":0,"gold_gain":0,"player_choice":"Gave Idol","damage_taken":0,"relics_obtained":["Bloody Idol"],"max_hp_gain":0,"max_hp_loss":0,"event_name":"Forgotten Altar","floor":21,"relics_lost":["Golden Idol"],"gold_loss":0},{"damage_healed":0,"gold_gain":0,"player_choice":"Fight","damage_taken":0,"max_hp_gain":0,"max_hp_loss":0,"event_name":"Mysterious Sphere","floor":36,"gold_loss":0},{"cards_removed":["Pommel Strike"],"damage_healed":0,"gold_gain":0,"player_choice":"Removed Attack","damage_taken":0,"max_hp_gain":0,"max_hp_loss":0,"event_name":"Falling","floor":37,"gold_loss":0},{"damage_healed":0,"gold_gain":222,"player_choice":"Wore Mask","damage_taken":0,"max_hp_gain":0,"max_hp_loss":0,"event_name":"Tomb of Lord Red Mask","floor":45,"gold_loss":0}],"is_beta":false,"boss_relics":[{"not_picked":["Pandora\u0027s Box","Snecko Eye"],"picked":"Runic Dome"},{"not_picked":["Empty Cage","Fusion Hammer"],"picked":"Cursed Key"}],"items_purged_floors":[4,28,46],"is_endless":false,"potions_floor_spawned":[8,14,19,20,22,29,33,36,41,42,48],"ascension_level":14}}