{"host":"pi8b3ffzwvxqztac","time":1608720639,"event":{"mods":["BaseMod","Colored Map","Downfall","Minty Spire (QoL Compilation)","StSLib"],"gold_per_floor":[99,110,110,120,131,151,177,206,238,175,205,101,101,101,113,210,210,210,220,239,253,253,287,339,79,79,19,30,30,30,63,74,74,74,74],"floor_reached":33,"playtime":2161,"items_purged":["Regret"],"score":328,"play_id":"bd0b4367-fb6c-47f0-858c-d2f42c0ae669","local_time":"20201223235039","is_ascension_mode":true,"campfire_choices":[{"floor":1,"key":"RECALL"},{"floor":10,"key":"REST"},{"data":"hexamod:Float","floor":13,"key":"SMITH"},{"data":"hexamod:EtherealExpedition","floor":18,"key":"SMITH"},{"data":"hexamod:ThermalTransfer","floor":30,"key":"SMITH"}],"circlet_count":0,"master_deck":["hexamod:Defend+1","hexamod:Defend","hexamod:Defend+1","hexamod:Defend+1","hexamod:Sear+1","hexamod:Float+1","hexamod:EtherealExpedition+1","hexamod:RecurringNightmare+1","hexamod:VolcanoVisage","hexamod:SpectersWail","hexamod:ThermalTransfer+1","hexamod:FirstSeal","hexamod:SkipABeat","hexamod:HexaLevel","hexamod:FirstSeal","Bite","Bite","Bite","Bite","Bite","hexamod:FastForward+1","hexamod:FastForward","hexamod:EmpoweredFlame","hexamod:FastForward","hexamod:EtherealExpedition+1"],"relics":["hexamod:SpiritBrand","Oddly Smooth Stone","MawBank","downfall:HeartBlessingRed","Black Star","Potion Belt","Mercury Hourglass","MealTicket","Lee\u0027s Waffle","MutagenicStrength","War Paint","Toy Ornithopter"],"acts_visited":["Exordium","TheCity"],"potions_floor_usage":[12,12,12,23,32,33],"damage_taken":[{"damage":0,"enemies":"Jaw Worm","floor":2,"turns":3},{"damage":2,"enemies":"2 Louse","floor":4,"turns":2},{"damage":5,"enemies":"Small Slimes","floor":5,"turns":3},{"damage":10,"enemies":"3 Louse","floor":6,"turns":5},{"damage":18,"enemies":"3 Sentries","floor":8,"turns":10},{"damage":10,"enemies":"Exordium Wildlife","floor":9,"turns":7},{"damage":2,"enemies":"Lots of Slimes","floor":11,"turns":4},{"damage":4,"enemies":"downfall:FleeingMerchant","floor":12,"turns":4},{"damage":0,"enemies":"3 Louse","floor":15,"turns":2},{"damage":8,"enemies":"downfall:Ironclad","floor":16,"turns":9},{"damage":25,"enemies":"Chosen","floor":19,"turns":5},{"damage":8,"enemies":"Spheric Guardian","floor":20,"turns":5},{"damage":8,"enemies":"Snake Plant","floor":21,"turns":5},{"damage":53,"enemies":"Book of Stabbing","floor":23,"turns":5},{"damage":0,"enemies":"downfall:FleeingMerchant","floor":25,"turns":4},{"damage":8,"enemies":"downfall:FleeingMerchant","floor":27,"turns":4},{"damage":20,"enemies":"Sentry and Sphere","floor":28,"turns":6},{"damage":26,"enemies":"Slavers","floor":31,"turns":5},{"damage":13,"enemies":"Chosen and Byrds","floor":32,"turns":6},{"damage":74,"enemies":"downfall:Watcher","floor":33,"turns":8}],"seed_played":"-2059300449222490543","potions_obtained":[{"floor":2,"key":"sneckomod:MuddlingPotion"},{"floor":5,"key":"Fire Potion"},{"floor":8,"key":"FearPotion"},{"floor":9,"key":"BlessingOfTheForge"},{"floor":11,"key":"AttackPotion"},{"floor":19,"key":"Fire Potion"},{"floor":31,"key":"AttackPotion"},{"floor":32,"key":"SkillPotion"}],"is_trial":false,"path_per_floor":["R","M","?","M","M","M","T","E","M","R","M","$","R","?","M","B",null,"R","M","M","M","?","E","T","$","?","$","M","?","R","E","M","B"],"character_chosen":"THE_SPIRIT","items_purchased":["hexamod:ThermalTransfer","hexamod:FastForward","Lee\u0027s Waffle","hexamod:EmpoweredFlame","hexamod:FastForward"],"campfire_rested":1,"item_purchase_floors":[12,25,25,25,27],"current_hp_per_floor":[77,77,77,75,70,60,60,42,32,55,53,49,49,42,42,34,77,77,59,58,57,53,28,28,60,60,60,60,50,50,41,51,0,0,0],"gold":74,"neow_bonus":"TEN_PERCENT_HP_BONUS","is_daily":false,"chose_seed":false,"campfire_upgraded":3,"win_rate":0.0,"timestamp":1608720639,"path_taken":["R","M","?","M","M","M","T","E","M","R","M","$","R","?","M","BOSS","R","M","M","M","?","E","T","$","?","$","M","?","R","E","M","BOSS"],"items_purchased_type":["Card","Card","Relic","Card","Card"],"build_version":"2020-12-22","purchased_purges":1,"victory":false,"max_hp_per_floor":[77,77,77,77,77,77,77,77,77,77,77,77,77,77,77,77,77,77,77,77,77,53,53,53,60,60,60,60,65,65,65,65,65,65,65],"card_choices":[{"not_picked":["hexamod:DynamicBlow","hexamod:BacktrackSmack","hexamod:RadiantFlame"],"picked":"SKIP","floor":2},{"not_picked":["hexamod:GhostOfSpirePresent","hexamod:GhostOfSpireFuture"],"picked":"hexamod:EtherealExpedition","floor":4},{"not_picked":["hexamod:ThirdSeal","hexamod:InspiringFlames","hexamod:FourthSeal"],"picked":"SKIP","floor":5},{"not_picked":["hexamod:ChargedBarrage","hexamod:Hexaguard"],"picked":"hexamod:RecurringNightmare","floor":6},{"not_picked":["hexamod:HeatMetal","hexamod:EmpoweredFlame","hexamod:Hexaguard"],"picked":"SKIP","floor":8},{"not_picked":["hexamod:NecessarySacrifice","hexamod:SoulSteal"],"picked":"hexamod:VolcanoVisage","floor":9},{"not_picked":["hexamod:NightmareStrike","hexamod:GhostLash"],"picked":"hexamod:SpectersWail","floor":11},{"not_picked":["hexamod:SwordOfDarkness","hexamod:ExtraCrispy","hexamod:BurningTouch"],"picked":"SKIP","floor":12},{"not_picked":["hexamod:HauntingEcho","hexamod:GhostflameBarrier"],"picked":"hexamod:SkipABeat","floor":15},{"not_picked":["hexamod:GhostflameInferno","hexamod:UnleashSpirits"],"picked":"hexamod:HexaLevel","floor":16},{"not_picked":["hexamod:RecurringNightmare","hexamod:BurningTouch","hexamod:SecondSeal"],"picked":"SKIP","floor":19},{"not_picked":["hexamod:HeatMetal","hexamod:Firestarter","hexamod:SpectersWail"],"picked":"SKIP","floor":20},{"not_picked":["hexamod:SwordOfDarkness","hexamod:BurningTouch"],"picked":"hexamod:FirstSeal","floor":21},{"not_picked":["hexamod:HexaLevel","hexamod:NightmareStrike+1"],"picked":"hexamod:FastForward+1","floor":23},{"not_picked":["hexamod:SpectersWail","hexamod:BacktrackSmack+1","hexamod:GhostLash"],"picked":"SKIP","floor":25},{"not_picked":["hexamod:AdvancingGuard","hexamod:BacktrackSmack","hexamod:SecondSeal"],"picked":"SKIP","floor":27},{"not_picked":["hexamod:Hexaguard+1","hexamod:DynamicBlow"],"picked":"hexamod:EtherealExpedition+1","floor":28},{"not_picked":["hexamod:AdvancingGuard","hexamod:Firestarter","hexamod:SecondSeal"],"picked":"SKIP","floor":31},{"not_picked":["hexamod:SwordOfDarkness+1","hexamod:UnleashSpirits","hexamod:ExtraCrispy"],"picked":"SKIP","floor":32}],"player_experience":428477,"relics_obtained":[{"floor":7,"key":"Oddly Smooth Stone"},{"floor":8,"key":"MawBank"},{"floor":23,"key":"Potion Belt"},{"floor":23,"key":"Mercury Hourglass"},{"floor":24,"key":"MealTicket"},{"floor":31,"key":"War Paint"},{"floor":31,"key":"Toy Ornithopter"}],"event_choices":[{"damage_healed":0,"gold_gain":0,"player_choice":"Became a vampire","damage_taken":0,"max_hp_gain":0,"max_hp_loss":24,"event_name":"Vampires","floor":22,"gold_loss":0,"cards_obtained":["Bite","Bite","Bite","Bite","Bite"]},{"damage_healed":0,"gold_gain":0,"player_choice":"Inject Mutagens","damage_taken":0,"relics_obtained":["MutagenicStrength"],"max_hp_gain":0,"max_hp_loss":0,"event_name":"Drug Dealer","floor":26,"gold_loss":0}],"is_beta":false,"boss_relics":[{"not_picked":["Runic Dome","Sozu"],"picked":"Black Star"}],"items_purged_floors":[12],"is_endless":false,"potions_floor_spawned":[2,5,8,9,11,19,31,32],"killed_by":"downfall:Watcher","ascension_level":1}}