{"host":"eydwxg59205c3vtl","time":1608749584,"event":{"mods":["2.2 Compatiblity","BaseMod","Colored Map","Colored Powertips","Hubris","Minty Spire (QoL Compilation)","StSLib","The Necromancer"],"gold_per_floor":[119,134,25,25,25,25,25,25,25,52,67,102,102,134,134,134,134],"floor_reached":16,"playtime":275,"items_purged":["Strike_W"],"score":233,"play_id":"2d04a04a-a2fa-4ed7-960d-1ea0f2479b46","local_time":"20201223135304","is_ascension_mode":true,"campfire_choices":[{"data":"Bone_Armory","floor":6,"key":"SMITH"},{"data":"Negative_Energy_Arrows","floor":8,"key":"SMITH"},{"floor":15,"key":"REST"}],"circlet_count":0,"master_deck":["AscendersBane","Exploit","Strike_W","Defend_W","Defend_W","Defend_W+1","Defend_W","Negative_Energy_Arrows+1","Bone_Wall+1","Bone_Spikes","Bone_Spikes","Bone_Armory+1","Negative_Energy_Javelin","Bone_Armory","Bone_Armory"],"relics":["Vampire_Amulet","NeowsBlessing","Toxic Egg 2","Happy Flower","Boot","War Paint","Question Card"],"acts_visited":["Exordium"],"potions_floor_usage":[12,16],"damage_taken":[{"damage":0,"enemies":"Cultist","floor":1,"turns":1},{"damage":0,"enemies":"Jaw Worm","floor":2,"turns":1},{"damage":0,"enemies":"Lagavulin","floor":10,"turns":2},{"damage":12,"enemies":"Small Slimes","floor":11,"turns":3},{"damage":17,"enemies":"Gremlin Nob","floor":12,"turns":4},{"damage":30,"enemies":"Lagavulin","floor":14,"turns":7},{"damage":40,"enemies":"Hexaghost","floor":16,"turns":9}],"seed_played":"-2187172395399001490","potions_obtained":[{"floor":2,"key":"BlessingOfTheForge"},{"floor":12,"key":"Strength Potion"}],"is_trial":false,"path_per_floor":["M","M","$","?","?","R","$","R","T","E","M","E","T","E","R","B"],"character_chosen":"NECROMANCER","items_purchased":["Bone_Armory"],"campfire_rested":1,"item_purchase_floors":[3],"current_hp_per_floor":[70,72,72,65,65,65,65,65,65,67,59,44,44,16,38,0,0],"gold":134,"neow_bonus":"THREE_ENEMY_KILL","is_daily":false,"chose_seed":false,"campfire_upgraded":2,"win_rate":0.0,"timestamp":1608749584,"path_taken":["M","M","?","?","?","R","$","R","T","E","?","E","?","E","R","BOSS"],"items_purchased_type":["Card"],"build_version":"2020-12-22","purchased_purges":1,"victory":false,"max_hp_per_floor":[75,75,75,75,75,75,75,75,75,75,75,75,75,75,75,75,75],"card_choices":[{"not_picked":["Consume_Illness","Bone_Shift"],"picked":"Bone_Spikes","floor":1},{"not_picked":["Scare","Consume_Illness"],"picked":"Bone_Spikes","floor":2},{"not_picked":["Blood_Wake","Vampiric_Strike"],"picked":"Negative_Energy_Javelin","floor":10},{"not_picked":["Bones_to_Steel+1","Death_Knell"],"picked":"Bone_Armory","floor":11},{"not_picked":["Cloudkill+1","Life_Drain","Epidemic+1"],"picked":"SKIP","floor":12},{"not_picked":["Deaths_Shadow","Slay_Living"],"picked":"Bone_Armory","floor":14}],"player_experience":551641,"relics_obtained":[{"floor":9,"key":"Toxic Egg 2"},{"floor":10,"key":"Happy Flower"},{"floor":12,"key":"Boot"},{"floor":13,"key":"War Paint"},{"floor":14,"key":"Question Card"}],"event_choices":[{"cards_removed":["Strike_W"],"damage_healed":0,"gold_gain":0,"player_choice":"Card Removal","damage_taken":7,"max_hp_gain":0,"max_hp_loss":0,"event_name":"Golden Wing","floor":4,"gold_loss":0},{"cards_removed":["Strike_W"],"damage_healed":0,"gold_gain":0,"player_choice":"Card Removal","damage_taken":0,"max_hp_gain":0,"max_hp_loss":0,"event_name":"Wheel of Change","floor":5,"gold_loss":0}],"is_beta":false,"boss_relics":[],"items_purged_floors":[3],"is_endless":false,"potions_floor_spawned":[2,12],"killed_by":"Hexaghost","ascension_level":13}}