{"host":"w7o06k3e8uel8euj","time":1608726536,"event":{"mods":["AchievementEnabler","BaseMod","Colored Powertips","Custom Start","DeckTracker","Keyboard Shortcuts","Minty Spire (QoL Compilation)","Quick Restart","Relic Stats","StSLib","SuperFastMode","everything is the same but u backflip on backflip"],"gold_per_floor":[213,103,122,82,96,121,121,135,158,169,199,213,213,238,238,339,339,351,369,381,381,381,414,414,414,414],"floor_reached":25,"playtime":558,"items_purged":["Strike_G"],"score":461,"play_id":"4fabb412-6449-40df-b338-7097b8129cb4","local_time":"20201223212856","is_ascension_mode":true,"campfire_choices":[{"data":"Accuracy","floor":7.0,"key":"SMITH"},{"data":"Blade Dance","floor":13,"key":"SMITH"},{"floor":15,"key":"REST"},{"floor":24,"key":"REST"}],"circlet_count":0,"master_deck":["Strike_G","Strike_G","Strike_G","Strike_G","Defend_G","Defend_G","Defend_G","Defend_G","Defend_G","Survivor","Neutralize","Blade Dance","Accuracy+1","Tactician","Blade Dance+1","Backflip","Dagger Throw","Acrobatics","Adrenaline","PiercingWail+1","Well Laid Plans","Acrobatics"],"relics":["Ring of the Snake","Pen Nib","MealTicket","Dream Catcher","WristBlade","Oddly Smooth Stone"],"acts_visited":["Exordium","TheCity"],"potions_floor_usage":[16,23,23,23],"damage_taken":[{"damage":5.0,"enemies":"Cultist","floor":1.0,"turns":4.0},{"damage":3.0,"enemies":"Small Slimes","floor":3.0,"turns":3.0},{"damage":3.0,"enemies":"2 Louse","floor":5.0,"turns":2.0},{"damage":35.0,"enemies":"Lagavulin","floor":6.0,"turns":7.0},{"damage":12.0,"enemies":"Gremlin Gang","floor":8.0,"turns":5.0},{"damage":4.0,"enemies":"3 Louse","floor":10.0,"turns":2.0},{"damage":19.0,"enemies":"3 Sentries","floor":11.0,"turns":7.0},{"damage":0,"enemies":"Looter","floor":12,"turns":1},{"damage":5,"enemies":"Gremlin Nob","floor":14,"turns":3},{"damage":0,"enemies":"Slime Boss","floor":16,"turns":3},{"damage":0,"enemies":"3 Byrds","floor":18,"turns":4},{"damage":2,"enemies":"Chosen","floor":19,"turns":3},{"damage":36,"enemies":"Snake Plant","floor":20,"turns":4},{"damage":0,"enemies":"Book of Stabbing","floor":23,"turns":3},{"damage":36,"enemies":"Slavers","floor":25,"turns":2}],"seed_played":"2928343004855813622","potions_obtained":[{"floor":3.0,"key":"SkillPotion"},{"floor":4.0,"key":"Regen Potion"},{"floor":4.0,"key":"GhostInAJar"},{"floor":4.0,"key":"Regen Potion"},{"floor":6.0,"key":"Poison Potion"},{"floor":11.0,"key":"DistilledChaos"},{"floor":18,"key":"Swift Potion"},{"floor":20,"key":"DuplicationPotion"}],"is_trial":false,"path_per_floor":["M","$","M","?","M","E","R","M","T","M","E","M","R","E","R","B",null,"M","M","M","?","?","E","R","E"],"character_chosen":"THE_SILENT","items_purchased":["Accuracy"],"campfire_rested":2,"item_purchase_floors":[2],"current_hp_per_floor":[58,58,55,55,52,32,32,32,32,28,9,9,9,4,25,25,59,59,57,21,8,8,8,30,0,0],"gold":414,"neow_bonus":"HUNDRED_GOLD","is_daily":false,"chose_seed":false,"campfire_upgraded":2,"win_rate":0.0,"timestamp":1608726536,"path_taken":["M","$","?","?","?","E","R","M","T","M","E","M","R","E","R","BOSS","M","M","?","?","?","E","R","E"],"items_purchased_type":["Card"],"build_version":"2020-12-22","purchased_purges":1,"victory":false,"max_hp_per_floor":[70,70,70,70,70,70,70,70,70,70,70,70,70,70,70,70,70,70,70,70,75,75,75,75,75,75],"relic_stats":{"Dream Catcher":2,"counters":[15,53],"MealTicket":0,"Pen Nib":[12],"obtain_stats":[{"Dream Catcher":14,"WristBlade":17,"Oddly Smooth Stone":23,"MealTicket":11,"Pen Nib":6,"Ring of the Snake":0},{"Dream Catcher":9,"WristBlade":10,"Oddly Smooth Stone":14,"MealTicket":7,"Pen Nib":4,"Ring of the Snake":0},{"Dream Catcher":34,"WristBlade":37,"Oddly Smooth Stone":51,"MealTicket":30,"Pen Nib":16,"Ring of the Snake":0}],"Ring of the Snake":[30]},"card_choices":[{"not_picked":["Dodge and Roll","Dash"],"picked":"Blade Dance","floor":1.0},{"not_picked":["Sucker Punch","Prepared","PiercingWail"],"picked":"SKIP","floor":3.0},{"not_picked":["Outmaneuver","Endless Agony","Underhanded Strike"],"picked":"SKIP","floor":5.0},{"not_picked":["Deadly Poison","Underhanded Strike"],"picked":"Tactician","floor":6.0},{"not_picked":["Unload","PiercingWail","Dodge and Roll"],"picked":"SKIP","floor":8.0},{"not_picked":["Bane","Flechettes"],"picked":"Blade Dance","floor":10.0},{"not_picked":["Blur","A Thousand Cuts"],"picked":"Backflip","floor":11.0},{"not_picked":["Backflip","Caltrops"],"picked":"Dagger Throw","floor":12},{"not_picked":["Outmaneuver","Concentrate"],"picked":"Acrobatics","floor":14},{"not_picked":["Burst","Grand Finale"],"picked":"Adrenaline","floor":16},{"not_picked":["Flying Knee+1","Underhanded Strike+1"],"picked":"PiercingWail+1","floor":18},{"not_picked":["Setup+1","Dash+1","Well Laid Plans"],"picked":"SKIP","floor":19},{"not_picked":["Skewer","Outmaneuver","Calculated Gamble"],"picked":"SKIP","floor":20},{"not_picked":["Skewer","Outmaneuver","Calculated Gamble"],"picked":"SKIP","floor":20},{"not_picked":["Caltrops","Concentrate"],"picked":"Well Laid Plans","floor":23},{"not_picked":["Dagger Spray","A Thousand Cuts"],"picked":"Acrobatics","floor":24}],"player_experience":570333,"relics_obtained":[{"floor":6.0,"key":"Pen Nib"},{"floor":11.0,"key":"MealTicket"},{"floor":14,"key":"Dream Catcher"},{"floor":23,"key":"Oddly Smooth Stone"}],"event_choices":[{"damage_healed":0.0,"max_hp_gain":0.0,"max_hp_loss":0.0,"gold_gain":0.0,"event_name":"The Woman in Blue","player_choice":"Bought 3 Potions","floor":4.0,"gold_loss":0.0,"damage_taken":0.0},{"damage_healed":0,"gold_gain":0,"player_choice":"Shed Blood","damage_taken":18,"max_hp_gain":5,"max_hp_loss":0,"event_name":"Forgotten Altar","floor":21,"gold_loss":0},{"damage_healed":0,"gold_gain":0,"player_choice":"Ignored","damage_taken":0,"max_hp_gain":0,"max_hp_loss":0,"event_name":"Ghosts","floor":22,"gold_loss":0}],"is_beta":false,"boss_relics":[{"not_picked":["Tiny House","Calling Bell"],"picked":"WristBlade"}],"items_purged_floors":[2],"is_endless":false,"potions_floor_spawned":[3,6,11,12,18,20],"killed_by":"Slavers","ascension_level":9}}