{"host":"rmsq46plbpwfbxcc","time":1608727010,"event":{"mods":["AchievementEnabler","BaseMod","Colored Map","DeckTracker","Minty Spire (QoL Compilation)","Permanent Neow","SuperFastMode"],"gold_per_floor":[124,148,175,203,215,227,266,278,337,380,408,431,443,466,478,490,490],"floor_reached":16,"playtime":600,"items_purged":[],"score":205,"play_id":"7dc40862-ab2b-4b80-b227-b8bd31a63304","local_time":"20201223213650","is_ascension_mode":true,"campfire_choices":[{"data":"Neutralize","floor":6,"key":"SMITH"},{"data":"Dash","floor":8,"key":"SMITH"},{"data":"Cloak And Dagger","floor":13,"key":"SMITH"},{"data":"Adrenaline","floor":15,"key":"SMITH"}],"circlet_count":0,"master_deck":["AscendersBane","Strike_G","Strike_G","Strike_G","Strike_G","Strike_G","Defend_G","Defend_G","Defend_G","Defend_G","Defend_G","Survivor","Neutralize+1","CurseOfTheBell","Dash+1","Adrenaline+1","Dagger Spray","Pain","Adrenaline","Adrenaline","Cloak And Dagger+1","Backstab"],"relics":["Calling Bell","MawBank","White Beast Statue","Gambling Chip","WarpedTongs","Sundial","Happy Flower","Boot"],"acts_visited":["Exordium"],"potions_floor_usage":[3,4,7,10,10,10,10,16,16],"damage_taken":[{"damage":2,"enemies":"2 Louse","floor":1,"turns":4},{"damage":5,"enemies":"Cultist","floor":2,"turns":5},{"damage":3,"enemies":"Jaw Worm","floor":3,"turns":5},{"damage":1,"enemies":"Large Slime","floor":4,"turns":4},{"damage":18,"enemies":"3 Sentries","floor":7,"turns":8},{"damage":13,"enemies":"Lagavulin","floor":10,"turns":8},{"damage":1,"enemies":"2 Fungi Beasts","floor":11,"turns":3},{"damage":0,"enemies":"Red Slaver","floor":12,"turns":2},{"damage":3,"enemies":"Large Slime","floor":14,"turns":4},{"damage":16,"enemies":"Hexaghost","floor":16,"turns":11}],"seed_played":"-8070179974688949224","potions_obtained":[{"floor":1,"key":"SpeedPotion"},{"floor":2,"key":"LiquidBronze"},{"floor":3,"key":"AttackPotion"},{"floor":4,"key":"Dexterity Potion"},{"floor":7,"key":"EntropicBrew"},{"floor":10,"key":"Explosive Potion"},{"floor":11,"key":"SkillPotion"},{"floor":14,"key":"DuplicationPotion"}],"is_trial":false,"path_per_floor":["M","M","M","M","?","R","E","R","T","E","M","M","R","M","R","B"],"character_chosen":"THE_SILENT","items_purchased":[],"campfire_rested":0,"item_purchase_floors":[],"current_hp_per_floor":[57,52,49,48,48,48,30,30,30,17,16,16,16,13,13,0,0],"gold":490,"neow_bonus":"BOSS_RELIC","is_daily":false,"chose_seed":false,"campfire_upgraded":4,"win_rate":0.0,"timestamp":1608727010,"path_taken":["M","M","M","M","?","R","E","R","T","E","?","M","R","M","R","BOSS"],"items_purchased_type":[],"build_version":"2020-12-22","purchased_purges":0,"victory":false,"max_hp_per_floor":[66,66,66,66,66,66,66,66,66,66,66,66,66,66,66,66,66],"card_choices":[{"not_picked":["Underhanded Strike","Acrobatics"],"picked":"Dash","floor":1},{"not_picked":["Dagger Spray","Dash"],"picked":"Adrenaline","floor":2},{"not_picked":["Deadly Poison","Well Laid Plans"],"picked":"Dagger Spray","floor":3},{"not_picked":["Prepared","Eviscerate","Flying Knee"],"picked":"SKIP","floor":4},{"not_picked":["Underhanded Strike","Riddle With Holes"],"picked":"Adrenaline","floor":7},{"not_picked":["Sucker Punch","Dagger Spray"],"picked":"Adrenaline","floor":10},{"not_picked":["Deflect","Quick Slash","Prepared"],"picked":"SKIP","floor":11},{"not_picked":["Outmaneuver","Calculated Gamble"],"picked":"Cloak And Dagger","floor":12},{"not_picked":["Storm of Steel","Flying Knee"],"picked":"Backstab","floor":14}],"player_experience":1363267,"relics_obtained":[{"floor":0,"key":"MawBank"},{"floor":0,"key":"White Beast Statue"},{"floor":0,"key":"Gambling Chip"},{"floor":7,"key":"Sundial"},{"floor":9,"key":"Happy Flower"},{"floor":10,"key":"Boot"}],"event_choices":[{"damage_healed":0,"gold_gain":0,"player_choice":"Rummage","damage_taken":0,"relics_obtained":["WarpedTongs"],"max_hp_gain":0,"max_hp_loss":0,"event_name":"Accursed Blacksmith","floor":5,"gold_loss":0,"cards_obtained":["Pain"]}],"is_beta":false,"boss_relics":[],"items_purged_floors":[],"is_endless":false,"potions_floor_spawned":[1,2,3,4,7,10,11,12,14],"killed_by":"Hexaghost","ascension_level":16}}