{"host":"6pgtslebjnyv5xmi","time":1608734824,"event":{"mods":["AchievementEnabler","BaseMod","Colored Map","Minty Spire (QoL Compilation)","Rare Cards Sparkle","StSLib","SuperFastMode","The Dragon Tamer","everything is the same but u backflip on backflip"],"gold_per_floor":[114,81,81,81,12,39,84,96,96,111,111,125,144,144,144,268,268,288,301,177,276,300,300,323,323,323,366,366,366,380,395,395,518,518,538,538,871,881,881,881,915,915,915,927,977,977,996,1015,1015,1015],"floor_reached":51,"playtime":3621,"items_purged":["Strike_B"],"score":794,"play_id":"01bb09f6-da37-4099-beb3-d09e8e511058","local_time":"20201223234704","is_ascension_mode":true,"campfire_choices":[{"floor":11.0,"key":"REST"},{"floor":15.0,"key":"REST"},{"floor":23.0,"key":"REST"},{"data":"Electrodynamics","floor":25.0,"key":"SMITH"},{"data":"Echo Form","floor":28.0,"key":"SMITH"},{"data":"Zap","floor":32.0,"key":"SMITH"},{"data":"Amplify","floor":40.0,"key":"SMITH"},{"data":"Buffer","floor":49,"key":"SMITH"}],"circlet_count":0,"master_deck":["Defend_B+1","Defend_B+1","Zap+1","Dualcast","Reinforced Body","Loop","Capacitor","Beam Cell","Ball Lightning","Cold Snap","Beam Cell","Echo Form+1","Electrodynamics+1","Go for the Eyes+1","BootSequence+1","Capacitor","Reinforced Body+1","Reboot","Amplify+1","Force Field+1","Turbo+1","Rainbow","Buffer+1","Compile Driver","Chaos+1"],"relics":["Cracked Core","Toy Ornithopter","Smiling Mask","Anchor","Nuclear Battery","Eternal Feather","Art of War","Empty Cage","CaptainsWheel","Question Card","Sundial","Ice Cream"],"acts_visited":["Exordium","TheCity","TheBeyond"],"potions_floor_usage":[50],"damage_taken":[{"damage":7.0,"enemies":"Jaw Worm","floor":1.0,"turns":5.0},{"damage":29.0,"enemies":"Lagavulin","floor":6.0,"turns":11.0},{"damage":15.0,"enemies":"2 Louse","floor":8.0,"turns":4.0},{"damage":0.0,"enemies":"Cultist","floor":10.0,"turns":4.0},{"damage":1.0,"enemies":"Looter","floor":12.0,"turns":3.0},{"damage":6.0,"enemies":"Blue Slaver","floor":13.0,"turns":4.0},{"damage":23.0,"enemies":"Hexaghost","floor":16.0,"turns":8.0},{"damage":22.0,"enemies":"3 Byrds","floor":18.0,"turns":4.0},{"damage":0.0,"enemies":"Shell Parasite","floor":19.0,"turns":3.0},{"damage":40.0,"enemies":"Snecko","floor":22.0,"turns":6.0},{"damage":7.0,"enemies":"Cultist and Chosen","floor":24.0,"turns":9.0},{"damage":15.0,"enemies":"Slavers","floor":27.0,"turns":4.0},{"damage":10.0,"enemies":"Snake Plant","floor":30.0,"turns":6.0},{"damage":9.0,"enemies":"3 Cultists","floor":31.0,"turns":3.0},{"damage":56.0,"enemies":"Automaton","floor":33.0,"turns":9.0},{"damage":11.0,"enemies":"Orb Walker","floor":35.0,"turns":5.0},{"damage":11.0,"enemies":"3 Shapes","floor":38.0,"turns":3.0},{"damage":15.0,"enemies":"Reptomancer","floor":41.0,"turns":7.0},{"damage":8,"enemies":"Spire Growth","floor":44,"turns":7},{"damage":0,"enemies":"Mind Bloom Boss Battle","floor":45,"turns":10},{"damage":0,"enemies":"Maw","floor":47,"turns":9},{"damage":0,"enemies":"4 Shapes","floor":48,"turns":3},{"damage":40,"enemies":"Awakened One","floor":50,"turns":17}],"seed_played":"549383863515035259","potions_obtained":[{"floor":12.0,"key":"GamblersBrew"},{"floor":13.0,"key":"SkillPotion"},{"floor":16.0,"key":"EssenceOfSteel"},{"floor":22.0,"key":"Energy Potion"},{"floor":24.0,"key":"Explosive Potion"},{"floor":27.0,"key":"Weak Potion"},{"floor":38.0,"key":"PowerPotion"},{"floor":44,"key":"BlessingOfTheForge"}],"is_trial":false,"path_per_floor":["M","$","?","?","$","E","T","M","T","M","R","M","M","?","R","B",null,"M","M","$","?","M","R","M","R","T","E","R","?","M","M","R","B",null,"M","T","?","M","?","R","E","?","T","M","?","?","M","M","R","B",null],"character_chosen":"DEFECT","items_purchased":["Loop","Capacitor","Capacitor"],"campfire_rested":3,"item_purchase_floors":[2,5,20],"current_hp_per_floor":[68,68,53,46,46,17,17,2,2,2,24,23,17,17,37,24,69,47,47,47,47,12,32,25,25,25,15,27,79,69,60,75,24,79,68,68,68,57,57,69,59,59,59,51,51,51,51,51,66,31],"gold":1015,"neow_bonus":"ONE_RANDOM_RARE_CARD","is_daily":false,"chose_seed":false,"campfire_upgraded":5,"win_rate":0.0,"timestamp":1608734824,"path_taken":["M","$","?","?","?","E","?","M","T","M","R","?","M","?","R","BOSS","M","M","$","?","M","R","M","R","T","E","R","?","?","M","R","BOSS","M","?","?","M","?","R","E","?","T","?","?","?","M","M","R","BOSS"],"items_purchased_type":["Card","Card","Card"],"build_version":"2020-12-22","purchased_purges":1,"victory":true,"max_hp_per_floor":[75,75,75,75,75,75,75,75,75,75,75,75,75,69,69,69,69,69,69,69,69,69,69,69,69,69,69,69,79,79,79,79,79,79,79,79,79,79,79,79,79,79,79,79,79,79,79,79,79,79],"card_choices":[{"not_picked":["Conserve Battery","Rebound"],"picked":"Reinforced Body","floor":1.0},{"not_picked":["Gash","Compile Driver"],"picked":"Beam Cell","floor":6.0},{"not_picked":["Rebound","Turbo"],"picked":"Ball Lightning","floor":8.0},{"not_picked":["Sweeping Beam","Steam"],"picked":"Cold Snap","floor":10.0},{"not_picked":["Sweeping Beam","Gash"],"picked":"Beam Cell","floor":12.0},{"not_picked":["Beam Cell","Streamline"],"picked":"Echo Form","floor":13.0},{"not_picked":["Reboot","Echo Form"],"picked":"Electrodynamics","floor":16.0},{"not_picked":["Gash+1","Redo"],"picked":"Go for the Eyes+1","floor":18.0},{"not_picked":["Chill","Stack"],"picked":"BootSequence+1","floor":19.0},{"not_picked":["Turbo","Coolheaded+1"],"picked":"Reinforced Body+1","floor":22.0},{"not_picked":["Undo","Hello World+1"],"picked":"Reboot","floor":24.0},{"not_picked":["Blizzard+1","Chill"],"picked":"Amplify","floor":27.0},{"not_picked":["Sweeping Beam+1","Ball Lightning"],"picked":"Force Field+1","floor":30.0},{"not_picked":["Scrape","Rebound+1"],"picked":"Turbo+1","floor":31.0},{"not_picked":["Amplify","Hyperbeam"],"picked":"Rainbow","floor":33.0},{"not_picked":["Compile Driver","Hello World"],"picked":"Lockon","floor":35.0},{"not_picked":["Turbo+1","Compile Driver+1","Steam+1"],"picked":"SKIP","floor":38.0},{"not_picked":["Amplify","BootSequence"],"picked":"Buffer","floor":41},{"not_picked":["Turbo+1","Barrage+1","Stack+1","Streamline+1"],"picked":"SKIP","floor":44},{"not_picked":["Steam","Compile Driver","Cold Snap","Beam Cell+1"],"picked":"SKIP","floor":47},{"not_picked":["Steam","Coolheaded","Ball Lightning+1"],"picked":"Chaos+1","floor":48}],"player_experience":411118,"relics_obtained":[{"floor":6.0,"key":"Toy Ornithopter"},{"floor":7.0,"key":"Smiling Mask"},{"floor":9.0,"key":"Anchor"},{"floor":26.0,"key":"Eternal Feather"},{"floor":27.0,"key":"Art of War"},{"floor":36.0,"key":"CaptainsWheel"},{"floor":41,"key":"Question Card"},{"floor":43,"key":"Sundial"},{"floor":45,"key":"Ice Cream"}],"event_choices":[{"damage_healed":0.0,"max_hp_gain":0.0,"max_hp_loss":0.0,"gold_gain":0.0,"event_name":"Shining Light","player_choice":"Entered Light","floor":3.0,"gold_loss":0.0,"damage_taken":15.0,"cards_upgraded":["Defend_B","Defend_B"]},{"cards_removed":["Strike_B"],"damage_healed":0.0,"max_hp_gain":0.0,"max_hp_loss":0.0,"gold_gain":0.0,"event_name":"Golden Wing","player_choice":"Card Removal","floor":4.0,"gold_loss":0.0,"damage_taken":7.0},{"damage_healed":0.0,"max_hp_gain":0.0,"max_hp_loss":6.0,"gold_gain":0.0,"event_name":"Golden Idol","player_choice":"Lose Max HP","floor":14.0,"gold_loss":0.0,"damage_taken":0.0,"relics_obtained":["Golden Idol"]},{"damage_healed":0.0,"max_hp_gain":0.0,"max_hp_loss":0.0,"gold_gain":99.0,"event_name":"Nest","player_choice":"Stole From Cult","floor":21.0,"gold_loss":0.0,"damage_taken":0.0},{"cards_removed":["Machine Learning"],"damage_healed":42.0,"max_hp_gain":10.0,"max_hp_loss":0.0,"gold_gain":0.0,"event_name":"Bonfire Elementals","player_choice":"Offered Rare","floor":29.0,"gold_loss":0.0,"damage_taken":0.0},{"damage_healed":0.0,"max_hp_gain":0.0,"max_hp_loss":0.0,"gold_gain":333.0,"event_name":"The Moai Head","player_choice":"Gave Idol","floor":37.0,"relics_lost":["Golden Idol"],"gold_loss":0.0,"damage_taken":0.0},{"cards_removed":["Lockon"],"damage_healed":0.0,"max_hp_gain":0.0,"max_hp_loss":0.0,"gold_gain":0.0,"event_name":"Falling","player_choice":"Removed Attack","floor":39.0,"gold_loss":0.0,"damage_taken":0.0},{"damage_healed":0,"gold_gain":0,"cards_transformed":["Defend_B"],"player_choice":"Transformed","damage_taken":0,"max_hp_gain":0,"max_hp_loss":0,"event_name":"Transmorgrifier","floor":42,"gold_loss":0,"cards_obtained":["Compile Driver"]},{"damage_healed":0,"gold_gain":0,"player_choice":"Fight","damage_taken":0,"max_hp_gain":0,"max_hp_loss":0,"event_name":"MindBloom","floor":45,"gold_loss":0},{"cards_removed":["Defend_B"],"damage_healed":0,"gold_gain":0,"player_choice":"Purged","damage_taken":0,"max_hp_gain":0,"max_hp_loss":0,"event_name":"Purifier","floor":46,"gold_loss":0}],"is_beta":false,"boss_relics":[{"not_picked":["Snecko Eye","Pandora\u0027s Box"],"picked":"Nuclear Battery"},{"not_picked":["Busted Crown","Fusion Hammer"],"picked":"Empty Cage"}],"items_purged_floors":[20],"is_endless":false,"potions_floor_spawned":[12,13,16,22,24,27,38,44],"ascension_level":3}}