{"host":"cdhs3rcdp0bmp3c4","time":1608697887,"event":{"mods":["BaseMod","Hermit","Minty Spire (QoL Compilation)","Relic Stats","Robot Space Explorer","StSLib","Td1madao Mod","The Construct","The Forsaken","The Hierophant","The Runesmith"],"gold_per_floor":[110,185,185,195,45,45,57,57,139,170,190,221,67,84,84,183,183,193,93,93,109,128,128,154,154,154,174,194,214,227,258,258,354,354,372,383,112,132,132,158,173,173,198,208,208,234,234,84,84,84,84,84,7,33,33,33],"floor_reached":55,"playtime":3580,"items_purged":["RobotSpaceExplorer:Strike","RobotSpaceExplorer:PowerGlove","RobotSpaceExplorer:Strike","RobotSpaceExplorer:Strike"],"score":923,"play_id":"be4fe9e7-a980-4e0c-8cbf-220957fdab77","local_time":"20201222223127","is_ascension_mode":true,"campfire_choices":[{"floor":6,"key":"REST"},{"floor":8,"key":"REST"},{"data":"RobotSpaceExplorer:MiniBoosters","floor":15,"key":"SMITH"},{"data":"RobotSpaceExplorer:Ammunition","floor":23,"key":"SMITH"},{"floor":32,"key":"REST"},{"data":"RobotSpaceExplorer:Fix","floor":42,"key":"SMITH"},{"floor":45,"key":"REST"},{"data":"RobotSpaceExplorer:TrailblazerForm","floor":47,"key":"SMITH"},{"floor":49,"key":"RECALL"},{"data":"RobotSpaceExplorer:ScrapMissile","floor":52,"key":"SMITH"}],"circlet_count":0,"master_deck":["RobotSpaceExplorer:Strike","RobotSpaceExplorer:Defend","RobotSpaceExplorer:Scan","RobotSpaceExplorer:MiniLasers+1","RobotSpaceExplorer:ScrapMissile+1","RobotSpaceExplorer:ScrapMissile","RobotSpaceExplorer:Ammunition+1","RobotSpaceExplorer:MiniBoosters+1","RobotSpaceExplorer:LuckyStrike","RobotSpaceExplorer:ImprovisedAttack+1","RobotSpaceExplorer:ChargingLaser+1","RobotSpaceExplorer:Electroshield+1","RobotSpaceExplorer:ImprovisedAttack+1","RobotSpaceExplorer:ScrapMissile+1","RobotSpaceExplorer:Probe+1","RobotSpaceExplorer:Fix+1","RobotSpaceExplorer:TrailblazerForm+1","RobotSpaceExplorer:MiniDrones+1","RobotSpaceExplorer:MiniDrones+1","RobotSpaceExplorer:Fix+1","RobotSpaceExplorer:DualCore+1","RobotSpaceExplorer:Pulsar+1"],"relics":["RobotSpaceExplorer:RoboCore","Dream Catcher","theForsaken:HumbleEgg","Vajra","Ornamental Fan","RobotSpaceExplorer:FoglandsKnife","Astrolabe","Nilry\u0027s Codex","Omamori","Dead Branch","Tiny Chest","construct:WeddingRing","Nunchaku","Lantern","StrikeDummy","Incense Burner"],"acts_visited":["Exordium","TheCity","TheBeyond","TheEnding"],"potions_floor_usage":[10,14,21,22,30,30,31,33,38,44,46,50,50,54],"damage_taken":[{"damage":5,"enemies":"Small Slimes","floor":1,"turns":3},{"damage":0,"enemies":"2 Louse","floor":4,"turns":3},{"damage":0,"enemies":"Cultist","floor":7,"turns":2},{"damage":8,"enemies":"Lagavulin","floor":10,"turns":5},{"damage":0,"enemies":"Blue Slaver","floor":11,"turns":1},{"damage":1,"enemies":"Gremlin Nob","floor":12,"turns":3},{"damage":4,"enemies":"Looter","floor":14,"turns":2},{"damage":0,"enemies":"Slime Boss","floor":16,"turns":4},{"damage":0,"enemies":"Chosen","floor":18,"turns":3},{"damage":0,"enemies":"2 Thieves","floor":21,"turns":2},{"damage":0,"enemies":"Shelled Parasite and Fungi","floor":22,"turns":1},{"damage":5,"enemies":"Book of Stabbing","floor":24,"turns":3},{"damage":8,"enemies":"Snecko","floor":27,"turns":3},{"damage":0,"enemies":"Centurion and Healer","floor":28,"turns":3},{"damage":15,"enemies":"Snake Plant","floor":29,"turns":3},{"damage":0,"enemies":"Sentry and Sphere","floor":30,"turns":2},{"damage":0,"enemies":"Gremlin Leader","floor":31,"turns":4},{"damage":8,"enemies":"Collector","floor":33,"turns":7},{"damage":0,"enemies":"Orb Walker","floor":35,"turns":1},{"damage":0,"enemies":"3 Darklings","floor":36,"turns":1},{"damage":15,"enemies":"Writhing Mass","floor":38,"turns":5},{"damage":9,"enemies":"Nemesis","floor":40,"turns":3},{"damage":0,"enemies":"Spire Growth","floor":41,"turns":1},{"damage":31,"enemies":"4 Shapes","floor":44,"turns":2},{"damage":0,"enemies":"Giant Head","floor":46,"turns":4},{"damage":10,"enemies":"Donu and Deca","floor":50,"turns":5},{"damage":0,"enemies":"Shield and Spear","floor":54,"turns":5},{"damage":83,"enemies":"The Heart","floor":55,"turns":3}],"seed_played":"-6408376096795523160","potions_obtained":[{"floor":4,"key":"DuplicationPotion"},{"floor":10,"key":"SteroidPotion"},{"floor":14,"key":"Fruit Juice"},{"floor":16,"key":"PowerPotion"},{"floor":18,"key":"SteroidPotion"},{"floor":24,"key":"BlessingOfTheForge"},{"floor":28,"key":"Fire Potion"},{"floor":31,"key":"BlessingOfTheForge"},{"floor":36,"key":"Explosive Potion"},{"floor":38,"key":"SteroidPotion"},{"floor":41,"key":"DistilledChaos"},{"floor":44,"key":"LiquidMemories"},{"floor":46,"key":"CultistPotion"}],"is_trial":false,"path_per_floor":["M","?","?","M","$","R","M","R","T","E","M","E","$","M","R","B",null,"M","$","?","M","M","R","E","?","T","M","M","M","M","E","R","B",null,"M","M","$","M","?","E","M","R","T","M","R","E","R","$","R","B",null,"R","$","E","B"],"character_chosen":"RobotSpaceExplorer","items_purchased":["RobotSpaceExplorer:PowerGlove","RobotSpaceExplorer:FoglandsKnife","Nunchaku","DistilledChaos"],"campfire_rested":4,"item_purchase_floors":[5,13,37,53],"current_hp_per_floor":[70,59,59,59,59,75,75,75,75,67,67,66,66,67,67,67,80,80,80,64,64,64,64,59,59,59,51,51,36,36,36,60,56,80,80,80,80,69,69,70,74,74,74,55,79,79,79,79,79,75,80,80,80,80,0,0],"gold":33,"neow_bonus":"RANDOM_COMMON_RELIC","is_daily":false,"chose_seed":false,"campfire_upgraded":5,"win_rate":0.0,"timestamp":1608697887,"path_taken":["M","?","?","M","$","R","M","R","T","E","?","E","$","M","R","BOSS","M","$","?","M","M","R","E","?","T","M","M","M","M","E","R","BOSS","M","M","$","M","?","E","M","R","T","M","R","E","R","$","R","BOSS","R","$","E","BOSS"],"items_purchased_type":["Card","Relic","Relic","Potion"],"build_version":"2020-12-13","purchased_purges":4,"victory":false,"max_hp_per_floor":[75,75,75,75,75,75,75,75,75,75,75,75,75,80,80,80,80,80,80,80,80,80,80,80,80,80,80,80,80,80,80,80,80,80,80,80,80,80,80,80,80,80,80,80,80,80,80,80,80,80,80,80,80,80,80,80],"relic_stats":{"Dream Catcher":4,"Nunchaku":[16],"counters":[28,84],"Ornamental Fan":[356],"Astrolabe":["RobotSpaceExplorer:ChargingLaser","RobotSpaceExplorer:Electroshield","RobotSpaceExplorer:Arsenal"],"Dead Branch":[102],"Tiny Chest":0,"obtain_stats":[{"Lantern":40,"construct:WeddingRing":34,"Nilry\u0027s Codex":20,"Astrolabe":17,"Dead Branch":26,"Vajra":10,"RobotSpaceExplorer:RoboCore":0,"Omamori":24,"Incense Burner":54,"theForsaken:HumbleEgg":9,"RobotSpaceExplorer:FoglandsKnife":13,"Dream Catcher":0,"Nunchaku":37,"Ornamental Fan":12,"Tiny Chest":31,"StrikeDummy":46},{"Lantern":22,"construct:WeddingRing":18,"Nilry\u0027s Codex":9,"Astrolabe":8,"Dead Branch":12,"Vajra":4,"RobotSpaceExplorer:RoboCore":0,"Omamori":12,"Incense Burner":27,"theForsaken:HumbleEgg":3,"RobotSpaceExplorer:FoglandsKnife":6,"Dream Catcher":0,"Nunchaku":20,"Ornamental Fan":6,"Tiny Chest":17,"StrikeDummy":25},{"Lantern":64,"construct:WeddingRing":54,"Nilry\u0027s Codex":26,"Astrolabe":23,"Dead Branch":32,"Vajra":13,"RobotSpaceExplorer:RoboCore":0,"Omamori":32,"Incense Burner":81,"theForsaken:HumbleEgg":8,"RobotSpaceExplorer:FoglandsKnife":17,"Dream Catcher":0,"Nunchaku":56,"Ornamental Fan":17,"Tiny Chest":47,"StrikeDummy":71}]},"card_choices":[{"not_picked":["RobotSpaceExplorer:GlueSpray","RobotSpaceExplorer:RigExplosive","RobotSpaceExplorer:MetalStrike"],"picked":"SKIP","floor":1},{"not_picked":["RobotSpaceExplorer:Counterblock","RobotSpaceExplorer:Ammunition"],"picked":"RobotSpaceExplorer:ScrapMissile","floor":4},{"not_picked":["RobotSpaceExplorer:ExhaustFan","RobotSpaceExplorer:RigExplosive"],"picked":"RobotSpaceExplorer:ScrapMissile","floor":6},{"not_picked":["RobotSpaceExplorer:MetalStrike","RobotSpaceExplorer:Reload"],"picked":"RobotSpaceExplorer:Ammunition","floor":7},{"not_picked":["RobotSpaceExplorer:GearShield","RobotSpaceExplorer:StunGrenade"],"picked":"RobotSpaceExplorer:MiniBoosters","floor":8},{"not_picked":["RobotSpaceExplorer:Asteroid","RobotSpaceExplorer:Electropulse","RobotSpaceExplorer:Counterblock+1"],"picked":"SKIP","floor":10},{"not_picked":["RobotSpaceExplorer:StarLightning","RobotSpaceExplorer:SwiftStep+1","RobotSpaceExplorer:ExhaustFan"],"picked":"SKIP","floor":11},{"not_picked":["RobotSpaceExplorer:Counterblock+1","RobotSpaceExplorer:Probe+1"],"picked":"RobotSpaceExplorer:LuckyStrike","floor":12},{"not_picked":["RobotSpaceExplorer:Electroshield","RobotSpaceExplorer:FrostMissile+1"],"picked":"RobotSpaceExplorer:ImprovisedAttack+1","floor":14},{"not_picked":["RobotSpaceExplorer:DoubleBlock","RobotSpaceExplorer:SurgingShield+1","RobotSpaceExplorer:GearShield"],"picked":"SKIP","floor":18},{"not_picked":["RobotSpaceExplorer:DualCore+1","RobotSpaceExplorer:FranticSearch+1"],"picked":"RobotSpaceExplorer:ImprovisedAttack+1","floor":21},{"not_picked":["RobotSpaceExplorer:GlueShot+1","RobotSpaceExplorer:FranticSearch+1","RobotSpaceExplorer:Pulsar+1"],"picked":"SKIP","floor":22},{"not_picked":["RobotSpaceExplorer:StarDust","RobotSpaceExplorer:SurgingStrike+1"],"picked":"RobotSpaceExplorer:ScrapMissile+1","floor":24},{"not_picked":["RobotSpaceExplorer:FreezingShield","RobotSpaceExplorer:ImprovisedAttack+1"],"picked":"RobotSpaceExplorer:Probe+1","floor":27},{"not_picked":["RobotSpaceExplorer:SurgingStrike+1","RobotSpaceExplorer:ScrapShield","RobotSpaceExplorer:ShockKick+1"],"picked":"SKIP","floor":28},{"not_picked":["RobotSpaceExplorer:StunGrenade+1","RobotSpaceExplorer:SlimeMissile+1","RobotSpaceExplorer:ShovelStrike+1"],"picked":"SKIP","floor":29},{"not_picked":["RobotSpaceExplorer:ImprovisedAttack+1","RobotSpaceExplorer:Ammunition+1"],"picked":"RobotSpaceExplorer:Fix","floor":30},{"not_picked":["RobotSpaceExplorer:RigExplosive","RobotSpaceExplorer:Blaster","RobotSpaceExplorer:StunGrenade+1"],"picked":"SKIP","floor":31},{"not_picked":["RobotSpaceExplorer:ChargingLaser","RobotSpaceExplorer:BlastShield"],"picked":"RobotSpaceExplorer:TrailblazerForm","floor":33},{"not_picked":["RobotSpaceExplorer:SwiftStep+1","RobotSpaceExplorer:Electroshield"],"picked":"RobotSpaceExplorer:MiniDrones+1","floor":35},{"not_picked":["RobotSpaceExplorer:SlimeMissile+1","RobotSpaceExplorer:StunGrenade+1"],"picked":"RobotSpaceExplorer:MiniDrones+1","floor":36},{"not_picked":["RobotSpaceExplorer:ShockKick+1","RobotSpaceExplorer:JunkDive+1"],"picked":"RobotSpaceExplorer:Fix+1","floor":38},{"not_picked":["RobotSpaceExplorer:ScrapToss","RobotSpaceExplorer:TurboDodge","RobotSpaceExplorer:DoubleBlock"],"picked":"SKIP","floor":40},{"not_picked":["RobotSpaceExplorer:FreezingShield","RobotSpaceExplorer:SlimeMissile+1","RobotSpaceExplorer:GlueShot+1"],"picked":"SKIP","floor":41},{"not_picked":["RobotSpaceExplorer:Pulsar+1","RobotSpaceExplorer:GlueShot+1","RobotSpaceExplorer:Blaster"],"picked":"SKIP","floor":44},{"not_picked":["RobotSpaceExplorer:PlasmaMissile","RobotSpaceExplorer:Blitz+1"],"picked":"RobotSpaceExplorer:DualCore+1","floor":45},{"not_picked":["RobotSpaceExplorer:FreezingShield+1","RobotSpaceExplorer:SwiftStep+1","RobotSpaceExplorer:FranticSearch+1"],"picked":"SKIP","floor":46},{"not_picked":["RobotSpaceExplorer:DoubleFind","RobotSpaceExplorer:ImprovisedAttack+1"],"picked":"RobotSpaceExplorer:Pulsar+1","floor":54}],"player_experience":204119,"relics_obtained":[{"floor":9,"key":"theForsaken:HumbleEgg"},{"floor":10,"key":"Vajra"},{"floor":12,"key":"Ornamental Fan"},{"floor":20,"key":"Nilry\u0027s Codex"},{"floor":24,"key":"Omamori"},{"floor":26,"key":"Dead Branch"},{"floor":31,"key":"Tiny Chest"},{"floor":40,"key":"Lantern"},{"floor":46,"key":"StrikeDummy"},{"floor":54,"key":"Incense Burner"}],"event_choices":[{"damage_healed":0,"gold_gain":75,"player_choice":"Gather Gold","damage_taken":11,"max_hp_gain":0,"max_hp_loss":0,"event_name":"World of Goop","floor":2,"gold_loss":0},{"damage_healed":0,"gold_gain":0,"player_choice":"Forge","damage_taken":0,"max_hp_gain":0,"max_hp_loss":0,"event_name":"Accursed Blacksmith","floor":3,"gold_loss":0,"cards_upgraded":["RobotSpaceExplorer:MiniLasers"]},{"damage_healed":0,"gold_gain":0,"player_choice":"Obtained Book","damage_taken":16,"max_hp_gain":0,"max_hp_loss":0,"event_name":"Cursed Tome","floor":20,"gold_loss":0},{"cards_removed":["RobotSpaceExplorer:Arsenal"],"damage_healed":0,"gold_gain":0,"player_choice":"Removed Skill","damage_taken":0,"max_hp_gain":0,"max_hp_loss":0,"event_name":"Falling","floor":39,"gold_loss":0}],"is_beta":false,"boss_relics":[{"not_picked":["Fusion Hammer","theForsaken:PaleLantern"],"picked":"Astrolabe"},{"not_picked":["Runic Pyramid","Runic Dome"],"picked":"construct:WeddingRing"}],"items_purged_floors":[5,19,37,48],"is_endless":false,"potions_floor_spawned":[1,4,10,14,16,18,24,28,31,36,38,41,44,46],"killed_by":"The Heart","ascension_level":1}}