{"host":"f5n4tidiz2n5sooh","time":1608703054,"event":{"mods":["BaseMod","Bestiary","Colored Map","Minty Spire (QoL Compilation)","Relic Stats","StSLib"],"gold_per_floor":[114,129,3,3,3,3,34,34,59,76,88,121,121,138,138,138,138],"floor_reached":16,"playtime":360,"items_purged":[],"score":220,"play_id":"501f08eb-6d87-470c-a38f-b1faec5a9619","local_time":"20201222235734","is_ascension_mode":true,"campfire_choices":[{"data":"Feel No Pain","floor":6,"key":"SMITH"},{"data":"Carnage","floor":8,"key":"SMITH"},{"data":"Uppercut","floor":13,"key":"SMITH"},{"floor":15,"key":"REST"}],"circlet_count":0,"master_deck":["AscendersBane","Strike_R","Strike_R","Strike_R","Strike_R","Strike_R","Defend_R","Defend_R","Defend_R","Defend_R","Bash","Rampage","Carnage+1","Feel No Pain+1","Disarm","Pain","True Grit","Sentinel","Spot Weakness","Uppercut+1"],"relics":["Sozu","WarpedTongs","Frozen Egg 2","Art of War","Anchor"],"acts_visited":["Exordium"],"potions_floor_usage":[],"damage_taken":[{"damage":7,"enemies":"Jaw Worm","floor":1,"turns":3},{"damage":1,"enemies":"Cultist","floor":2,"turns":3},{"damage":29,"enemies":"Lagavulin","floor":7,"turns":6},{"damage":2,"enemies":"2 Louse","floor":10,"turns":2},{"damage":4,"enemies":"Looter","floor":11,"turns":3},{"damage":7,"enemies":"Gremlin Nob","floor":12,"turns":3},{"damage":3,"enemies":"3 Louse","floor":14,"turns":3},{"damage":44,"enemies":"Slime Boss","floor":16,"turns":6}],"seed_played":"-4523311271685452071","potions_obtained":[],"is_trial":false,"path_per_floor":["M","M","$","?","$","R","E","R","T","M","M","E","R","M","R","B"],"character_chosen":"IRONCLAD","items_purchased":["Feel No Pain","Disarm"],"campfire_rested":1,"item_purchase_floors":[3,3],"current_hp_per_floor":[61,60,60,60,60,60,31,31,31,29,25,18,18,15,37,0,0],"gold":138,"neow_bonus":"BOSS_RELIC","is_daily":false,"chose_seed":false,"campfire_upgraded":3,"win_rate":0.0,"timestamp":1608703054,"path_taken":["M","M","$","?","?","R","E","R","T","M","M","E","R","?","R","BOSS"],"items_purchased_type":["Card","Card"],"build_version":"2020-12-22","purchased_purges":0,"victory":false,"max_hp_per_floor":[75,75,75,75,75,75,75,75,75,75,75,75,75,75,75,75,75],"relic_stats":{"Sozu":4,"counters":[8,29],"Art of War":[0],"obtain_stats":[{"Sozu":0,"Anchor":12,"Art of War":9,"Frozen Egg 2":7,"Burning Blood":0,"WarpedTongs":4},{"Sozu":0,"Anchor":6,"Art of War":3,"Frozen Egg 2":3,"Burning Blood":0,"WarpedTongs":2},{"Sozu":0,"Anchor":20,"Art of War":12,"Frozen Egg 2":12,"Burning Blood":0,"WarpedTongs":6}],"WarpedTongs":[23]},"card_choices":[{"not_picked":["Dark Embrace","Burning Pact"],"picked":"Rampage","floor":1},{"not_picked":["Cleave","Flex"],"picked":"Carnage","floor":2},{"not_picked":["Cleave","Body Slam"],"picked":"True Grit","floor":7},{"not_picked":["True Grit","Cleave"],"picked":"Sentinel","floor":10},{"not_picked":["Perfected Strike","Dual Wield"],"picked":"Spot Weakness","floor":11},{"not_picked":["Thunderclap","Infernal Blade"],"picked":"Uppercut","floor":12},{"not_picked":["Perfected Strike","Reckless Charge","Thunderclap"],"picked":"SKIP","floor":14}],"player_experience":1916496,"relics_obtained":[{"floor":7,"key":"Frozen Egg 2"},{"floor":9,"key":"Art of War"},{"floor":12,"key":"Anchor"}],"event_choices":[{"damage_healed":0,"gold_gain":0,"player_choice":"Rummage","damage_taken":0,"relics_obtained":["WarpedTongs"],"max_hp_gain":0,"max_hp_loss":0,"event_name":"Accursed Blacksmith","floor":4,"gold_loss":0,"cards_obtained":["Pain"]}],"is_beta":false,"boss_relics":[],"items_purged_floors":[],"is_endless":false,"potions_floor_spawned":[1,2,12,14],"killed_by":"Slime Boss","ascension_level":20}}