{"host":"gww6ffkzfofersck","time":1608699595,"event":{"mods":["Astrologer","BaseMod","ChefMod","Colored Powertips","Conspire","Downfall","Ekko","Fiend Mod","Hermit","Highlight Path","Infinite Spire","Ironclad Rager","Minty Spire (QoL Compilation)","Pikachu Mod","Potionbrewer","Quick Restart","Replay The Spire","Shedinja","Shop Mod","StSLib","The Blackbeard","The Hierophant","The Necromancer","TheVacant","Wandering Minibosses"],"gold_per_floor":[99,118,107,125,125,152,152,192,216,141,141,41,41,57,70,101,101,101],"floor_reached":16,"playtime":626,"items_purged":[],"score":112,"play_id":"11b3ef2a-cbee-49a3-bb9f-42f33839cc6d","local_time":"20201222235955","is_ascension_mode":false,"campfire_choices":[{"floor":1,"key":"RECALL"},{"data":"Slimebound:RallyTheTroops","floor":10,"key":"SMITH"},{"floor":13,"key":"REST"}],"circlet_count":0,"master_deck":["Slimebound:Strike_Slimebound","Slimebound:Strike_Slimebound","Slimebound:Tackle","Slimebound:Defend_Slimebound","Slimebound:Defend_Slimebound","Slimebound:Defend_Slimebound","Slimebound:Defend_Slimebound","Slimebound:Split","Slimebound:CorrosiveSpit","Slimebound:Prepare","Slimebound:SplitAcid","Slimebound:SlimeBarrage","Slimebound:SplitLeeching","Slimebound:RallyTheTroops+1","Slimebound:Schlurp","Slimebound:SlimeBarrage","conspire:SpireCoStock","conspire:SpireCoStock","Slimebound:SamplingLick"],"relics":["Slimebound:AbsorbEndCombat","Shedinja:BananaRelic","Replay:Bandana","infinitespire:CheckeredPen","Oddly Smooth Stone","downfall:HeartBlessingRed"],"acts_visited":["Exordium"],"potions_floor_usage":[],"damage_taken":[{"damage":10,"enemies":"Jaw Worm","floor":2,"turns":3},{"damage":22,"enemies":"2 Louse","floor":3,"turns":5},{"damage":14,"enemies":"Cultist","floor":4,"turns":3},{"damage":37,"enemies":"3 Sentries","floor":6,"turns":5},{"damage":30,"enemies":"Gremlin Nob","floor":8,"turns":4},{"damage":11,"enemies":"2 Fungi Beasts","floor":9,"turns":2},{"damage":12,"enemies":"3 Louse","floor":14,"turns":2},{"damage":24,"enemies":"Exordium Thugs","floor":15,"turns":3},{"damage":41,"enemies":"downfall:Defect","floor":16,"turns":4}],"seed_played":"5662984124303458793","potions_obtained":[{"floor":2,"key":"potionbrewer:StunPotion"},{"floor":6,"key":"ColorlessPotion"},{"floor":14,"key":"Ancient Potion"}],"is_trial":false,"path_per_floor":["R","M","M","M","?","E","T","E","M","R","?","?","R","M","M","B"],"character_chosen":"SLIMEBOUND","items_purchased":[],"campfire_rested":1,"item_purchase_floors":[],"current_hp_per_floor":[60,58,56,54,54,29,29,11,12,12,12,12,30,30,22,0,0,0],"gold":101,"neow_bonus":"TRANSFORM_CARD","is_daily":false,"chose_seed":false,"campfire_upgraded":1,"win_rate":0.0,"timestamp":1608699595,"path_taken":["R","M","M","M","?","E","T","E","M","R","?","?","R","M","M","BOSS"],"items_purchased_type":[],"build_version":"2020-12-13","purchased_purges":0,"victory":false,"max_hp_per_floor":[60,60,60,60,60,60,60,60,60,60,60,60,60,60,60,60,60,60],"card_choices":[{"not_picked":["Slimebound:PressTheAttack","Slimebound:ViciousTackle"],"picked":"Slimebound:SplitAcid","floor":2},{"not_picked":["Slimebound:GrowthPunch","Slimebound:DivideAndConquer"],"picked":"Slimebound:SlimeBarrage","floor":3},{"not_picked":["Slimebound:SplitMire","Slimebound:ComboTackle"],"picked":"Slimebound:SplitLeeching","floor":4},{"not_picked":["Slimebound:DivideAndConquer","Slimebound:ForwardTackle"],"picked":"Slimebound:RallyTheTroops","floor":6},{"not_picked":["Slimebound:SplitAcid","Slimebound:SamplingLick"],"picked":"Slimebound:Schlurp","floor":8},{"not_picked":["Slimebound:Schlurp","Slimebound:SplitLeeching"],"picked":"Slimebound:SlimeBarrage","floor":9},{"not_picked":["Slimebound:DivideAndConquer","Slimebound:RollThrough","Slimebound:SplitBruiser"],"picked":"SKIP","floor":14},{"not_picked":["Slimebound:RollThrough","Slimebound:DivideAndConquer"],"picked":"Slimebound:SamplingLick","floor":15}],"player_experience":218372,"relics_obtained":[{"floor":6,"key":"Replay:Bandana"},{"floor":7,"key":"infinitespire:CheckeredPen"},{"floor":8,"key":"Oddly Smooth Stone"}],"event_choices":[{"damage_healed":0,"gold_gain":0,"player_choice":"Disagree","damage_taken":0,"max_hp_gain":0,"max_hp_loss":0,"event_name":"conspire:LoneGhost","floor":11,"gold_loss":0},{"damage_healed":0,"gold_gain":0,"player_choice":"Invest 2","damage_taken":0,"max_hp_gain":0,"max_hp_loss":0,"event_name":"conspire:Investor","floor":12,"gold_loss":0}],"is_beta":false,"boss_relics":[],"items_purged_floors":[],"is_endless":false,"potions_floor_spawned":[2,6,14],"killed_by":"downfall:Defect","ascension_level":0}}