{"host":"f6f8cjhjgha9mpdq","time":1608738290,"event":{"mods":["BaseMod","Emptier Cage","Minty Spire (QoL Compilation)","Permanent Neow","StSLib","SuperFastMode"],"gold_per_floor":[117,117,132,132,207,239,239,239,239],"floor_reached":8,"playtime":268,"items_purged":[],"score":100,"play_id":"322e863d-959c-4898-b617-c18adfe3d83d","local_time":"20201224004450","is_ascension_mode":true,"campfire_choices":[{"data":"Blade Dance","floor":7,"key":"SMITH"}],"circlet_count":0,"master_deck":["AscendersBane","Strike_G","Strike_G","Strike_G","Strike_G","Strike_G","Defend_G","Defend_G","Defend_G","Defend_G","Defend_G","Survivor","Neutralize","Panache+1","Deflect","Blade Dance+1","Finisher"],"relics":["Ring of the Snake","Toy Ornithopter"],"acts_visited":["Exordium"],"potions_floor_usage":[3,6],"damage_taken":[{"damage":0,"enemies":"2 Louse","floor":1,"turns":4},{"damage":0,"enemies":"Cultist","floor":3,"turns":5},{"damage":21,"enemies":"3 Sentries","floor":6,"turns":7},{"damage":36,"enemies":"Gremlin Nob","floor":8,"turns":4}],"seed_played":"3818625406056160331","potions_obtained":[{"floor":1,"key":"Fire Potion"},{"floor":3,"key":"CultistPotion"}],"is_trial":false,"path_per_floor":["M","?","M","?","?","E","R","E"],"character_chosen":"THE_SILENT","items_purchased":[],"campfire_rested":0,"item_purchase_floors":[],"current_hp_per_floor":[59,59,59,64,53,32,32,0,0],"gold":239,"neow_bonus":"RANDOM_COLORLESS_2","is_daily":false,"chose_seed":false,"campfire_upgraded":1,"win_rate":0.0,"timestamp":1608738290,"path_taken":["M","?","?","?","?","E","R","E"],"items_purchased_type":[],"build_version":"2020-12-22","purchased_purges":0,"victory":false,"max_hp_per_floor":[60,60,60,65,65,65,65,65,65],"card_choices":[{"not_picked":["Thinking Ahead","Violence"],"picked":"Panache","floor":0},{"not_picked":["Caltrops","Dagger Spray"],"picked":"Deflect","floor":1},{"not_picked":["Prepared","Deadly Poison"],"picked":"Blade Dance","floor":3},{"not_picked":["Bane","Predator"],"picked":"Finisher","floor":6}],"player_experience":502986,"relics_obtained":[{"floor":6,"key":"Toy Ornithopter"}],"event_choices":[{"damage_healed":0,"gold_gain":0,"player_choice":"Upgraded","damage_taken":0,"max_hp_gain":0,"max_hp_loss":0,"event_name":"Upgrade Shrine","floor":2,"gold_loss":0,"cards_upgraded":["Panache"]},{"damage_healed":0,"gold_gain":0,"player_choice":"Donut","damage_taken":0,"max_hp_gain":5,"max_hp_loss":0,"event_name":"Big Fish","floor":4,"gold_loss":0},{"damage_healed":0,"gold_gain":75,"player_choice":"Gather Gold","damage_taken":11,"max_hp_gain":0,"max_hp_loss":0,"event_name":"World of Goop","floor":5,"gold_loss":0}],"is_beta":false,"boss_relics":[],"items_purged_floors":[],"is_endless":false,"potions_floor_spawned":[1,3],"killed_by":"Gremlin Nob","ascension_level":17}}