{"host":"l66odvkqh04jpxx0","time":1608737730,"event":{"mods":["BaseMod","Colored Powertips","Conspire","Luminous","Minty Spire (QoL Compilation)","Replay The Spire","StSLib","The Construct","The Cursed","The Mystic","The Servant 0.9.4"],"gold_per_floor":[114,131,145,159,177,209,237,237,263,279,106,122,133,88,88,191,191,204,204,204,216,236,236,236,251,251,82,101,116,135,147,147,147,147],"floor_reached":33,"playtime":3858,"items_purged":[],"score":257,"play_id":"cbdbd92d-cc21-449e-87a0-f519f34e3cda","local_time":"20201223233530","is_ascension_mode":false,"campfire_choices":[{"data":"Bludgeon","floor":8,"key":"SMITH"},{"data":"Secret Technique","floor":15,"key":"SMITH"},{"data":"Apotheosis","floor":24,"key":"SMITH"},{"floor":32,"key":"REST"}],"circlet_count":0,"master_deck":["Strike_R","Strike_R","Strike_R","Strike_R","Strike_R","Defend_R","Defend_R","Defend_R","Defend_R","Bash","Ghostly Armor","Cleave","Bludgeon+1","Cleave","Rampage","Flex","conspire:ExplosiveBarrier","conspire:Charge","Secret Technique+1","Clash","Flex","Armaments","Demonic Infusion","ReplayTheSpireMod:Strike From Hell+1","Apotheosis+1","Inflame","Rage","Warcry","Thinking Ahead","Run Through+1","Corruption","Rampage+1","ReplayTheSpireMod:Stacked"],"relics":["Burning Blood","FossilizedHelix","Odd Mushroom","Boot","Painkiller Herb","Nloth\u0027s Gift","MutagenicStrength","conspire:DeflatedDodgeball"],"acts_visited":["Exordium","TheCity"],"potions_floor_usage":[6,25,30,31],"damage_taken":[{"damage":0,"enemies":"Cultist","floor":1,"turns":1},{"damage":0,"enemies":"Small Slimes","floor":2,"turns":1},{"damage":0,"enemies":"Jaw Worm","floor":3,"turns":1},{"damage":3,"enemies":"3 Louse","floor":4,"turns":3},{"damage":8,"enemies":"Lots of Slimes","floor":5,"turns":3},{"damage":14,"enemies":"Gremlin Nob","floor":6,"turns":3},{"damage":15,"enemies":"The Mushroom Lair","floor":7,"turns":3},{"damage":0,"enemies":"Large Slime","floor":10,"turns":2},{"damage":0,"enemies":"Exordium Wildlife","floor":12,"turns":4},{"damage":0,"enemies":"Looter","floor":13,"turns":2},{"damage":77,"enemies":"Hexaghost","floor":16,"turns":10},{"damage":9,"enemies":"Spheric Guardian","floor":18,"turns":5},{"damage":18,"enemies":"3 Byrds","floor":21,"turns":6},{"damage":0,"enemies":"conspire:HollyBat","floor":22,"turns":7},{"damage":0,"enemies":"Snake Plant","floor":25,"turns":2},{"damage":0,"enemies":"Snecko","floor":28,"turns":3},{"damage":39,"enemies":"Cultist and Chosen","floor":29,"turns":8},{"damage":45,"enemies":"Chosen and Byrds","floor":30,"turns":8},{"damage":24,"enemies":"Shelled Parasite and Fungi","floor":31,"turns":4},{"damage":45,"enemies":"Pondfish","floor":33,"turns":7}],"seed_played":"5032304417199927506","potions_obtained":[{"floor":1,"key":"LiquidBronze"},{"floor":4,"key":"Fire Potion"},{"floor":6,"key":"FairyPotion"},{"floor":7,"key":"Elixir"},{"floor":13,"key":"Regen Potion"},{"floor":18,"key":"Strength Potion"},{"floor":30,"key":"SkillPotion"}],"is_trial":false,"path_per_floor":["M","M","M","M","M","E","?","R","T","M","$","M","M","$","R","B",null,"?","?","?","?","?","?","T","?","T","T","?","?","?","?","T","B"],"character_chosen":"IRONCLAD","items_purchased":["Secret Technique","Armaments","Thinking Ahead"],"campfire_rested":1,"item_purchase_floors":[11,14,27],"current_hp_per_floor":[80,80,80,80,78,70,61,61,61,67,67,73,79,79,79,8,80,77,77,77,65,71,71,71,77,77,77,80,47,8,18,42,0,0],"gold":147,"neow_bonus":"THREE_ENEMY_KILL","is_daily":false,"chose_seed":false,"campfire_upgraded":3,"win_rate":0.0,"timestamp":1608737730,"path_taken":["M","M","M","?","M","E","?","R","T","M","$","M","M","$","R","BOSS","?","?","?","?","?","?","T","?","T","?","?","?","?","?","T","BOSS"],"items_purchased_type":["Card","Card","Card"],"build_version":"2020-12-22","purchased_purges":0,"victory":false,"max_hp_per_floor":[80,80,80,80,80,80,80,80,80,80,80,80,80,80,80,80,80,80,80,80,80,80,80,80,80,80,80,80,80,80,80,80,80,80],"card_choices":[{"not_picked":["Clash","Life Link"],"picked":"Ghostly Armor","floor":1},{"not_picked":["ReplayTheSpireMod:Strike From Hell","Defy Death"],"picked":"Cleave","floor":2},{"not_picked":["ReplayTheSpireMod:Limb From Limb","Twin Strike"],"picked":"Bludgeon","floor":3},{"not_picked":["Pommel Strike","True Grit"],"picked":"Cleave","floor":4},{"not_picked":["Sever Soul","Replay:Undeath\u0027s Touch"],"picked":"Rampage","floor":5},{"not_picked":["Sever Soul","Run Through"],"picked":"Flex","floor":6},{"not_picked":["Twin Strike","ReplayTheSpireMod:Corrosion Curse"],"picked":"conspire:ExplosiveBarrier","floor":7},{"not_picked":["Run Through","Warcry"],"picked":"conspire:Charge","floor":10},{"not_picked":["Warcry","Twin Strike"],"picked":"Clash","floor":12},{"not_picked":["Cleave","True Grit"],"picked":"Flex","floor":13},{"not_picked":["Impervious","Brutality"],"picked":"Demonic Infusion","floor":16},{"not_picked":["Cleave","Feel No Pain"],"picked":"ReplayTheSpireMod:Strike From Hell+1","floor":18},{"not_picked":["ReplayTheSpireMod:Corrosion Curse+1","Twin Strike"],"picked":"Inflame","floor":21},{"not_picked":["True Grit","Anger"],"picked":"Rage","floor":22},{"not_picked":["Thunderclap","Twin Strike"],"picked":"Warcry","floor":25},{"not_picked":["Flex","ReplayTheSpireMod:Strike From Hell"],"picked":"Run Through+1","floor":28},{"not_picked":["Cleave","Run Through"],"picked":"Corruption","floor":29},{"not_picked":["ReplayTheSpireMod:Strike From Hell","Run Through"],"picked":"Rampage+1","floor":30},{"not_picked":["Cleave","Reckless Charge"],"picked":"ReplayTheSpireMod:Stacked","floor":31}],"player_experience":10517,"relics_obtained":[{"floor":6,"key":"FossilizedHelix"},{"floor":7,"key":"Odd Mushroom"},{"floor":9,"key":"Boot"},{"floor":26,"key":"conspire:DeflatedDodgeball"}],"event_choices":[{"damage_healed":0,"gold_gain":0,"player_choice":"Fought Mushrooms","damage_taken":0,"max_hp_gain":0,"max_hp_loss":0,"event_name":"Mushrooms","floor":7,"gold_loss":0},{"damage_healed":0,"gold_gain":0,"player_choice":"Traded Relic","damage_taken":0,"relics_obtained":["Nloth\u0027s Gift"],"max_hp_gain":0,"max_hp_loss":0,"event_name":"N\u0027loth","floor":20,"relics_lost":["NeowsBlessing"],"gold_loss":0},{"damage_healed":0,"gold_gain":0,"player_choice":"Inject Mutagens","damage_taken":0,"relics_obtained":["MutagenicStrength"],"max_hp_gain":0,"max_hp_loss":0,"event_name":"Drug Dealer","floor":23,"gold_loss":0}],"is_beta":false,"boss_relics":[{"not_picked":["conspire:SlowCooker","Replay:Drink Me"],"picked":"Painkiller Herb"}],"items_purged_floors":[],"is_endless":false,"potions_floor_spawned":[1,4,6,7,13,16,18,22,30],"killed_by":"Pondfish","ascension_level":0}}