{"host":"tgr1xoidyjfo4u0n","time":1608737506,"event":{"mods":["Act Like it!","BaseMod","Better Vampires","CapriCore","Colored Powertips","GifTheSpireLib","Highlight Path","KomeijiMod","Minty Spire (QoL Compilation)","StSLib"],"gold_per_floor":[10,30,45,45,61,61,88,105,105,105,133,144,144,169,169,169,169],"floor_reached":16,"playtime":878,"items_purged":[],"score":154,"play_id":"4e4399e4-e9ba-46c5-bc10-04b8bc24ad8f","local_time":"20201223233146","is_ascension_mode":true,"campfire_choices":[{"data":"Berserk","floor":6.0,"key":"SMITH"},{"floor":10.0,"key":"REST"},{"data":"Havoc","floor":13.0,"key":"SMITH"},{"data":"Dark Embrace","floor":15.0,"key":"SMITH"}],"circlet_count":0,"master_deck":["Strike_R","Strike_R","Strike_R","Strike_R","Strike_R","Defend_R","Defend_R","Defend_R","Defend_R","Bash","Cleave","Berserk+1","Dark Embrace+1","Thunderclap","Burning Pact","Seeing Red","Havoc+1","Double Tap"],"relics":["Burning Blood","Gambling Chip","White Beast Statue","Pen Nib","InkBottle","Torii","HornCleat"],"acts_visited":["Exordium"],"potions_floor_usage":[16,16],"damage_taken":[{"damage":5.0,"enemies":"Jaw Worm","floor":1.0,"turns":5.0},{"damage":5.0,"enemies":"Small Slimes","floor":2.0,"turns":4.0},{"damage":2.0,"enemies":"2 Louse","floor":3.0,"turns":2.0},{"damage":25.0,"enemies":"Exordium Thugs","floor":5.0,"turns":3.0},{"damage":36.0,"enemies":"Lagavulin","floor":7.0,"turns":8.0},{"damage":4.0,"enemies":"2 Fungi Beasts","floor":8.0,"turns":3.0},{"damage":15.0,"enemies":"3 Sentries","floor":11.0,"turns":5.0},{"damage":1.0,"enemies":"Gremlin Gang","floor":12.0,"turns":3.0},{"damage":0.0,"enemies":"Gremlin Nob","floor":14.0,"turns":2.0},{"damage":39,"enemies":"The Guardian","floor":16,"turns":8}],"seed_played":"858812224400082974","potions_obtained":[{"floor":5.0,"key":"LiquidBronze"},{"floor":7.0,"key":"ElixirPotion"},{"floor":8.0,"key":"ColorlessPotion"},{"floor":11.0,"key":"Dexterity Potion"},{"floor":12.0,"key":"SneckoOil"},{"floor":14.0,"key":"ColorlessPotion"}],"is_trial":false,"path_per_floor":["M","M","M","?","M","R","E","M","T","R","E","M","R","E","R","B"],"character_chosen":"IRONCLAD","items_purchased":[],"campfire_rested":1,"item_purchase_floors":[],"current_hp_per_floor":[80,80,80,68,49,49,19,21,21,45,36,41,41,47,47,8,8],"gold":169,"neow_bonus":"ONE_RARE_RELIC","is_daily":false,"chose_seed":false,"campfire_upgraded":3,"win_rate":0.0,"timestamp":1608737506,"path_taken":["M","M","M","?","M","R","E","M","T","R","E","M","R","E","R","BOSS"],"items_purchased_type":[],"build_version":"2020-12-22","purchased_purges":0,"victory":false,"max_hp_per_floor":[80,80,80,80,80,80,80,80,80,80,80,80,80,80,80,80,80],"card_choices":[{"not_picked":["Perfected Strike","Clash","Wild Strike"],"picked":"SKIP","floor":1.0},{"not_picked":["Perfected Strike","Clash","Wild Strike"],"picked":"SKIP","floor":1.0},{"not_picked":["Twin Strike","Flame Barrier"],"picked":"Cleave","floor":2.0},{"not_picked":["Feel No Pain","Blood for Blood"],"picked":"Berserk","floor":3.0},{"not_picked":["Clash","Twin Strike"],"picked":"Dark Embrace","floor":5.0},{"not_picked":["Body Slam","Spot Weakness"],"picked":"Thunderclap","floor":7.0},{"not_picked":["Thunderclap","Dropkick"],"picked":"Burning Pact","floor":8.0},{"not_picked":["Rage","Twin Strike"],"picked":"Seeing Red","floor":11.0},{"not_picked":["Flex","Wild Strike"],"picked":"Havoc","floor":12.0},{"not_picked":["Headbutt","Perfected Strike","Double Tap"],"picked":"SKIP","floor":14.0},{"not_picked":["Headbutt","Perfected Strike"],"picked":"Double Tap","floor":14.0}],"player_experience":302765,"relics_obtained":[{"floor":7.0,"key":"Pen Nib"},{"floor":9.0,"key":"InkBottle"},{"floor":11.0,"key":"Torii"},{"floor":14.0,"key":"HornCleat"}],"event_choices":[{"damage_healed":0.0,"max_hp_gain":0.0,"max_hp_loss":0.0,"gold_gain":0.0,"event_name":"Scrap Ooze","player_choice":"Success","floor":4.0,"gold_loss":0.0,"damage_taken":12.0,"relics_obtained":["White Beast Statue"]}],"is_beta":false,"boss_relics":[],"items_purged_floors":[],"is_endless":false,"potions_floor_spawned":[5,7,8,11,12,14],"killed_by":"The Guardian","ascension_level":1}}