{"host":"k653q14gphaoox56","time":1608714620,"event":{"mods":["BaseMod","Colored Map","Conspire","DeckTracker","Hermit","Hubris","Infinite Spire","Minty Spire (QoL Compilation)","Replay The Spire","StSLib","The Construct","The Cursed","The Disciple","The Hierophant","The Necromancer","The Poker Player","The Runesmith","The Servant 0.9.4"],"gold_per_floor":[115,126,81,81,41,41,74,74,99,111,111,131,143,160,160,259,259,279,279,298,298,298,329,82,82,107,133,233,253,273,20,20,117,117,139,139,160,180,208,250,280,280,305,305,33,33,49,77,77,77,77],"floor_reached":50,"playtime":3553,"items_purged":["Strike_R","Anger","Parasite"],"score":817,"play_id":"90dd3aad-b783-4176-aa58-3a4e04dd167d","local_time":"20201223041020","is_ascension_mode":false,"campfire_choices":[{"data":"Armaments","floor":6,"key":"SMITH"},{"data":"Spot Weakness","floor":8,"key":"SMITH"},{"data":"Heavy Blade","floor":15,"key":"SMITH"},{"floor":25,"key":"REST"},{"floor":32,"key":"REST"},{"floor":42,"key":"REST"},{"floor":44,"key":"REST"},{"floor":49,"key":"REST"}],"circlet_count":0,"master_deck":["Strike_R+1","Strike_R","Strike_R","Strike_R+1","Defend_R","Defend_R+1","Defend_R","Defend_R+1","Bash","Spot Weakness+1","Armaments+1","Feed+1","Rampage","Heavy Blade+1","Reckless Charge","hubris:StunningStrike+1","ReplayTheSpireMod:LeadingStrike","infinitespire:UltimateForm","Heavy Blade","hubris:SharpeningStone+1","Flex+1","Evolve+1","Heavy Blade+1","Replay:Fractal Strike","Juggernaut+1","Sentinel","Wild Strike+1","Rampage","Demon Form+1","Feed+1","Headbutt","Wild Strike+1","Run Through+1","Uppercut+1","Replay:BasicMightCard","Disarm","Sword Boomerang","Thunderclap","ReplayTheSpireMod:Corrosion Curse+1"],"relics":["Burning Blood","NeowsBlessing","Golden Egg","infinitespire:Satchel","Mark of Pain","Charon\u0027s Ashes","infinitespire:Cupcake","hubris:Towel","ReplayTheSpireMod:TigerMarble","Ancient Tea Set","Replay:Mystery Machine","conspire:GlowingRock","infinitespire:FocusingShard","hubris:ChampionShield","infinitespire:EvilPickle","hubris:Backtick","Lantern","Mummified Hand","Gremlin Food","Happy Flower","Bronze Scales"],"acts_visited":["Exordium","TheCity","TheBeyond"],"potions_floor_usage":[5,13,14,16,27,29,33,39,39,40],"damage_taken":[{"damage":0,"enemies":"Cultist","floor":1,"turns":1},{"damage":0,"enemies":"Small Slimes","floor":2,"turns":1},{"damage":0,"enemies":"3 Sentries","floor":7,"turns":1},{"damage":2,"enemies":"2 Louse","floor":10,"turns":3},{"damage":0,"enemies":"Red Slaver","floor":12,"turns":5},{"damage":0,"enemies":"Blue Slaver","floor":13,"turns":3},{"damage":5,"enemies":"Looter","floor":14,"turns":3},{"damage":34,"enemies":"The Guardian","floor":16,"turns":7},{"damage":5,"enemies":"Chosen","floor":18,"turns":3},{"damage":8,"enemies":"3 Byrds","floor":20,"turns":5},{"damage":25,"enemies":"Book of Stabbing","floor":23,"turns":5},{"damage":67,"enemies":"Nightmare","floor":27,"turns":6},{"damage":7,"enemies":"Colosseum Slavers","floor":28,"turns":2},{"damage":2,"enemies":"Colosseum Nobs","floor":28,"turns":4},{"damage":16,"enemies":"Shelled Parasite and Fungi","floor":29,"turns":4},{"damage":6,"enemies":"Cultist and Chosen","floor":30,"turns":3},{"damage":48,"enemies":"Pondfish","floor":33,"turns":6},{"damage":14,"enemies":"3 Shapes","floor":35,"turns":3},{"damage":21,"enemies":"3 Darklings","floor":37,"turns":4},{"damage":32,"enemies":"Spire Growth","floor":38,"turns":4},{"damage":10,"enemies":"Sphere and 2 Shapes","floor":39,"turns":4},{"damage":15,"enemies":"R_Hoarder","floor":40,"turns":5},{"damage":43,"enemies":"Writhing Mass","floor":41,"turns":7},{"damage":14,"enemies":"Maw","floor":47,"turns":6},{"damage":29,"enemies":"Giant Head","floor":48,"turns":7},{"damage":127,"enemies":"Donu and Deca","floor":50,"turns":6}],"seed_played":"8596899495135354589","potions_obtained":[{"floor":1,"key":"SkillPotion"},{"floor":2,"key":"FearPotion"},{"floor":5,"key":"Fruit Juice"},{"floor":5,"key":"ColorlessPotion"},{"floor":5,"key":"Toxic Potion"},{"floor":10,"key":"Fire Potion"},{"floor":18,"key":"Doom Potion"},{"floor":29,"key":"BloodPotion"},{"floor":30,"key":"Strength Potion"},{"floor":33,"key":"Languid Potion"},{"floor":35,"key":"Explosive Potion"},{"floor":39,"key":"DistilledChaos"},{"floor":41,"key":"Languid Potion"}],"is_trial":false,"path_per_floor":["M","M","$","?","?","R","E","R","T","M","?","M","M","M","R","B",null,"M","?","M","AVR","?","E","$","R","T","NM","?","M","M","$","R","B",null,"M","?","M","M","M","E","M","R","T","R","$","?","M","E","R","B"],"character_chosen":"IRONCLAD","items_purchased":["Anger","Flex","Evolve","Heavy Blade","hubris:ChampionShield","Happy Flower"],"campfire_rested":5,"item_purchase_floors":[3,24,24,24,31,45],"current_hp_per_floor":[80,80,80,64,69,69,75,75,75,83,76,86,96,101,101,73,101,105,78,80,80,80,65,65,98,98,41,48,67,67,67,104,66,129,121,121,106,80,80,71,34,73,73,112,112,112,104,85,125,0,0],"gold":77,"neow_bonus":"THREE_ENEMY_KILL","is_daily":false,"chose_seed":false,"campfire_upgraded":3,"win_rate":0.0,"timestamp":1608714620,"path_taken":["M","?","$","?","?","R","E","R","T","?","?","M","M","M","R","BOSS","M","?","M","AVR","?","E","$","R","T","NM","?","M","?","?","R","BOSS","M","?","M","?","M","E","M","R","T","R","?","?","M","E","R","BOSS"],"items_purchased_type":["Card","Card","Card","Card","Relic","Relic"],"build_version":"2020-12-22","purchased_purges":3,"victory":false,"max_hp_per_floor":[80,80,80,80,85,85,85,85,85,89,89,93,97,101,101,101,101,105,105,109,109,109,113,113,113,113,117,121,125,125,125,125,129,129,129,129,129,129,133,133,133,133,133,133,130,130,130,134,134,134,134],"card_choices":[{"not_picked":["Sword Boomerang","Rupture"],"picked":"Spot Weakness","floor":1},{"not_picked":["Battle Trance","Warcry"],"picked":"Armaments","floor":2},{"not_picked":["Pommel Strike","Entrench"],"picked":"Feed","floor":7},{"not_picked":["True Grit","Havoc"],"picked":"Clothesline","floor":10},{"not_picked":["Power Through","Defy Death"],"picked":"Rampage","floor":12},{"not_picked":["Perfected Strike","Seeing Red"],"picked":"Heavy Blade","floor":13},{"not_picked":["Replay:Undeath\u0027s Touch","ReplayTheSpireMod:Strike From Hell"],"picked":"Reckless Charge","floor":14},{"not_picked":["Demonic Infusion","Eclipse"],"picked":"hubris:StunningStrike","floor":16},{"not_picked":["Whirlwind","Dual Wield"],"picked":"ReplayTheSpireMod:LeadingStrike","floor":18},{"not_picked":["ReplayTheSpireMod:Echoes of Time","ReplayTheSpireMod:Chaos Vortex"],"picked":"infinitespire:UltimateForm","floor":19},{"not_picked":["Sword Boomerang+1","Clash"],"picked":"Heavy Blade","floor":20},{"not_picked":["Shrug It Off","Rupture"],"picked":"hubris:SharpeningStone+1","floor":23},{"not_picked":["hubris:Rewind","infinitespire:Menacing"],"picked":"Replay:Fractal Strike","floor":27},{"not_picked":["Headbutt","True Grit"],"picked":"Juggernaut","floor":27},{"not_picked":["Body Slam","Shrug It Off+1"],"picked":"Sentinel","floor":28},{"not_picked":["True Grit","Rupture"],"picked":"Wild Strike+1","floor":29},{"not_picked":["Pommel Strike","Second Wind+1"],"picked":"Rampage","floor":30},{"not_picked":["Brutality","Fiend Fire"],"picked":"Demon Form","floor":33},{"not_picked":["Battle Trance","Intimidate"],"picked":"Run Through","floor":35},{"not_picked":["Clothesline","ReplayTheSpireMod:Strike From Hell+1"],"picked":"Feed","floor":37},{"not_picked":["Burning Pact","Dual Wield"],"picked":"Headbutt","floor":38},{"not_picked":["Body Slam+1","Iron Wave"],"picked":"Wild Strike+1","floor":39},{"not_picked":["Immolate","ReplayTheSpireMod:Strike From Hell"],"picked":"Run Through+1","floor":40},{"not_picked":["Sword Boomerang","True Grit"],"picked":"Uppercut+1","floor":41},{"not_picked":["Shockwave+1","Clothesline"],"picked":"Thunderclap","floor":47},{"not_picked":["Body Slam","Wild Strike"],"picked":"ReplayTheSpireMod:Corrosion Curse+1","floor":48}],"player_experience":95838,"relics_obtained":[{"floor":7,"key":"Golden Egg"},{"floor":9,"key":"infinitespire:Satchel"},{"floor":23,"key":"ReplayTheSpireMod:TigerMarble"},{"floor":26,"key":"Ancient Tea Set"},{"floor":27,"key":"Replay:Mystery Machine"},{"floor":28,"key":"conspire:GlowingRock"},{"floor":28,"key":"infinitespire:FocusingShard"},{"floor":40,"key":"Mummified Hand"},{"floor":43,"key":"Gremlin Food"},{"floor":48,"key":"Bronze Scales"}],"event_choices":[{"damage_healed":0,"gold_gain":0,"player_choice":"Entered Light","damage_taken":16,"max_hp_gain":0,"max_hp_loss":0,"event_name":"Shining Light","floor":4,"gold_loss":0,"cards_upgraded":["Defend_R","Strike_R"]},{"damage_healed":0,"gold_gain":0,"player_choice":"Bought 3 Potions","damage_taken":0,"max_hp_gain":0,"max_hp_loss":0,"event_name":"The Woman in Blue","floor":5,"gold_loss":0},{"cards_removed":["Clothesline"],"damage_healed":0,"gold_gain":0,"player_choice":"Card Removal","damage_taken":7,"max_hp_gain":0,"max_hp_loss":0,"event_name":"Golden Wing","floor":11,"gold_loss":0},{"damage_healed":0,"gold_gain":0,"player_choice":"Fight","damage_taken":0,"max_hp_gain":0,"max_hp_loss":0,"event_name":"Colosseum","floor":28,"gold_loss":0},{"damage_healed":0,"gold_gain":0,"player_choice":"Fought Nobs","damage_taken":0,"max_hp_gain":0,"max_hp_loss":0,"event_name":"Colosseum","floor":28,"gold_loss":0},{"cards_removed":["Run Through"],"damage_healed":0,"gold_gain":0,"player_choice":"Card Removal","damage_taken":0,"max_hp_gain":0,"max_hp_loss":0,"event_name":"Wheel of Change","floor":36,"gold_loss":0},{"damage_healed":0,"gold_gain":0,"player_choice":"3 cards matched","damage_taken":0,"max_hp_gain":0,"max_hp_loss":0,"event_name":"Match and Keep!","floor":46,"gold_loss":0,"cards_obtained":["Replay:BasicMightCard","Disarm","Sword Boomerang"]}],"is_beta":false,"boss_relics":[{"not_picked":["conspire:SeveredTorchhead","hubris:ScarierMask"],"picked":"Mark of Pain"},{"not_picked":["Runic Cube","conspire:SpecialSausage"],"picked":"hubris:Backtick"}],"items_purged_floors":[24,31,45],"is_endless":true,"potions_floor_spawned":[1,2,10,12,18,29,30,33,35,39,41],"killed_by":"Donu and Deca","ascension_level":0}}