{"host":"svab9sudlrudptws","time":1608757957,"event":{"mods":["BaseMod","Colored Powertips","Minty Spire (QoL Compilation)","Robot Space Explorer","Shade Mod","StSLib","The Blackbeard","The Mystic","The Necromancer","The Poker Player","The Servant 0.9.4"],"gold_per_floor":[114,130,150,150,169,169,200,45,45,58,70,104,104,115,115,190,190,210,210,210,29,47,79,79,111,111,125,144,27,39,66,66,144,144,158,158,158,158,158],"floor_reached":38,"playtime":3081,"items_purged":[],"score":433,"play_id":"4039a624-50a5-44e8-a2f0-d62408cbac81","local_time":"20201223231237","is_ascension_mode":true,"campfire_choices":[{"data":"Negative_Energy_Arrows","floor":6.0,"key":"SMITH"},{"data":"Death_March_Dance","floor":13.0,"key":"SMITH"},{"data":"Toxic_Smoke_Screen","floor":15.0,"key":"SMITH"},{"floor":24.0,"key":"REST"},{"data":"Slay_Living","floor":32.0,"key":"SMITH"}],"circlet_count":0,"master_deck":["AscendersBane","Strike_W","Strike_W","Strike_W","Defend_W","Defend_W","Defend_W","Defend_W","Negative_Energy_Arrows+1","Bone_Wall","Bone_Spikes+1","Consume_Illness","Spectral_Armor","Death_Coil","Blood_Is_Power","Hellfire","Death_March_Dance+1","Siphon_Strength","Toxic_Smoke_Screen+1","Hellfire+1","Bones_to_Steel","Bone_Armory","Summon_Lich","Slay_Living+1","Summon_Lich","Skeleton_Dragon","Stop_Heart+1","Cloudkill","Toxic_Smoke_Screen+1","Madness","Madness"],"relics":["Vampire_Amulet","Toy Ornithopter","Pen Nib","Pocketwatch","Snecko Eye","CaptainsWheel","Happy Flower","Bottled Lightning","Whetstone","Pantograph","Pear","SlaversCollar"],"acts_visited":["Exordium","TheCity","TheBeyond"],"potions_floor_usage":[],"damage_taken":[{"damage":4.0,"enemies":"2 Louse","floor":1.0,"turns":4.0},{"damage":0.0,"enemies":"Cultist","floor":2.0,"turns":4.0},{"damage":4.0,"enemies":"Small Slimes","floor":3.0,"turns":4.0},{"damage":14.0,"enemies":"Exordium Wildlife","floor":5.0,"turns":7.0},{"damage":16.0,"enemies":"Lagavulin","floor":7.0,"turns":8.0},{"damage":8.0,"enemies":"Blue Slaver","floor":10.0,"turns":4.0},{"damage":8.0,"enemies":"Red Slaver","floor":11.0,"turns":4.0},{"damage":17.0,"enemies":"3 Sentries","floor":12.0,"turns":5.0},{"damage":9.0,"enemies":"Exordium Thugs","floor":14.0,"turns":6.0},{"damage":18.0,"enemies":"Slime Boss","floor":16.0,"turns":11.0},{"damage":0.0,"enemies":"Spheric Guardian","floor":18.0,"turns":3.0},{"damage":5.0,"enemies":"Shell Parasite","floor":22.0,"turns":4.0},{"damage":14.0,"enemies":"Book of Stabbing","floor":23.0,"turns":5.0},{"damage":0.0,"enemies":"Slavers","floor":25.0,"turns":6.0},{"damage":26.0,"enemies":"Centurion and Healer","floor":27.0,"turns":6.0},{"damage":12.0,"enemies":"Snake Plant","floor":28.0,"turns":4.0},{"damage":2.0,"enemies":"Shelled Parasite and Fungi","floor":30.0,"turns":4.0},{"damage":7.0,"enemies":"Book of Stabbing","floor":31.0,"turns":4.0},{"damage":58.0,"enemies":"Automaton","floor":33.0,"turns":9.0},{"damage":18,"enemies":"Orb Walker","floor":35,"turns":3},{"damage":58,"enemies":"3 Darklings","floor":38,"turns":2}],"seed_played":"6071478482981475678","potions_obtained":[{"floor":1.0,"key":"LiquidBronze"},{"floor":3.0,"key":"EntropicBrew"},{"floor":7.0,"key":"PowerPotion"},{"floor":16.0,"key":"Dexterity Potion"},{"floor":23.0,"key":"DistilledChaos"},{"floor":28.0,"key":"LiquidMemories"},{"floor":30.0,"key":"Energy Potion"}],"is_trial":false,"path_per_floor":["M","M","M","?","M","R","E","$","T","M","M","E","R","M","R","B",null,"M","?","?","$","M","E","R","E","T","M","M","$","M","E","R","B",null,"M","?","?","M"],"character_chosen":"NECROMANCER","items_purchased":["Pen Nib","Bone_Armory","Happy Flower","Slay_Living","Summon_Lich"],"campfire_rested":1,"item_purchase_floors":[8,21,21,29,29],"current_hp_per_floor":[71,73,76,76,69,69,55,55,55,52,49,43,43,38,38,31,66,68,53,45,45,42,35,59,70,70,51,41,41,48,58,58,31,78,62,50,50,0,0],"gold":158,"neow_bonus":"TEN_PERCENT_HP_BONUS","is_daily":false,"chose_seed":false,"campfire_upgraded":4,"win_rate":0.0,"timestamp":1608757957,"path_taken":["M","M","M","?","?","R","E","?","T","?","M","E","R","M","R","BOSS","M","?","?","?","M","E","R","E","T","M","?","$","M","E","R","BOSS","M","?","?","M"],"items_purchased_type":["Relic","Card","Relic","Card","Card"],"build_version":"2020-12-22","purchased_purges":0,"victory":false,"max_hp_per_floor":[78,78,78,78,78,78,78,78,78,78,78,78,78,78,78,78,78,78,83,83,83,83,83,83,83,83,83,83,83,83,93,93,93,93,93,93,93,93,93],"card_choices":[{"not_picked":["Shackles_Of_Pain","Bones_to_Steel"],"picked":"Bone_Spikes","floor":1.0},{"not_picked":["Blood_Whip","Epidemic"],"picked":"Consume_Illness","floor":2.0},{"not_picked":["Strike_from_Beyond","Blood_Curse"],"picked":"Spectral_Armor","floor":3.0},{"not_picked":["Deaths_Shadow","Shackles_Of_Pain"],"picked":"Blood_Is_Power","floor":5.0},{"not_picked":["Shade_Step","Toxic_Smoke_Screen"],"picked":"Hellfire","floor":7.0},{"not_picked":["Finger_Of_Death","Bone_Armor","Blood_Whip"],"picked":"SKIP","floor":10.0},{"not_picked":["Bone_Shift","Negative_Energy_Mist"],"picked":"Death_March_Dance","floor":11.0},{"not_picked":["Death_March_Dance","Toxic_Smoke_Screen"],"picked":"Siphon_Strength","floor":12.0},{"not_picked":["Life_Tap","Death_Coil"],"picked":"Toxic_Smoke_Screen","floor":14.0},{"not_picked":["Skeleton_Dragon","Negative_Energy_Bomb"],"picked":"Hellfire","floor":16.0},{"not_picked":["Negative_Energy_Mist","Shackles_Of_Pain"],"picked":"Bones_to_Steel","floor":18.0},{"not_picked":["Death_Coil","Bone_Bullets","Necrotic_Claws"],"picked":"SKIP","floor":22.0},{"not_picked":["Death_Knell","Chill_Blood","Negative_Energy_Sphere"],"picked":"SKIP","floor":23.0},{"not_picked":["Toxic_Smoke_Screen","Death_March_Dance","Negative_Energy_Sphere+1"],"picked":"SKIP","floor":25.0},{"not_picked":["Scare","Chill_Blood"],"picked":"Summon_Lich","floor":27.0},{"not_picked":["Finger_Of_Death","Blood_for_Blood","Death_Coil"],"picked":"SKIP","floor":28.0},{"not_picked":["Necromantic_Selection","Scare"],"picked":"Skeleton_Dragon","floor":30.0},{"not_picked":["Finger_Of_Death","Shackles_Of_Pain"],"picked":"Stop_Heart+1","floor":31.0},{"not_picked":["Hellfire","Blood_Wake"],"picked":"Cloudkill","floor":33.0},{"not_picked":["Blood_Curse","Death_Knell"],"picked":"Toxic_Smoke_Screen+1","floor":35}],"player_experience":1632681,"relics_obtained":[{"floor":7.0,"key":"Toy Ornithopter"},{"floor":12.0,"key":"Pocketwatch"},{"floor":23.0,"key":"Bottled Lightning"},{"floor":25.0,"key":"Whetstone"},{"floor":26.0,"key":"Pantograph"},{"floor":31.0,"key":"Pear"}],"event_choices":[{"damage_healed":0.0,"max_hp_gain":0.0,"max_hp_loss":0.0,"gold_gain":0.0,"cards_transformed":["Strike_W"],"event_name":"Transmorgrifier","player_choice":"Transformed","floor":4.0,"gold_loss":0.0,"damage_taken":0.0,"cards_obtained":["Death_Coil"]},{"damage_healed":0.0,"max_hp_gain":5.0,"max_hp_loss":0.0,"gold_gain":0.0,"event_name":"Forgotten Altar","player_choice":"Shed Blood","floor":19.0,"gold_loss":0.0,"damage_taken":20.0},{"damage_healed":0.0,"max_hp_gain":0.0,"max_hp_loss":0.0,"gold_gain":0.0,"event_name":"blackbeard:ShipwreckEvent","player_choice":"CaptainsWheel","floor":20.0,"gold_loss":0.0,"damage_taken":0.0,"relics_obtained":["CaptainsWheel"]},{"damage_healed":0,"gold_gain":0,"player_choice":"Embrace Madness","damage_taken":12,"max_hp_gain":0,"max_hp_loss":0,"event_name":"Winding Halls","floor":36,"gold_loss":0,"cards_obtained":["Madness","Madness"]},{"damage_healed":0,"gold_gain":0,"player_choice":"Ignored","damage_taken":0,"max_hp_gain":0,"max_hp_loss":0,"event_name":"Tomb of Lord Red Mask","floor":37,"gold_loss":0}],"is_beta":false,"boss_relics":[{"not_picked":["Philosopher\u0027s Stone","Runic Dome"],"picked":"Snecko Eye"},{"not_picked":["Fusion Hammer","Empty Cage"],"picked":"SlaversCollar"}],"items_purged_floors":[],"is_endless":false,"potions_floor_spawned":[1,3,7,10,16,23,28,30],"killed_by":"3 Darklings","ascension_level":14}}