{"host":"bg8va46pgqgvtzim","time":1608701162,"event":{"mods":["BaseMod","Minty Spire (QoL Compilation)","Quick Restart","StSLib","SuperFastMode"],"gold_per_floor":[114,128,128,128,151,151,170,208,208,248,269,290,290,324,324,448,448,466,466,391,414,429,472,472,492,492,492,492,513,400,420,420,549,549,562,462,462,117,133,133,169,169,169,169,193,208,227,246,246,246,246,246,96,135,135],"floor_reached":56,"playtime":1780,"items_purged":["Strike_P","Defend_P","Strike_P","Halt"],"score":1425,"play_id":"0130122c-f57a-48e9-9f7d-c97f28dc31b2","local_time":"20201223132602","is_ascension_mode":true,"campfire_choices":[{"data":"CrushJoints","floor":6.0,"key":"SMITH"},{"data":"MasterReality","floor":13.0,"key":"SMITH"},{"data":"Defend_P","floor":15.0,"key":"PURGE"},{"data":"Defend_P","floor":24.0,"key":"PURGE"},{"floor":27.0,"key":"REST"},{"data":"Collect","floor":32.0,"key":"SMITH"},{"data":"Defend_P","floor":40.0,"key":"PURGE"},{"data":"Scrawl","floor":42.0,"key":"SMITH"},{"data":"Vault","floor":44.0,"key":"SMITH"},{"floor":49.0,"key":"RECALL"},{"data":"DeceiveReality","floor":52.0,"key":"PURGE"}],"circlet_count":0,"master_deck":["Eruption+1","Vigilance","CrushJoints+1","FollowUp","MasterReality+1","FearNoEvil","MentalFortress+1","DeusExMachina","CutThroughFate+1","TalkToTheHand+1","Evaluate","Pray+1","Collect+1","EmptyMind","Prostrate+1","Scrawl+1","MentalFortress+1","Vault+1","DevaForm+1","Fasting2+1","Omniscience"],"relics":["PureWater","Golden Idol","Mango","Peace Pipe","Turnip","Frozen Egg 2","Philosopher\u0027s Stone","Enchiridion","PreservedInsect","Shuriken","Runic Pyramid","Orrery","Incense Burner","TeardropLocket"],"acts_visited":["Exordium","TheCity","TheBeyond","TheEnding"],"potions_floor_usage":[55,55],"damage_taken":[{"damage":0.0,"enemies":"Small Slimes","floor":1.0,"turns":2.0},{"damage":0.0,"enemies":"2 Louse","floor":2.0,"turns":2.0},{"damage":1.0,"enemies":"Jaw Worm","floor":5.0,"turns":4.0},{"damage":0.0,"enemies":"Large Slime","floor":7.0,"turns":2.0},{"damage":0.0,"enemies":"Gremlin Nob","floor":8.0,"turns":2.0},{"damage":14.0,"enemies":"3 Sentries","floor":10.0,"turns":4.0},{"damage":0.0,"enemies":"Looter","floor":11.0,"turns":1.0},{"damage":11.0,"enemies":"Lots of Slimes","floor":12.0,"turns":4.0},{"damage":11.0,"enemies":"Gremlin Nob","floor":14.0,"turns":4.0},{"damage":0.0,"enemies":"Slime Boss","floor":16.0,"turns":7.0},{"damage":5.0,"enemies":"Shell Parasite","floor":18.0,"turns":5.0},{"damage":0.0,"enemies":"Chosen","floor":21.0,"turns":3.0},{"damage":10.0,"enemies":"Centurion and Healer","floor":22.0,"turns":4.0},{"damage":25.0,"enemies":"Gremlin Leader","floor":23.0,"turns":4.0},{"damage":4.0,"enemies":"3 Cultists","floor":25.0,"turns":4.0},{"damage":2.0,"enemies":"Snecko","floor":29.0,"turns":4.0},{"damage":8.0,"enemies":"Cultist and Chosen","floor":31.0,"turns":4.0},{"damage":25.0,"enemies":"Champ","floor":33.0,"turns":8.0},{"damage":0.0,"enemies":"3 Darklings","floor":35.0,"turns":5.0},{"damage":0.0,"enemies":"3 Shapes","floor":39.0,"turns":5.0},{"damage":0.0,"enemies":"Reptomancer","floor":41.0,"turns":5.0},{"damage":0.0,"enemies":"Jaw Worm Horde","floor":45.0,"turns":3.0},{"damage":0.0,"enemies":"3 Darklings","floor":46.0,"turns":4.0},{"damage":0.0,"enemies":"Maw","floor":47.0,"turns":5.0},{"damage":0.0,"enemies":"Jaw Worm Horde","floor":48.0,"turns":4.0},{"damage":27.0,"enemies":"Time Eater","floor":50.0,"turns":7.0},{"damage":0.0,"enemies":"Shield and Spear","floor":54.0,"turns":4.0},{"damage":48,"enemies":"The Heart","floor":55,"turns":7}],"seed_played":"4851732806805648396","potions_obtained":[{"floor":5.0,"key":"Fire Potion"},{"floor":7.0,"key":"DuplicationPotion"},{"floor":10.0,"key":"Ancient Potion"},{"floor":16.0,"key":"GamblersBrew"},{"floor":21.0,"key":"ColorlessPotion"},{"floor":25.0,"key":"Weak Potion"},{"floor":29.0,"key":"ColorlessPotion"},{"floor":33.0,"key":"DuplicationPotion"},{"floor":41.0,"key":"Strength Potion"},{"floor":46.0,"key":"ColorlessPotion"}],"is_trial":false,"path_per_floor":["M","M","?","?","M","R","M","E","T","E","M","M","R","E","R","B",null,"M","?","?","M","M","E","R","M","T","R","?","M","$","M","R","B",null,"M","$","?","$","M","R","E","R","T","R","M","M","M","M","R","B",null,"R","$","E","B",null],"character_chosen":"WATCHER","items_purchased":["EmptyMind","Orrery","Fasting2+1"],"campfire_rested":1,"item_purchase_floors":[30,38,38],"current_hp_per_floor":[72,72,54,54,53,53,53,67,67,53,53,42,42,31,31,31,86,81,65,65,65,55,30,30,26,26,51,51,49,49,41,41,16,86,86,86,86,86,86,86,86,86,86,86,86,86,86,86,86,59,86,86,86,86,38],"gold":135,"neow_bonus":"UPGRADE_CARD","is_daily":false,"chose_seed":false,"campfire_upgraded":5,"win_rate":0.0,"timestamp":1608701162,"path_taken":["M","M","?","?","M","R","M","E","T","E","M","M","R","E","R","BOSS","M","?","?","M","M","E","R","M","T","R","?","M","$","M","R","BOSS","M","$","?","$","M","R","E","R","T","R","M","M","M","?","R","BOSS","R","$","E","BOSS"],"items_purchased_type":["Card","Relic","Card"],"build_version":"2020-12-13","purchased_purges":4,"victory":true,"max_hp_per_floor":[72,72,72,72,72,72,72,86,86,86,86,86,86,86,86,86,86,86,86,86,86,86,86,86,86,86,86,86,86,86,86,86,86,86,86,86,86,86,86,86,86,86,86,86,86,86,86,86,86,86,86,86,86,86,86],"card_choices":[{"not_picked":["Crescendo","InnerPeace"],"picked":"CrushJoints","floor":1.0},{"not_picked":["ClearTheMind","SashWhip","EmptyFist"],"picked":"SKIP","floor":2.0},{"not_picked":["Weave","Protect"],"picked":"FollowUp","floor":5.0},{"not_picked":["WreathOfFlame","Wish"],"picked":"Halt","floor":7.0},{"not_picked":["WaveOfTheHand","FlyingSleeves","PathToVictory"],"picked":"SKIP","floor":8.0},{"not_picked":["Pray","ClearTheMind"],"picked":"DeceiveReality","floor":10.0},{"not_picked":["Evaluate","ClearTheMind"],"picked":"MasterReality","floor":11.0},{"not_picked":["BowlingBash","CutThroughFate"],"picked":"FearNoEvil","floor":12.0},{"not_picked":["Worship","Wireheading+1"],"picked":"MentalFortress+1","floor":14.0},{"not_picked":["SpiritShield","Omniscience"],"picked":"DeusExMachina","floor":16.0},{"not_picked":["InnerPeace","FollowUp"],"picked":"CutThroughFate+1","floor":18.0},{"not_picked":["WindmillStrike+1","Prostrate"],"picked":"TalkToTheHand+1","floor":21.0},{"not_picked":["Evaluate","WaveOfTheHand+1","BattleHymn+1"],"picked":"SKIP","floor":22.0},{"not_picked":["WaveOfTheHand+1","BattleHymn+1"],"picked":"Evaluate","floor":22.0},{"not_picked":["PathToVictory","CrushJoints","FlyingSleeves+1"],"picked":"SKIP","floor":23.0},{"not_picked":["TalkToTheHand","Protect"],"picked":"Pray+1","floor":25.0},{"not_picked":["DeceiveReality+1","SashWhip+1"],"picked":"Collect","floor":29.0},{"not_picked":["TalkToTheHand","Protect+1"],"picked":"Prostrate+1","floor":31.0},{"not_picked":["Wish","Ragnarok"],"picked":"Scrawl","floor":33.0},{"not_picked":["CrushJoints+1","ClearTheMind"],"picked":"MentalFortress+1","floor":35.0},{"not_picked":["PathToVictory","ClearTheMind+1"],"picked":"Vault","floor":38.0},{"not_picked":["Study+1","WheelKick+1"],"picked":"DevaForm+1","floor":38.0},{"not_picked":["FollowUp+1","CutThroughFate+1","Perseverance+1"],"picked":"SKIP","floor":39.0},{"not_picked":["FollowUp+1","CutThroughFate+1","Perseverance+1"],"picked":"SKIP","floor":39.0},{"not_picked":["JustLucky+1","Protect","SashWhip"],"picked":"SKIP","floor":41.0},{"not_picked":["SashWhip","CutThroughFate+1","Halt+1"],"picked":"SKIP","floor":45.0},{"not_picked":["Wireheading+1","Perseverance+1","PathToVictory"],"picked":"SKIP","floor":46.0},{"not_picked":["WheelKick+1","CrushJoints+1"],"picked":"Omniscience","floor":47.0},{"not_picked":["ClearTheMind+1","WheelKick","Evaluate+1"],"picked":"SKIP","floor":48.0},{"not_picked":["Wireheading+1","FollowUp","LikeWater+1"],"picked":"SKIP","floor":54.0}],"player_experience":2142823,"relics_obtained":[{"floor":8.0,"key":"Mango"},{"floor":9.0,"key":"Peace Pipe"},{"floor":10.0,"key":"Turnip"},{"floor":14.0,"key":"Frozen Egg 2"},{"floor":19.0,"key":"Enchiridion"},{"floor":23.0,"key":"PreservedInsect"},{"floor":26.0,"key":"Shuriken"},{"floor":41.0,"key":"Incense Burner"},{"floor":54.0,"key":"TeardropLocket"}],"event_choices":[{"damage_healed":0.0,"max_hp_gain":0.0,"max_hp_loss":0.0,"gold_gain":0.0,"event_name":"Golden Idol","player_choice":"Take Damage","floor":3.0,"gold_loss":0.0,"damage_taken":18.0,"relics_obtained":["Golden Idol"]},{"damage_healed":0.0,"max_hp_gain":0.0,"max_hp_loss":0.0,"gold_gain":0.0,"event_name":"Liars Game","player_choice":"Ignored","floor":4.0,"gold_loss":0.0,"damage_taken":0.0},{"damage_healed":0.0,"max_hp_gain":0.0,"max_hp_loss":0.0,"gold_gain":0.0,"event_name":"Cursed Tome","player_choice":"Obtained Book","floor":19.0,"gold_loss":0.0,"damage_taken":16.0},{"cards_removed":["Strike_P"],"damage_healed":0.0,"max_hp_gain":0.0,"max_hp_loss":0.0,"gold_gain":0.0,"event_name":"Beggar","player_choice":"Gave Gold","floor":20.0,"gold_loss":75.0,"damage_taken":0.0},{"damage_healed":0.0,"max_hp_gain":0.0,"max_hp_loss":0.0,"gold_gain":0.0,"event_name":"The Mausoleum","player_choice":"Ignored","floor":28.0,"gold_loss":0.0,"damage_taken":0.0},{"cards_removed":["Strike_P"],"damage_healed":0.0,"max_hp_gain":0.0,"max_hp_loss":0.0,"gold_gain":0.0,"event_name":"Bonfire Elementals","player_choice":"Offered Basic","floor":37.0,"gold_loss":0.0,"damage_taken":0.0}],"is_beta":false,"boss_relics":[{"not_picked":["Tiny House","Ectoplasm"],"picked":"Philosopher\u0027s Stone"},{"not_picked":["Snecko Eye","Black Star"],"picked":"Runic Pyramid"}],"items_purged_floors":[30,36,38,53],"is_endless":false,"potions_floor_spawned":[5,7,10,16,21,25,29,33,41,46,48],"ascension_level":1}}