{"host":"jgyoyy5iuhtvyvtg","time":1608712736,"event":{"mods":["2.2 Compatiblity","BaseMod","Challenge The Spire","Colored Map","Conspire","Downfall","Hermit","Highlight Path","Infinite Spire","Lobotomy","LobotomyExtend","Minty Spire (QoL Compilation)","Quick Restart","Replay The Spire","Spikes Relics","StSLib","The Construct","The Disciple","The Jungle","Yuri Mod"],"gold_per_floor":[113,113,63,83,156,181,181,209,235,235,249,269,279,294,294,398,398,409,420,7,7,7,7],"floor_reached":22,"playtime":736,"items_purged":["hermit:Strike_Hermit"],"score":298,"play_id":"26915ca4-b503-44e2-93c4-84580104ef7e","local_time":"20201223003856","is_ascension_mode":true,"campfire_choices":[{"data":"hermit:WideOpen","floor":7,"key":"SMITH"},{"floor":15,"key":"REST"}],"circlet_count":0,"master_deck":["hermit:Strike_Hermit","hermit:Strike_Hermit","hermit:Defend_Hermit","hermit:Defend_Hermit","hermit:Defend_Hermit","hermit:Defend_Hermit","hermit:Snapshot","hermit:Covet","hermit:Virtue","hermit:WideOpen+1","hermit:FinalCanter","hermit:FatalDesire","hermit:LowProfile","hermit:Grudge","hermit:SprayPray","hermit:OverwhelmingPower","hermit:Magnum","Regret","ReplayTheSpireMod:Splinters","ReplayTheSpireMod:Faulty Equipment","hermit:ShadowCloak+1","hermit:Grudge","hermit:Gestalt","expansioncontent:Collect"],"relics":["hermit:Momento","NeowsBlessing","LetterFromLob","Smiling Mask","Peace Pipe","ReplayTheSpireMod:Lightbulb","Replay:Ancient Bell","Strawberry","conspire:DeflatedDodgeball","Dead Branch","RollingBoulder"],"acts_visited":["Exordium","Exordium"],"potions_floor_usage":[12,16,18],"damage_taken":[{"damage":0,"enemies":"Small Slimes","floor":1,"turns":1},{"damage":0,"enemies":"2 Louse","floor":4,"turns":1},{"damage":0,"enemies":"Gremlin Nob","floor":6,"turns":1},{"damage":30,"enemies":"3 Sentries","floor":8,"turns":9},{"damage":7,"enemies":"Jaw Worm","floor":11,"turns":3},{"damage":3,"enemies":"Gremlin Gang","floor":12,"turns":3},{"damage":13,"enemies":"Large Slime","floor":13,"turns":3},{"damage":6,"enemies":"Looter","floor":14,"turns":2},{"damage":15,"enemies":"Hexaghost","floor":16,"turns":8},{"damage":22,"enemies":"theJungle:MUSHROOMGANG","floor":18,"turns":4},{"damage":4,"enemies":"theJungle:GiantWrat","floor":19,"turns":3},{"damage":41,"enemies":"theJungle:2_Flameangoes","floor":22,"turns":7}],"seed_played":"8622492597095223369","potions_obtained":[{"floor":8,"key":"Fire Potion"},{"floor":13,"key":"SteroidPotion"},{"floor":14,"key":"Cursed Concoction"},{"floor":16,"key":"hermit:BlackBile"}],"is_trial":false,"path_per_floor":["M","?","?","M","?","E","R","E","T","?","M","M","M","M","R","B",null,"M","M","$","M","M"],"character_chosen":"HERMIT","items_purchased":["hermit:Grudge","hermit:Gestalt","expansioncontent:Collect","RollingBoulder"],"campfire_rested":1,"item_purchase_floors":[20,20,20,20],"current_hp_per_floor":[68,68,68,68,68,68,68,38,38,38,31,28,15,9,31,16,67,45,41,41,41,0,0],"gold":7,"neow_bonus":"THREE_ENEMY_KILL","is_daily":false,"chose_seed":false,"campfire_upgraded":1,"win_rate":0.0,"timestamp":1608712736,"path_taken":["M","?","?","M","?","E","R","E","T","?","?","M","M","M","R","BOSS","M","M","$","M","M"],"items_purchased_type":["Card","Card","Card","Relic"],"build_version":"2020-12-22","purchased_purges":1,"victory":false,"max_hp_per_floor":[75,75,75,75,75,75,75,75,75,75,75,75,75,75,75,75,82,82,82,82,82,82,82],"card_choices":[{"not_picked":["hermit:Glare","hermit:Dive"],"picked":"hermit:Virtue","floor":1},{"not_picked":["hermit:ItchyTrigger","hermit:HoleUp"],"picked":"hermit:WideOpen","floor":4},{"not_picked":["hermit:TrackingShot","hermit:Snipe"],"picked":"hermit:FinalCanter","floor":6},{"not_picked":["hermit:Dive","hermit:Grudge"],"picked":"hermit:FatalDesire","floor":8},{"not_picked":["hermit:Vantage","hermit:Headshot"],"picked":"hermit:LowProfile","floor":11},{"not_picked":["hermit:HoleUp","hermit:WideOpen"],"picked":"hermit:Grudge","floor":12},{"not_picked":["hermit:TrackingShot","hermit:Coalescence"],"picked":"hermit:SprayPray","floor":13},{"not_picked":["hermit:ItchyTrigger","hermit:Snipe","hermit:Brawl"],"picked":"SKIP","floor":14},{"not_picked":["hermit:HighNoon","hermit:FromBeyond"],"picked":"hermit:Magnum","floor":16},{"not_picked":["ReplayTheSpireMod:Doomed","Voices"],"picked":"Regret","floor":17},{"not_picked":["Slimebound:Icky","Guardian:Aged"],"picked":"ReplayTheSpireMod:Splinters","floor":17},{"not_picked":["TheSerpent","AbeCurse"],"picked":"ReplayTheSpireMod:Faulty Equipment","floor":17},{"not_picked":["hermit:Ricochet","hermit:BodyArmor","hermit:WideOpen"],"picked":"SKIP","floor":18},{"not_picked":["hermit:Quickdraw","hermit:Ricochet"],"picked":"hermit:ShadowCloak+1","floor":19}],"player_experience":3179605,"relics_obtained":[{"floor":1,"key":"LetterFromLob"},{"floor":6,"key":"Smiling Mask"},{"floor":8,"key":"Peace Pipe"},{"floor":9,"key":"ReplayTheSpireMod:Lightbulb"}],"event_choices":[{"cards_removed":["hermit:Strike_Hermit"],"damage_healed":0,"gold_gain":0,"player_choice":"Card Removal","damage_taken":0,"max_hp_gain":0,"max_hp_loss":0,"event_name":"The Cleric","floor":3,"gold_loss":50},{"damage_healed":0,"gold_gain":73,"player_choice":"Gained Gold","damage_taken":0,"max_hp_gain":0,"max_hp_loss":0,"event_name":"Golden Wing","floor":5,"gold_loss":0},{"damage_healed":0,"gold_gain":0,"player_choice":"Leave","damage_taken":0,"max_hp_gain":0,"max_hp_loss":0,"event_name":"conspire:Investor","floor":10,"gold_loss":0}],"is_beta":false,"boss_relics":[{"not_picked":["Painkiller Herb","infinitespire:Cupcake"],"picked":"Replay:Ancient Bell"},{"not_picked":["CeramicFish","Ancient Tea Set"],"picked":"Strawberry"},{"not_picked":["The Courier","infinitespire:Midas Blood"],"picked":"conspire:DeflatedDodgeball"},{"not_picked":["HeavenlyBonsai","Replay:Towering Pillar of Hats"],"picked":"Dead Branch"}],"items_purged_floors":[20],"is_endless":false,"potions_floor_spawned":[8,13,14,16],"killed_by":"theJungle:2_Flameangoes","ascension_level":7}}