{"host":"kqqjvufdj6ouyvqb","time":1608704112,"event":{"mods":["ATMod(阿瑾Mod)","Act Like it!","BaseMod","Colored Powertips","Downfall","Hallownest","HololiveMod","Lobotomy","LobotomyExtend","Minty Spire (QoL Compilation)","Prisma Mod","Quick Restart","Replay The Spire","StSLib","The Alterego","The Bug Knight","The Construct","The Gatherer","WarShipGirlsR/战舰少女R mod","[IsaacMod]以撒尖塔","残留之物","篝火指南"],"gold_per_floor":[112,162,19,35,46,90,90,115,115,115,115,115,40,40,40,135,135,154,254,254,4,4,131,131,131,155,186,214,214,228,244,244,341,341,351,371,382,399,409,409,129,148,148,148,98,142,162,193,37,37],"floor_reached":51,"playtime":2419,"items_purged":[],"score":803,"play_id":"1f1c3b42-cacb-4528-8068-8595154d9983","local_time":"20201223141512","is_ascension_mode":false,"campfire_choices":[{"data":"AT_Dispersion","floor":7,"key":"SMITH"},{"data":"HollowMod:ChannelNail","floor":15,"key":"SMITH"},{"data":"Metamorphosis","floor":25,"key":"SMITH"},{"data":"HollowMod:SoulMaster","floor":29,"key":"SMITH"},{"data":"HollowMod:FocusHealStart","floor":32,"key":"SMITH"},{"data":"HollowMod:SoulSplash","floor":40,"key":"SMITH"}],"circlet_count":0,"master_deck":["HollowMod:NailStrikeStart","HollowMod:NailStrikeStart","HollowMod:NailStrikeStart","HollowMod:QuickDashStart","HollowMod:QuickDashStart","HollowMod:QuickDashStart","HollowMod:QuickDashStart","HollowMod:FocusHealStart+1","HollowMod:PogoStrike","DoctorFetus","BettingIsNotGood","AT_Dispersion+1","HollowMod:CycloneSlash","HollowMod:GreatSlash","HollowMod:SharpenedNail","HollowMod:FallenFury","HollowMod:ChannelNail+1","HollowMod:SoulStrike","HollowMod:NewLittleFool","HollowMod:SoulMaster+1","HollowMod:PureNailStrike+1","HollowMod:MantisMark+1","HollowMod:QuirrelsAssistance","Metamorphosis+1","HollowMod:HuntersJournal","HollowMod:DashSlash+1","HollowMod:LifebloodCocoon","HollowMod:NewGlowingWomb","HollowMod:LifebloodCore","HollowMod:SoulSplash+1","HollowMod:SoulEater+1","HollowMod:HowlingWraiths+1","HollowMod:ChannelNail+1","HollowMod:GoodIntentions+1","HollowMod:VengefulSpirit","HollowMod:MothsMistake","HollowMod:MothsMistake","HollowMod:HowlingWraiths+1","HollowMod:BaldurShell+1","HollowMod:DesolateDive","HollowMod:SoulSplash+1"],"relics":["HollowMod:VesselMask","HushsDoor","AT_ATBox","BookOfRevelations","LetterFromLob","AT_BladeRuinedKing","AT_SunfireAegis","Question Card","CaptainsWheel","Chaos","Runic Dome","GuppysPaw","MagicMushroom","Replay:Wanted Poster","Painkiller Herb","JudasShadow","EdensBlessing","AT_SpeedBoots","Frozen Eye","Bottled Flame","AT_ArchangelStaff","SteamSale"],"acts_visited":["Exordium","Hallownest:Greenpath","Hallownest:CityofTears"],"potions_floor_usage":[6,16,16,46,46],"damage_taken":[{"damage":1,"enemies":"Hallownest:2_Baldur","floor":1,"turns":7},{"damage":0,"enemies":"Hallownest:monsterHuskGuard","floor":4,"turns":4},{"damage":0,"enemies":"Hallownest:monsterHuskWarrior","floor":5,"turns":2},{"damage":5,"enemies":"Hallownest:eliteCrystalGuardian","floor":6,"turns":4},{"damage":0,"enemies":"Hallownest:eliteMossKnight","floor":8,"turns":3},{"damage":0,"enemies":"Hallownest:monsterAspidMother","floor":12,"turns":2},{"damage":9,"enemies":"Hallownest:BossHornet","floor":16,"turns":6},{"damage":1,"enemies":"Hallownest:Guard_and_Sentry","floor":18,"turns":4},{"damage":3,"enemies":"Hallownest:eliteSoulWarrior","floor":23,"turns":4},{"damage":0,"enemies":"Hallownest:Flukemon_and_Top","floor":27,"turns":3},{"damage":11,"enemies":"Hallownest:eliteWatcherKnight","floor":28,"turns":8},{"damage":0,"enemies":"Hallownest:monsterShrumalOgre","floor":30,"turns":2},{"damage":1,"enemies":"Hallownest:monsterMisterMushroom","floor":31,"turns":5},{"damage":27,"enemies":"Hallownest:BossMantisLord","floor":33,"turns":4},{"damage":0,"enemies":"Hallownest:Shield_Heavy","floor":35,"turns":2},{"damage":21,"enemies":"Hallownest:3_Siblings","floor":36,"turns":4},{"damage":24,"enemies":"Hallownest:2_Wing_and_1_Kings","floor":37,"turns":4},{"damage":11,"enemies":"Hallownest:2_Wandering_and_1_Horned","floor":38,"turns":4},{"damage":3,"enemies":"Hallownest:2_Great","floor":39,"turns":3},{"damage":12,"enemies":"Hallownest:Shield_Sturdy","floor":42,"turns":4},{"damage":8,"enemies":"Hallownest:eliteCollector","floor":46,"turns":5},{"damage":2,"enemies":"Hallownest:Slobbering_and_Violent","floor":47,"turns":4},{"damage":26,"enemies":"Hallownest:StalkingDevout","floor":48,"turns":5},{"damage":19,"enemies":"Hallownest:BossGreyPrinceZote","floor":50,"turns":6}],"seed_played":"-5180369826138052731","potions_obtained":[{"floor":2,"key":"Strength Potion"},{"floor":2,"key":"LifebloodPotion"},{"floor":4,"key":"GamblersBrew"},{"floor":6,"key":"Dexterity Potion"},{"floor":28,"key":"Fire Potion"},{"floor":30,"key":"Swift Potion"},{"floor":38,"key":"Regen Potion"}],"is_trial":false,"path_per_floor":["M","?","$","M","M","E","R","E","T","M","?","M","?","?","R","B",null,"M","?","?","$","$","E","?","R","T","?","E","T","?","?","T","B",null,"?","?","?","?","?","T","T","?","T","?","?","E","?","E","T","B",null],"character_chosen":"THE_BUGKNIGHT","items_purchased":["AT_SunfireAegis","HollowMod:QuirrelsAssistance","Metamorphosis","HollowMod:VengefulSpirit","HollowMod:MothsMistake","AT_SpeedBoots","SteamSale"],"campfire_rested":0,"item_purchase_floors":[3,21,21,41,41,41,49],"current_hp_per_floor":[75,57,57,68,68,63,63,63,63,63,67,67,72,54,54,56,87,86,86,86,86,86,84,84,84,84,85,76,76,77,77,77,57,87,87,72,60,61,59,59,59,48,48,48,58,74,73,58,58,40],"gold":37,"neow_bonus":"RANDOM_COLORLESS","is_daily":false,"chose_seed":false,"campfire_upgraded":6,"win_rate":0.0,"timestamp":1608704112,"path_taken":["M","?","$","M","M","E","R","E","T","M","?","M","?","?","R","BOSS","M","?","?","?","$","E","?","R","T","?","E","T","?","?","T","BOSS","?","?","?","?","?","T","T","?","T","?","?","E","?","E","T","BOSS"],"items_purchased_type":["Relic","Card","Card","Card","Card","Relic","Relic"],"build_version":"2020-12-22","purchased_purges":0,"victory":true,"max_hp_per_floor":[75,75,75,75,75,75,75,75,75,75,75,75,80,80,80,80,87,87,87,87,87,87,87,87,87,87,87,87,87,87,87,87,87,87,87,87,87,87,87,87,87,87,87,82,82,82,82,82,82,82],"card_choices":[{"not_picked":[],"picked":"DoctorFetus","floor":0},{"not_picked":["Replay:SS_fish_2","expansioncontent:PrepareCrush"],"picked":"BettingIsNotGood","floor":0},{"not_picked":["HollowMod:HuntersJournal","HollowMod:ShadowDash"],"picked":"HollowMod:CycloneSlash","floor":1},{"not_picked":["HollowMod:CornifersMapStart","HollowMod:FastStrike"],"picked":"HollowMod:GreatSlash","floor":2},{"not_picked":["HollowMod:GreatSlash","HollowMod:NewLittleFool"],"picked":"HollowMod:SharpenedNail","floor":4},{"not_picked":["HollowMod:WraithStrike","HollowMod:ShadowDash"],"picked":"HollowMod:FallenFury","floor":5},{"not_picked":["HollowMod:PerfectDash","HollowMod:InfectionAssault"],"picked":"HollowMod:ChannelNail","floor":6},{"not_picked":["HollowMod:BlackTendrils","HollowMod:MothsMistake","HollowMod:HornetsHelp"],"picked":"HollowMod:SoulStrike","floor":8},{"not_picked":["HollowMod:GreatSlash","HollowMod:DescendingDark","HollowMod:SharpenedNail"],"picked":"HollowMod:NewLittleFool","floor":12},{"not_picked":["HollowMod:Weaversong","HollowMod:AwokenDreamNail","HollowMod:MidwifesHunger"],"picked":"HollowMod:SoulMaster","floor":16},{"not_picked":["HollowMod:NewJinnsSoul+1","HollowMod:DoubleDash+1","HollowMod:DescendingDark"],"picked":"HollowMod:PureNailStrike+1","floor":18},{"not_picked":["HollowMod:CrystalDash","HollowMod:PerfectDash+1","HollowMod:CornifersMapStart"],"picked":"HollowMod:MantisMark+1","floor":19},{"not_picked":["HollowMod:SharpenedNail","HollowMod:TaintedHusks","HollowMod:HeavyBlow","HollowMod:ShadowDash+1"],"picked":"SKIP","floor":23},{"not_picked":["HollowMod:DungDefenderAura","HollowMod:CornifersMapStart+1","HollowMod:InfectionAssault"],"picked":"HollowMod:HuntersJournal","floor":27},{"not_picked":["HollowMod:DoubleDash","HollowMod:VoidDash","HollowMod:WraithStrike"],"picked":"HollowMod:DashSlash+1","floor":28},{"not_picked":["HollowMod:DreamGate","HollowMod:BlackTendrils","HollowMod:CycloneSlash"],"picked":"HollowMod:LifebloodCocoon","floor":30},{"not_picked":["HollowMod:SiblingsShadow","HollowMod:GreatSlash","HollowMod:NewJinnsSoul"],"picked":"HollowMod:NewGlowingWomb","floor":31},{"not_picked":["HollowMod:MidwifesHunger","HollowMod:Hiveblood","HollowMod:ZotesMagnificence"],"picked":"HollowMod:LifebloodCore","floor":33},{"not_picked":["HollowMod:HeavyBlow","HollowMod:InfectedCysts","HollowMod:CornifersMapStart"],"picked":"HollowMod:SoulSplash","floor":35},{"not_picked":["HollowMod:InfectedAttack+1","HollowMod:SiblingsSouls","HollowMod:DoubleDash"],"picked":"HollowMod:SoulEater+1","floor":36},{"not_picked":["HollowMod:HeavyBlow","HollowMod:InfectedCysts","HollowMod:SoulStrike+1"],"picked":"HollowMod:HowlingWraiths+1","floor":37},{"not_picked":["HollowMod:MonarchWings","HollowMod:NewJinnsSoul+1","HollowMod:RecoilStrike+1"],"picked":"HollowMod:ChannelNail+1","floor":38},{"not_picked":["HollowMod:LifebloodCocoon+1","HollowMod:MidwifesHunger","HollowMod:DungDefenderAura"],"picked":"HollowMod:GoodIntentions+1","floor":39},{"not_picked":["HollowMod:CloakDash+1","HollowMod:InfectedAttack+1","HollowMod:ChannelNail"],"picked":"HollowMod:HowlingWraiths+1","floor":42},{"not_picked":["HollowMod:ZotesMagnificence","HollowMod:DoubleDash","HollowMod:Grubsong+1"],"picked":"HollowMod:BaldurShell+1","floor":46},{"not_picked":["HollowMod:DoubleDash+1","HollowMod:VengefulSpirit","HollowMod:Grubsong+1"],"picked":"HollowMod:DesolateDive","floor":47},{"not_picked":["HollowMod:SharpenedNail","HollowMod:InfectedAttack","HollowMod:LifebloodCocoon"],"picked":"HollowMod:SoulSplash+1","floor":48}],"player_experience":207593,"relics_obtained":[{"floor":1,"key":"LetterFromLob"},{"floor":2,"key":"AT_BladeRuinedKing"},{"floor":6,"key":"Question Card"},{"floor":8,"key":"CaptainsWheel"},{"floor":9,"key":"Chaos"},{"floor":23,"key":"Replay:Wanted Poster"},{"floor":26,"key":"Painkiller Herb"},{"floor":28,"key":"JudasShadow"},{"floor":43,"key":"Frozen Eye"},{"floor":46,"key":"Bottled Flame"},{"floor":48,"key":"AT_ArchangelStaff"}],"event_choices":[],"is_beta":false,"boss_relics":[{"not_picked":["Happy Flower","AT_SilverBalance"],"picked":"MagicMushroom"},{"not_picked":[]},{"not_picked":["DeadEye","construct:BoolHorns"],"picked":"EdensBlessing"},{"not_picked":[]}],"items_purged_floors":[],"is_endless":false,"potions_floor_spawned":[4,6,28,30,33,36,38,39],"ascension_level":0}}