{"host":"gww6ffkzfofersck","time":1608714446,"event":{"mods":["Astrologer","BaseMod","ChefMod","Colored Powertips","Conspire","Downfall","Ekko","Fiend Mod","Hermit","Highlight Path","Infinite Spire","Ironclad Rager","Minty Spire (QoL Compilation)","Pikachu Mod","Potionbrewer","Quick Restart","Replay The Spire","Shedinja","Shop Mod","StSLib","The Blackbeard","The Hierophant","The Necromancer","TheVacant","Wandering Minibosses"],"gold_per_floor":[99,99,374,374,374,387,458,231,231,66,82,98,23,58,71,167,167,167,186,206,206,37,49,49,49,67,67,67,67,94,112,112,112,112],"floor_reached":32,"playtime":2557,"items_purged":["Regret"],"score":258,"play_id":"e0666b20-4bde-4960-be13-049fe51c6611","local_time":"20201223040726","is_ascension_mode":false,"campfire_choices":[{"floor":1,"key":"RECALL"},{"data":"hexamod:GhostOfSpirePresent","floor":13,"key":"SMITH"},{"data":"hexamod:Rewind","floor":18,"key":"SMITH"},{"data":"hexamod:HexaLevel","floor":25,"key":"SMITH"},{"data":"hexamod:TimeOfNeed","floor":28,"key":"SMITH"}],"circlet_count":0,"master_deck":["hexamod:Strike","hexamod:Strike","hexamod:Strike","hexamod:Strike","hexamod:Defend","hexamod:Defend","hexamod:Defend","hexamod:Defend","hexamod:Sear","hexamod:Float","hexamod:NightmareStrike","hexamod:GhostOfSpirePresent+1","hexamod:ChargedBarrage","hexamod:SoulSteal","hexamod:Rewind+1","hexamod:GhostOfSpirePast","hexamod:BurningTouch","hexamod:RainOfEmbers","hexamod:FirstSeal","hexamod:PhantomCloak","hexamod:RadiantFlame+1","hexamod:AdvancingGuard","hexamod:HexaLevel+1","hexamod:GhostOfSpireFuture","hexamod:VolcanoVisage","hexamod:FourthSeal","hexamod:NightmareGuise","hexamod:Firestarter+1","hexamod:ExtraCrispy","hexamod:TimeOfNeed+1","hexamod:FastForward"],"relics":["hexamod:SpiritBrand","downfall:HeartsMalice","Divine Protection","Replay:Baseball","downfall:HeartBlessingRed","Snack Pack","SacredBark","hexamod:MatchstickCase","infinitespire:FocusingShard","Ice Cream","Toy Ornithopter"],"acts_visited":["Exordium","TheCity"],"potions_floor_usage":[14,15,22,22],"damage_taken":[{"damage":0,"enemies":"Small Slimes","floor":2,"turns":1},{"damage":0,"enemies":"Cultist","floor":4,"turns":1},{"damage":0,"enemies":"Jaw Worm","floor":5,"turns":1},{"damage":13,"enemies":"3 Louse","floor":6,"turns":4},{"damage":0,"enemies":"downfall:FleeingMerchant","floor":8,"turns":4},{"damage":0,"enemies":"downfall:FleeingMerchant","floor":10,"turns":4},{"damage":19,"enemies":"Exordium Thugs","floor":11,"turns":5},{"damage":5,"enemies":"Exordium Wildlife","floor":12,"turns":4},{"damage":11,"enemies":"Replay:BlueRogue","floor":14,"turns":5},{"damage":0,"enemies":"Lots of Slimes","floor":15,"turns":3},{"damage":35,"enemies":"downfall:Watcher","floor":16,"turns":10},{"damage":4,"enemies":"Shell Parasite","floor":19,"turns":5},{"damage":14,"enemies":"Sentry and Sphere","floor":20,"turns":7},{"damage":0,"enemies":"downfall:FleeingMerchant","floor":22,"turns":4},{"damage":0,"enemies":"Centurion and Healer","floor":23,"turns":6},{"damage":0,"enemies":"Snake Plant","floor":26,"turns":6},{"damage":35,"enemies":"Book of Stabbing","floor":30,"turns":7},{"damage":31,"enemies":"Snecko","floor":31,"turns":7},{"damage":25,"enemies":"3 Cultists","floor":32,"turns":4}],"seed_played":"2351906055101660265","potions_obtained":[{"floor":6,"key":"Toxic Potion"},{"floor":11,"key":"Adrenaline Potion"},{"floor":12,"key":"SkillPotion"},{"floor":14,"key":"Fruit Juice"},{"floor":16,"key":"Adrenaline Potion"},{"floor":20,"key":"potionbrewer:EndurancePotion"},{"floor":20,"key":"Fire Potion"},{"floor":23,"key":"Swift Potion"},{"floor":30,"key":"ColorlessPotion"},{"floor":31,"key":"Guardian:BlockOnCardUsePotion"},{"floor":31,"key":"SteroidPotion"}],"is_trial":false,"path_per_floor":["R","M","?","M","M","M","T","$","?","$","M","M","R","E","M","B",null,"R","M","M","?","$","M","T","R","M","T","R","?","E","M","M"],"character_chosen":"THE_SPIRIT","items_purchased":["hexamod:GhostOfSpirePast","hexamod:BurningTouch","hexamod:RainOfEmbers","Replay:Baseball","hexamod:MatchstickCase"],"campfire_rested":0,"item_purchase_floors":[8,8,8,10,22],"current_hp_per_floor":[70,70,70,70,70,57,57,57,50,57,45,47,47,48,55,27,75,75,75,70,70,75,75,75,75,75,75,75,75,47,25,0,0,0],"gold":112,"neow_bonus":"THREE_ENEMY_KILL","is_daily":false,"chose_seed":false,"campfire_upgraded":4,"win_rate":0.0,"timestamp":1608714446,"path_taken":["R","M","?","?","M","M","T","$","?","?","M","M","R","E","M","BOSS","R","M","M","?","$","M","T","R","M","?","R","?","E","?","M"],"items_purchased_type":["Card","Card","Card","Relic","Relic"],"build_version":"2020-12-22","purchased_purges":1,"victory":false,"max_hp_per_floor":[70,70,70,70,70,70,70,70,70,70,70,70,70,75,75,75,75,75,75,75,75,75,75,75,75,75,75,75,75,75,75,75,75,75],"card_choices":[{"not_picked":["hexamod:PhantomCloak","hexamod:HauntingEcho"],"picked":"hexamod:NightmareStrike","floor":2},{"not_picked":["hexamod:RecurringNightmare","hexamod:ShieldOfDarkness"],"picked":"hexamod:GhostOfSpirePresent","floor":4},{"not_picked":["hexamod:NightmareStrike","hexamod:SpectersWail"],"picked":"hexamod:ChargedBarrage","floor":5},{"not_picked":["hexamod:HauntingEcho","hexamod:FastForward"],"picked":"hexamod:SoulSteal","floor":6},{"not_picked":["hexamod:ChargedBarrage","hexamod:HauntingEcho"],"picked":"hexamod:Rewind","floor":8},{"not_picked":["hexamod:GhostflameBarrier","hexamod:HeatMetal"],"picked":"hexamod:PhantomCloak","floor":10},{"not_picked":["hexamod:SpectersWail","hexamod:FastForward"],"picked":"hexamod:RadiantFlame","floor":11},{"not_picked":["hexamod:BacktrackSmack","hexamod:RadiantFlame"],"picked":"hexamod:AdvancingGuard","floor":12},{"not_picked":["hexamod:Hexaguard","hexamod:GhostOfSpirePresent"],"picked":"hexamod:HexaLevel","floor":14},{"not_picked":["hexamod:CatchUp","hexamod:ShieldOfDarkness"],"picked":"hexamod:GhostOfSpireFuture","floor":15},{"not_picked":["hexamod:SearingWound","hexamod:TimeOfNeed"],"picked":"hexamod:VolcanoVisage","floor":16},{"not_picked":["hexamod:NightmareStrike","hexamod:GhostShield+1"],"picked":"hexamod:FourthSeal","floor":19},{"not_picked":["hexamod:ChargedBarrage","hexamod:RetreatToShadows"],"picked":"hexamod:NightmareGuise","floor":20},{"not_picked":["hexamod:NightmareStrike","hexamod:RainOfEmbers"],"picked":"hexamod:Firestarter+1","floor":22},{"not_picked":["hexamod:SoulSteal","hexamod:BurningTouch"],"picked":"hexamod:ExtraCrispy","floor":23},{"not_picked":["hexamod:NightmareGuise+1","hexamod:SwordOfDarkness"],"picked":"hexamod:TimeOfNeed","floor":26},{"not_picked":["hexamod:HauntingEcho","hexamod:NightmareStrike","hexamod:Incineration"],"picked":"SKIP","floor":30},{"not_picked":["hexamod:Rewind","hexamod:BurningTouch+1"],"picked":"hexamod:FastForward","floor":31}],"player_experience":220619,"relics_obtained":[{"floor":7,"key":"Divine Protection"},{"floor":14,"key":"Snack Pack"},{"floor":24,"key":"infinitespire:FocusingShard"},{"floor":27,"key":"Ice Cream"},{"floor":30,"key":"Toy Ornithopter"}],"event_choices":[{"damage_healed":0,"gold_gain":0,"player_choice":"Upgraded","damage_taken":0,"max_hp_gain":0,"max_hp_loss":0,"event_name":"Upgrade Shrine","floor":29,"gold_loss":0,"cards_upgraded":["hexamod:RadiantFlame"]}],"is_beta":false,"boss_relics":[{"not_picked":["Replay:Drink Me","Runic Pyramid"],"picked":"SacredBark"}],"items_purged_floors":[8],"is_endless":false,"potions_floor_spawned":[6,11,12,14,16,20,23,31],"killed_by":"3 Cultists","ascension_level":0}}