{"host":"8dhn6p16jorj0i1s","time":1608760592,"event":{"mods":["BaseMod","Colored Map","DeckTracker","Minty Spire (QoL Compilation)","Permanent Neow","Quick Restart"],"gold_per_floor":[141,216,216,270,300,378,420,420,420],"floor_reached":8,"playtime":406,"items_purged":[],"score":73,"play_id":"fb1ac123-47d8-4866-a4b9-86e53f6b7d94","local_time":"20201223225632","daily_mods":["Chimera","Vintage","Midas"],"is_ascension_mode":true,"campfire_choices":[],"circlet_count":0,"master_deck":["Bash","Survivor","Zap","Eruption","Strike_R","Strike_G","Strike_B","Defend_R+1","Defend_G+1","Defend_P","Regret","Adaptation"],"relics":["PureWater","Torii","War Paint","Dream Catcher","Blue Candle","Ancient Tea Set","CeramicFish"],"acts_visited":["Exordium"],"potions_floor_usage":[6,8,8],"damage_taken":[{"damage":2,"enemies":"Jaw Worm","floor":1,"turns":3},{"damage":2,"enemies":"Cultist","floor":4,"turns":3},{"damage":2,"enemies":"2 Louse","floor":5,"turns":3},{"damage":22,"enemies":"Gremlin Nob","floor":6,"turns":4},{"damage":20,"enemies":"Large Slime","floor":7,"turns":5},{"damage":11,"enemies":"3 Sentries","floor":8,"turns":3}],"seed_played":"-8819235601185601662","potions_obtained":[{"floor":1,"key":"EssenceOfSteel"},{"floor":6,"key":"SkillPotion"},{"floor":7,"key":"Fire Potion"}],"is_trial":true,"path_per_floor":["M","?","?","M","M","E","M","E"],"character_chosen":"WATCHER","items_purchased":[],"campfire_rested":0,"item_purchase_floors":[],"current_hp_per_floor":[70,59,59,57,55,33,13,2,2],"gold":420,"neow_bonus":"","is_daily":false,"chose_seed":false,"campfire_upgraded":0,"win_rate":0.0,"timestamp":1608760592,"path_taken":["M","?","?","M","M","E","M","E"],"items_purchased_type":[],"build_version":"2020-12-22","purchased_purges":0,"victory":false,"max_hp_per_floor":[72,72,72,72,72,72,72,72,72],"card_choices":[{"not_picked":["WreathOfFlame","Crescendo"],"picked":"Adaptation","floor":6}],"player_experience":380845,"relics_obtained":[{"floor":1,"key":"Torii"},{"floor":4,"key":"Dream Catcher"},{"floor":5,"key":"Blue Candle"},{"floor":6,"key":"Ancient Tea Set"},{"floor":7,"key":"CeramicFish"}],"event_choices":[{"damage_healed":0,"gold_gain":75,"player_choice":"Gather Gold","damage_taken":11,"max_hp_gain":0,"max_hp_loss":0,"event_name":"World of Goop","floor":2,"gold_loss":0},{"damage_healed":0,"gold_gain":0,"player_choice":"Box","damage_taken":0,"relics_obtained":["War Paint"],"max_hp_gain":0,"max_hp_loss":0,"event_name":"Big Fish","floor":3,"gold_loss":0,"cards_obtained":["Regret"]}],"is_beta":false,"boss_relics":[],"items_purged_floors":[],"is_endless":true,"potions_floor_spawned":[1,6,7],"killed_by":"3 Sentries","ascension_level":5}}