{"host":"cvw9qspg8f691jio","time":1608699470,"event":{"mods":["BaseMod","Filter the Spire","Minty Spire (QoL Compilation)","Relic Stats","StSLib"],"gold_per_floor":[109,34,53,67,13,13,13,52,52,52,52,96,115,135,135,221,221,250,250,277,277,277],"floor_reached":21,"playtime":863,"items_purged":[],"score":359,"play_id":"902e6812-8f0e-4d27-aaab-7c62e838af5e","local_time":"20201222235750","is_ascension_mode":true,"campfire_choices":[{"data":"A Thousand Cuts","floor":6.0,"key":"SMITH"},{"floor":11.0,"key":"REST"},{"data":"Malaise","floor":15.0,"key":"SMITH"}],"circlet_count":0,"master_deck":["AscendersBane","Strike_G","Strike_G","Strike_G+1","Strike_G","Defend_G","Defend_G","Defend_G","Defend_G+1","Defend_G","Survivor","Neutralize","A Thousand Cuts+1","All Out Attack","Poisoned Stab","Blade Dance","Malaise+1","Accuracy","Blade Dance","Adrenaline","Quick Slash+1","Bouncing Flask"],"relics":["Ring of the Snake","PreservedInsect","CeramicFish","Pear","Anchor","Snecko Eye"],"acts_visited":["Exordium","TheCity"],"potions_floor_usage":[16,20],"damage_taken":[{"damage":8.0,"enemies":"2 Louse","floor":1.0,"turns":3.0},{"damage":1.0,"enemies":"Small Slimes","floor":3.0,"turns":4.0},{"damage":2.0,"enemies":"Jaw Worm","floor":4.0,"turns":5.0},{"damage":20.0,"enemies":"Lagavulin","floor":8.0,"turns":7.0},{"damage":6.0,"enemies":"Gremlin Nob","floor":12.0,"turns":3.0},{"damage":0.0,"enemies":"2 Fungi Beasts","floor":13.0,"turns":2.0},{"damage":4.0,"enemies":"Red Slaver","floor":14.0,"turns":3.0},{"damage":20.0,"enemies":"The Guardian","floor":16.0,"turns":13.0},{"damage":1,"enemies":"Chosen","floor":18,"turns":4},{"damage":8,"enemies":"3 Byrds","floor":20,"turns":5},{"damage":27,"enemies":"Shelled Parasite and Fungi","floor":21,"turns":3}],"seed_played":"6551457380431255435","potions_obtained":[{"floor":4.0,"key":"PowerPotion"},{"floor":8.0,"key":"EntropicBrew"},{"floor":12.0,"key":"Strength Potion"},{"floor":14.0,"key":"DuplicationPotion"},{"floor":16,"key":"DuplicationPotion"}],"is_trial":false,"path_per_floor":["M","?","M","M","$","R","?","E","T","?","R","E","M","M","R","B",null,"M","?","M","M"],"character_chosen":"THE_SILENT","items_purchased":["Blade Dance"],"campfire_rested":1,"item_purchase_floors":[5],"current_hp_per_floor":[51,51,50,48,48,48,43,23,33,10,32,26,26,22,22,2,58,57,35,27,0,0],"gold":277,"neow_bonus":"ONE_RANDOM_RARE_CARD","is_daily":false,"chose_seed":false,"campfire_upgraded":2,"win_rate":0.0,"timestamp":1608699470,"path_taken":["M","?","M","M","$","R","?","E","T","?","R","E","M","M","R","BOSS","BOSS","M","?","M","M"],"items_purchased_type":["Card"],"build_version":"2020-12-13","purchased_purges":0,"victory":false,"max_hp_per_floor":[66,66,66,66,66,66,66,66,76,76,76,76,76,76,76,76,76,76,81,81,81,81],"relic_stats":{"counters":[11,52],"CeramicFish":54,"Snecko Eye":[23,15,21,26],"PreservedInsect":52,"obtain_stats":[{"Anchor":12,"Pear":9,"CeramicFish":8,"Snecko Eye":17,"PreservedInsect":7,"Ring of the Snake":0},{"Anchor":5,"Pear":4,"CeramicFish":4,"Snecko Eye":8,"PreservedInsect":3,"Ring of the Snake":0},{"Anchor":22,"Pear":19,"CeramicFish":19,"Snecko Eye":40,"PreservedInsect":12,"Ring of the Snake":0}],"Ring of the Snake":[22]},"card_choices":[{"not_picked":["Backflip","Prepared","Underhanded Strike"],"picked":"SKIP","floor":1.0},{"not_picked":["Deadly Poison","Concentrate"],"picked":"All Out Attack","floor":3.0},{"not_picked":["Prepared","PiercingWail"],"picked":"Poisoned Stab","floor":4.0},{"not_picked":["Distraction","Slice"],"picked":"Malaise","floor":8.0},{"not_picked":["Prepared","Flying Knee"],"picked":"Accuracy","floor":12.0},{"not_picked":["Setup","Prepared","Dodge and Roll"],"picked":"SKIP","floor":13.0},{"not_picked":["Bane","Heel Hook"],"picked":"Blade Dance","floor":14.0},{"not_picked":["Doppelganger","Tools of the Trade"],"picked":"Adrenaline","floor":16},{"not_picked":["Blur","Sucker Punch"],"picked":"Quick Slash+1","floor":18},{"not_picked":["Noxious Fumes","Catalyst"],"picked":"Bouncing Flask","floor":20}],"player_experience":463385,"relics_obtained":[{"floor":8.0,"key":"CeramicFish"},{"floor":9.0,"key":"Pear"},{"floor":12.0,"key":"Anchor"}],"event_choices":[{"cards_removed":["Strike_G"],"damage_healed":0.0,"max_hp_gain":0.0,"max_hp_loss":0.0,"gold_gain":0.0,"event_name":"The Cleric","player_choice":"Card Removal","floor":2.0,"gold_loss":75.0,"damage_taken":0.0},{"damage_healed":0.0,"max_hp_gain":0.0,"max_hp_loss":0.0,"gold_gain":0.0,"event_name":"Scrap Ooze","player_choice":"Success","floor":7.0,"gold_loss":0.0,"damage_taken":5.0,"relics_obtained":["PreservedInsect"]},{"damage_healed":0.0,"max_hp_gain":0.0,"max_hp_loss":0.0,"gold_gain":0.0,"event_name":"Shining Light","player_choice":"Entered Light","floor":10.0,"gold_loss":0.0,"damage_taken":23.0,"cards_upgraded":["Strike_G","Defend_G"]},{"damage_healed":0,"gold_gain":0,"player_choice":"Shed Blood","damage_taken":27,"max_hp_gain":5,"max_hp_loss":0,"event_name":"Forgotten Altar","floor":19,"gold_loss":0}],"is_beta":false,"boss_relics":[{"not_picked":["Empty Cage","Coffee Dripper"],"picked":"Snecko Eye"}],"items_purged_floors":[],"is_endless":false,"potions_floor_spawned":[4,8,12,14,16,18],"killed_by":"Shelled Parasite and Fungi","ascension_level":18}}