{"host":"f3zi5bw4of71qj4o","time":1608714894,"event":{"mods":["BaseMod","DeckTracker","Highlight Path","Minty Spire (QoL Compilation)","Relic Stats","StSLib","SuperFastMode"],"gold_per_floor":[109,32,32,45,57,57,85,85,159,172,191,191,205,233,233,312,312,331,347,105,105,105,105,121,453,480,480,493,525,100,112,112,189,189,203,1202,1202,191,191,191,211,241,309,344,344,359,394,394,394,394,394,394],"floor_reached":51,"playtime":3460,"items_purged":["Defend_B","Strike_B+1","Normality"],"score":1641,"play_id":"3e6b0fa2-a663-4b11-a339-198d11a28b4d","local_time":"20201223101454","is_ascension_mode":true,"campfire_choices":[{"data":"Sunder","floor":6,"key":"SMITH"},{"data":"Defragment","floor":8,"key":"SMITH"},{"floor":12,"key":"REST"},{"data":"Defragment","floor":15,"key":"SMITH"},{"data":"Ghostly","floor":23,"key":"SMITH"},{"data":"Self Repair","floor":27,"key":"SMITH"},{"data":"Ghostly","floor":32,"key":"SMITH"},{"data":"Panacea","floor":40,"key":"SMITH"},{"floor":49,"key":"RECALL"}],"circlet_count":0,"master_deck":["AscendersBane","Defend_B","Defend_B","Zap","Dualcast","Cold Snap+1","Sweeping Beam+1","Chaos+1","Echo Form","Leap","Defragment+1","Sunder+1","Loop","Defragment+1","Capacitor","Electrodynamics","Self Repair+1","Ghostly+1","Ghostly+1","Ghostly","Coolheaded","Hologram","Machine Learning","Ghostly+1","Amplify","Conserve Battery+1","Normality","Apotheosis","Panacea+1","Buffer"],"relics":["Astrolabe","Pen Nib","Letter Opener","Whetstone","SlaversCollar","Happy Flower","FaceOfCleric","Old Coin","MawBank","Strawberry","DollysMirror","Runic Pyramid","Singing Bowl","Ancient Tea Set","Toolbox","Centennial Puzzle","Bottled Lightning","DataDisk","Molten Egg 2"],"acts_visited":["Exordium","TheCity","TheBeyond"],"potions_floor_usage":[7,14,24,25,28,29,47,50,51],"damage_taken":[{"damage":0,"enemies":"Small Slimes","floor":1,"turns":3},{"damage":0,"enemies":"Cultist","floor":4,"turns":3},{"damage":8,"enemies":"2 Louse","floor":5,"turns":3},{"damage":16,"enemies":"Lagavulin","floor":7,"turns":6},{"damage":13,"enemies":"Exordium Thugs","floor":10,"turns":4},{"damage":0,"enemies":"3 Louse","floor":11,"turns":4},{"damage":4,"enemies":"Blue Slaver","floor":13,"turns":5},{"damage":6,"enemies":"Gremlin Nob","floor":14,"turns":3},{"damage":14,"enemies":"Slime Boss","floor":16,"turns":8},{"damage":7,"enemies":"Chosen","floor":18,"turns":6},{"damage":12,"enemies":"2 Thieves","floor":19,"turns":4},{"damage":16,"enemies":"Snake Plant","floor":24,"turns":5},{"damage":13,"enemies":"Slavers","floor":25,"turns":4},{"damage":24,"enemies":"3 Cultists","floor":28,"turns":5},{"damage":0,"enemies":"Gremlin Leader","floor":29,"turns":6},{"damage":2,"enemies":"Centurion and Healer","floor":31,"turns":5},{"damage":3,"enemies":"Collector","floor":33,"turns":12},{"damage":0,"enemies":"Orb Walker","floor":35,"turns":5},{"damage":9,"enemies":"3 Shapes","floor":41,"turns":3},{"damage":11,"enemies":"Reptomancer","floor":42,"turns":6},{"damage":1,"enemies":"Giant Head","floor":44,"turns":14},{"damage":28,"enemies":"Transient","floor":46,"turns":6},{"damage":15,"enemies":"Reptomancer","floor":47,"turns":7},{"damage":24,"enemies":"Time Eater","floor":50,"turns":12},{"damage":49,"enemies":"Awakened One","floor":51,"turns":3}],"seed_played":"512541150888212816","potions_obtained":[{"floor":1,"key":"DistilledChaos"},{"floor":10,"key":"Energy Potion"},{"floor":11,"key":"Dexterity Potion"},{"floor":13,"key":"SteroidPotion"},{"floor":16,"key":"EntropicBrew"},{"floor":19,"key":"ColorlessPotion"},{"floor":25,"key":"EntropicBrew"},{"floor":29,"key":"PowerPotion"},{"floor":33,"key":"BlessingOfTheForge"},{"floor":47,"key":"BlessingOfTheForge"}],"is_trial":false,"path_per_floor":["M","$","?","M","M","R","E","R","T","M","M","R","M","E","R","B",null,"M","M","$","?","?","R","M","E","T","R","M","E","$","M","R","B",null,"M","?","?","$","?","R","M","E","T","E","?","M","E","?","R","B","B"],"character_chosen":"DEFECT","items_purchased":["Echo Form","Happy Flower","Strawberry","DollysMirror","Singing Bowl","Ancient Tea Set","Toolbox","Apotheosis","Panacea"],"campfire_rested":1,"item_purchase_floors":[2,20,30,30,38,38,38,38,38],"current_hp_per_floor":[64,64,64,64,56,56,40,40,40,27,27,48,44,38,38,24,59,52,47,47,35,35,35,27,29,29,29,16,39,46,47,47,48,48,49,49,49,49,49,49,52,53,53,56,53,38,46,46,46,33,0,0],"gold":394,"neow_bonus":"BOSS_RELIC","is_daily":false,"chose_seed":false,"campfire_upgraded":7,"win_rate":0.0,"timestamp":1608714894,"path_taken":["M","$","?","?","M","R","E","R","T","M","M","R","M","E","R","BOSS","M","M","$","?","?","R","M","E","T","R","M","E","$","?","R","BOSS","M","?","?","$","?","R","?","E","T","E","?","M","E","?","R","BOSS","BOSS"],"items_purchased_type":["Card","Relic","Relic","Relic","Relic","Relic","Relic","Card","Card"],"build_version":"2020-12-22","purchased_purges":3,"victory":false,"max_hp_per_floor":[71,71,71,71,71,71,71,71,71,71,71,71,71,71,71,71,71,71,71,71,35,35,35,36,37,37,37,38,39,46,47,47,48,48,49,49,49,49,49,49,52,53,53,56,53,56,59,59,59,60,60,60],"relic_stats":{"Centennial Puzzle":[15],"Happy Flower":[31],"FaceOfCleric":13,"Singing Bowl":8,"counters":[25,142],"Astrolabe":["Cold Snap","Sweeping Beam","Chaos"],"Pen Nib":[9],"Letter Opener":[309],"Whetstone":["Strike_B"],"MawBank":12,"obtain_stats":[{"Happy Flower":20,"Singing Bowl":38,"Astrolabe":0,"Pen Nib":7,"Letter Opener":9,"Whetstone":14,"MawBank":29,"Ancient Tea Set":38,"Old Coin":25,"SlaversCollar":17,"Centennial Puzzle":42,"DataDisk":44,"FaceOfCleric":22,"DollysMirror":30,"Strawberry":30,"Toolbox":38,"Molten Egg 2":47,"Bottled Lightning":43,"Cracked Core":0,"Runic Pyramid":34},{"Happy Flower":11,"Singing Bowl":18,"Astrolabe":0,"Pen Nib":4,"Letter Opener":4,"Whetstone":8,"MawBank":15,"Ancient Tea Set":18,"Old Coin":13,"SlaversCollar":9,"Centennial Puzzle":20,"DataDisk":21,"FaceOfCleric":11,"DollysMirror":15,"Strawberry":15,"Toolbox":18,"Molten Egg 2":23,"Bottled Lightning":20,"Cracked Core":0,"Runic Pyramid":17},{"Happy Flower":49,"Singing Bowl":91,"Astrolabe":0,"Pen Nib":15,"Letter Opener":15,"Whetstone":31,"MawBank":69,"Ancient Tea Set":91,"Old Coin":58,"SlaversCollar":39,"Centennial Puzzle":100,"DataDisk":114,"FaceOfCleric":49,"DollysMirror":69,"Strawberry":69,"Toolbox":91,"Molten Egg 2":127,"Bottled Lightning":100,"Cracked Core":0,"Runic Pyramid":86}]},"card_choices":[{"not_picked":["Rebound","Barrage","Sweeping Beam"],"picked":"SKIP","floor":1},{"not_picked":["Turbo","Coolheaded"],"picked":"Defragment","floor":4},{"not_picked":["Sweeping Beam","Ball Lightning"],"picked":"Sunder","floor":5},{"not_picked":["Force Field","White Noise"],"picked":"Loop","floor":7},{"not_picked":["Static Discharge","BootSequence"],"picked":"Defragment","floor":10},{"not_picked":["Rebound","Steam Power","Cold Snap"],"picked":"SKIP","floor":11},{"not_picked":["Darkness","Melter"],"picked":"Capacitor","floor":13},{"not_picked":["Sweeping Beam","Ball Lightning","Hyperbeam"],"picked":"SKIP","floor":14},{"not_picked":["Fission","Rainbow"],"picked":"Electrodynamics","floor":16},{"not_picked":["Streamline","Hologram"],"picked":"Self Repair","floor":18},{"not_picked":["Darkness","Redo","Conserve Battery"],"picked":"SKIP","floor":19},{"not_picked":["Leap","Ball Lightning"],"picked":"Coolheaded","floor":24},{"not_picked":["Compile Driver","Conserve Battery","Go for the Eyes"],"picked":"SKIP","floor":25},{"not_picked":["Capacitor","Leap"],"picked":"Hologram","floor":28},{"not_picked":["Ball Lightning","Darkness"],"picked":"Machine Learning","floor":29},{"not_picked":["Leap","Redo"],"picked":"Glacier","floor":31},{"not_picked":["Thunder Strike","Seek"],"picked":"Amplify","floor":33},{"not_picked":["Double Energy","Streamline"],"picked":"Conserve Battery+1","floor":35},{"not_picked":["Cold Snap","Turbo","Sweeping Beam"],"picked":"Singing Bowl","floor":41},{"not_picked":["Rebound","Force Field"],"picked":"Buffer","floor":42},{"not_picked":["Reprogram","Leap","Chill"],"picked":"Singing Bowl","floor":44},{"not_picked":["Leap","Steam","Cold Snap"],"picked":"Singing Bowl","floor":46},{"not_picked":["FTL+1","Glacier+1","Blizzard+1"],"picked":"Singing Bowl","floor":47}],"player_experience":2545548,"relics_obtained":[{"floor":7,"key":"Pen Nib"},{"floor":9,"key":"Letter Opener"},{"floor":14,"key":"Whetstone"},{"floor":25,"key":"Old Coin"},{"floor":29,"key":"MawBank"},{"floor":42,"key":"Centennial Puzzle"},{"floor":43,"key":"Bottled Lightning"},{"floor":44,"key":"DataDisk"},{"floor":47,"key":"Molten Egg 2"}],"event_choices":[{"damage_healed":0,"gold_gain":0,"cards_transformed":["Strike_B"],"player_choice":"Transformed","damage_taken":0,"max_hp_gain":0,"max_hp_loss":0,"event_name":"Transmorgrifier","floor":3,"gold_loss":0,"cards_obtained":["Leap"]},{"damage_healed":0,"gold_gain":0,"player_choice":"Became a Ghost","damage_taken":0,"max_hp_gain":0,"max_hp_loss":36,"event_name":"Ghosts","floor":21,"gold_loss":0,"cards_obtained":["Ghostly","Ghostly","Ghostly"]},{"damage_healed":0,"gold_gain":0,"player_choice":"Trade","damage_taken":0,"relics_obtained":["FaceOfCleric"],"max_hp_gain":0,"max_hp_loss":0,"event_name":"FaceTrader","floor":22,"gold_loss":0},{"damage_healed":0,"gold_gain":999,"player_choice":"Gold","damage_taken":0,"max_hp_gain":0,"max_hp_loss":0,"event_name":"MindBloom","floor":36,"gold_loss":0,"cards_obtained":["Normality","Normality"]},{"damage_healed":0,"gold_gain":0,"player_choice":"Ignored","damage_taken":0,"max_hp_gain":0,"max_hp_loss":0,"event_name":"Mysterious Sphere","floor":37,"gold_loss":0},{"cards_removed":["Glacier"],"damage_healed":0,"gold_gain":0,"player_choice":"Removed Skill","damage_taken":0,"max_hp_gain":0,"max_hp_loss":0,"event_name":"Falling","floor":39,"gold_loss":0},{"damage_healed":0,"gold_gain":0,"player_choice":"Max HP","damage_taken":0,"max_hp_gain":0,"max_hp_loss":3,"event_name":"Winding Halls","floor":45,"gold_loss":0},{"damage_healed":0,"gold_gain":0,"player_choice":"Ignored","damage_taken":0,"max_hp_gain":0,"max_hp_loss":0,"event_name":"Tomb of Lord Red Mask","floor":48,"gold_loss":0}],"is_beta":false,"boss_relics":[{"not_picked":["Pandora\u0027s Box","Empty Cage"],"picked":"SlaversCollar"},{"not_picked":["Snecko Eye","Tiny House"],"picked":"Runic Pyramid"}],"items_purged_floors":[20,30,38],"is_endless":false,"potions_floor_spawned":[1,10,11,13,16,19,25,29,33,44,47],"killed_by":"Awakened One","ascension_level":20}}