{"host":"mj8akmyfd5lo602f","time":1608682744,"event":{"mods":["2.2 Compatiblity","Act Like it!","BaseMod","Bestiary","BshForSts","Colored Map","Colored Powertips","Downfall","Highlight Path","Minty Spire (QoL Compilation)","Permanent Neow","Relic Stats","StSLib"],"gold_per_floor":[99,199,199,199,97,97,97,123,135,60,60,60,72,82,97,199,199,199,199],"floor_reached":17,"playtime":748,"items_purged":[],"score":178,"play_id":"ae4be861-ba0b-43a6-9761-ceefc2d191cb","local_time":"20201223001904","is_ascension_mode":false,"campfire_choices":[{"data":"champ:Taunt","floor":1.0,"key":"SMITH"},{"floor":4.0,"key":"RECALL"},{"data":"champ:Backstep","floor":10.0,"key":"SMITH"}],"circlet_count":0,"master_deck":["champ:Strike","champ:Strike","champ:Strike","champ:Strike","champ:Defend","champ:Defend","champ:Defend","champ:Defend","champ:Execute","champ:Taunt+1","champ:AdrenalArmor","champ:IronFortress","champ:Encircle","champ:Backstep+1","champ:Devastate","champ:Backstep","champ:Circumvent","champ:ShieldThrow","champ:ShieldThrow"],"relics":["champ:ChampionCrown","downfall:HeartsMalice","Bottled Flame","downfall:HeartBlessingGreen","Sozu"],"acts_visited":["Exordium","TheCity"],"potions_floor_usage":[],"damage_taken":[{"damage":0.0,"enemies":"downfall:FleeingMerchant","floor":5.0,"turns":1.0},{"damage":0.0,"enemies":"2 Louse","floor":6.0,"turns":1.0},{"damage":0.0,"enemies":"Gremlin Nob","floor":8.0,"turns":1.0},{"damage":8.0,"enemies":"Jaw Worm","floor":9.0,"turns":4.0},{"damage":0.0,"enemies":"Cultist","floor":11.0,"turns":1.0},{"damage":12.0,"enemies":"Large Slime","floor":13.0,"turns":6.0},{"damage":8.0,"enemies":"3 Louse","floor":14.0,"turns":3.0},{"damage":8.0,"enemies":"Exordium Wildlife","floor":15.0,"turns":8.0},{"damage":53.0,"enemies":"downfall:Ironclad","floor":16.0,"turns":11.0}],"seed_played":"-7293906547406532456","potions_obtained":[{"floor":13.0,"key":"ColorlessPotion"},{"floor":14.0,"key":"Energy Potion"},{"floor":15.0,"key":"champ:UltimateStancePotion"},{"floor":16.0,"key":"Explosive Potion"}],"is_trial":false,"path_per_floor":["R","?","?","R","$","M","T","E","M","R","M","?","M","M","M","B",null],"character_chosen":"THE_CHAMP","items_purchased":["champ:IronFortress","champ:Encircle"],"campfire_rested":0,"item_purchase_floors":[5,5],"current_hp_per_floor":[90,90,90,90,90,90,90,90,90,90,90,95,94,94,94,62,95,95,95],"gold":199,"neow_bonus":"THREE_ENEMY_KILL","is_daily":false,"chose_seed":false,"campfire_upgraded":2,"win_rate":0.0,"timestamp":1608682744,"path_taken":["R","?","?","R","?","M","T","E","M","R","M","?","M","M","M","BOSS"],"items_purchased_type":["Card","Card"],"build_version":"2020-12-13","purchased_purges":0,"victory":false,"max_hp_per_floor":[90,90,90,90,90,90,90,90,90,90,90,95,95,95,95,95,95,95,95],"relic_stats":{"Sozu":0,"counters":[9,33],"obtain_stats":[{"Sozu":17,"Bottled Flame":8,"downfall:BrokenWingStatue":3,"champ:ChampionCrown":0,"downfall:HeartsMalice":0,"downfall:HeartBlessingGreen":10},{"Sozu":9,"Bottled Flame":3,"downfall:BrokenWingStatue":0,"champ:ChampionCrown":0,"downfall:HeartsMalice":0,"downfall:HeartBlessingGreen":4},{"Sozu":33,"Bottled Flame":0,"downfall:BrokenWingStatue":0,"champ:ChampionCrown":0,"downfall:HeartsMalice":0,"downfall:HeartBlessingGreen":4}]},"card_choices":[{"not_picked":["champ:PerfectedStrike","champ:FightOn"],"picked":"champ:AdrenalArmor","floor":5.0},{"not_picked":["champ:CrookedStrike","champ:FalseCounter","champ:GladiatorStyle"],"picked":"SKIP","floor":6.0},{"not_picked":["champ:BringItOn","champ:GladiatorsShout"],"picked":"champ:Backstep","floor":8.0},{"not_picked":["champ:GladiatorsShout","champ:AdrenalArmor"],"picked":"champ:Devastate","floor":9.0},{"not_picked":["champ:GladiatorsShout","champ:Encircle"],"picked":"champ:Backstep","floor":11.0},{"not_picked":["champ:Haymaker","champ:FanOfKnives"],"picked":"champ:Circumvent","floor":13.0},{"not_picked":["champ:Haymaker","champ:GladiatorsShout","champ:ViciousMockery"],"picked":"SKIP","floor":14.0},{"not_picked":["champ:AdrenalArmor","champ:Encircle"],"picked":"champ:ShieldThrow","floor":15.0},{"not_picked":["champ:IgnorePain","champ:SwordThrow"],"picked":"champ:ShieldThrow","floor":16.0}],"player_experience":367212,"relics_obtained":[{"floor":8.0,"key":"Bottled Flame"}],"event_choices":[{"damage_healed":0.0,"max_hp_gain":5.0,"max_hp_loss":0.0,"gold_gain":0.0,"event_name":"Big Fish","player_choice":"Donut","floor":12.0,"gold_loss":0.0,"damage_taken":0.0}],"is_beta":false,"boss_relics":[{"not_picked":["Calling Bell","Velvet Choker"],"picked":"Sozu"}],"items_purged_floors":[],"is_endless":false,"potions_floor_spawned":[13,14,15,16],"ascension_level":0}}