{"host":"2e3z4r48quhw80cc","time":1608738025,"event":{"mods":["BaseMod","Minty Spire (QoL Compilation)","Quick Restart","StSLib","SuperFastMode"],"gold_per_floor":[114,114,114,114,133,158,158,187,214,243,253,288,288,325,325,408,408,418,418,436,436,449,492,535,567,567,601,636,636,665,700,700,788,838,856,865,370,370,395,438,473,15,40,81,96,126,166,234,234,234,234],"floor_reached":52,"playtime":1587,"items_purged":["Melter","Recycle"],"score":3211,"play_id":"f06c4d92-c5a9-484c-89d1-bb9d02b91bdc","local_time":"20201224004025","daily_mods":["SealedDeck","Vintage","Heirloom","Time Dilation","Flight","DeadlyEvents","Elite Swarm"],"is_ascension_mode":true,"campfire_choices":[{"floor":7.0,"key":"REST"},{"data":"Fission","floor":13.0,"key":"SMITH"},{"data":"Buffer","floor":15.0,"key":"SMITH"},{"data":"Creative AI","floor":29.0,"key":"SMITH"},{"floor":32.0,"key":"REST"},{"data":"Buffer","floor":49,"key":"SMITH"}],"circlet_count":0,"master_deck":["AscendersBane","Recycle","Doom and Gloom+1","Static Discharge+1","Glacier+1","Storm+1","Rainbow+1","Buffer+1","Echo Form","Fission+1","Biased Cognition","Amplify","Lockon","Thunder Strike","Machine Learning+1","Creative AI+1","Buffer","Buffer+1","Panacea","Self Repair","Defragment","Creative AI","Buffer","Core Surge","Echo Form"],"relics":["Cracked Core","FossilizedHelix","Boot","Centennial Puzzle","Bag of Preparation","Meat on the Bone","Tiny Chest","War Paint","Anchor","Vajra","CeramicFish","SlaversCollar","The Courier","Toy Ornithopter","Regal Pillow","Oddly Smooth Stone","Blue Candle","Incense Burner","Potion Belt","Blood Vial","Ornamental Fan","Strawberry","StrikeDummy","Tiny House","DataDisk","ClockworkSouvenir","Mummified Hand","Lantern","Singing Bowl","Pen Nib","Lee\u0027s Waffle","Happy Flower","Ancient Tea Set","Omamori","Smiling Mask","Akabeko","Art of War","Symbiotic Virus","MealTicket"],"acts_visited":["Exordium","TheCity","TheBeyond"],"potions_floor_usage":[50],"damage_taken":[{"damage":0.0,"enemies":"2 Louse","floor":1.0,"turns":3.0},{"damage":0.0,"enemies":"Small Slimes","floor":5.0,"turns":2.0},{"damage":8.0,"enemies":"3 Sentries","floor":6.0,"turns":6.0},{"damage":11.0,"enemies":"Lagavulin","floor":8.0,"turns":5.0},{"damage":0.0,"enemies":"Gremlin Nob","floor":10.0,"turns":4.0},{"damage":0.0,"enemies":"Jaw Worm","floor":11.0,"turns":5.0},{"damage":0.0,"enemies":"Lagavulin","floor":12.0,"turns":5.0},{"damage":0.0,"enemies":"Gremlin Nob","floor":14.0,"turns":3.0},{"damage":0.0,"enemies":"Slime Boss","floor":16.0,"turns":7.0},{"damage":11.0,"enemies":"3 Byrds","floor":18.0,"turns":4.0},{"damage":2.0,"enemies":"Shell Parasite","floor":22.0,"turns":4.0},{"damage":11.0,"enemies":"Gremlin Leader","floor":23.0,"turns":4.0},{"damage":11.0,"enemies":"Slavers","floor":24.0,"turns":5.0},{"damage":7.0,"enemies":"Book of Stabbing","floor":25.0,"turns":5.0},{"damage":6.0,"enemies":"Gremlin Leader","floor":27.0,"turns":4.0},{"damage":23.0,"enemies":"Slavers","floor":28.0,"turns":3.0},{"damage":14.0,"enemies":"Book of Stabbing","floor":30.0,"turns":4.0},{"damage":12.0,"enemies":"Slavers","floor":31.0,"turns":4.0},{"damage":16.0,"enemies":"Automaton","floor":33.0,"turns":7.0},{"damage":9.0,"enemies":"3 Darklings","floor":35.0,"turns":4.0},{"damage":0.0,"enemies":"Nemesis","floor":40.0,"turns":3.0},{"damage":0.0,"enemies":"Reptomancer","floor":41.0,"turns":3.0},{"damage":0.0,"enemies":"Nemesis","floor":44.0,"turns":3.0},{"damage":0.0,"enemies":"3 Shapes","floor":45.0,"turns":3.0},{"damage":0.0,"enemies":"Reptomancer","floor":46.0,"turns":2.0},{"damage":0.0,"enemies":"Nemesis","floor":47.0,"turns":3.0},{"damage":0.0,"enemies":"2 Orb Walkers","floor":48.0,"turns":2.0},{"damage":0,"enemies":"Awakened One","floor":50,"turns":4},{"damage":0,"enemies":"Time Eater","floor":51,"turns":3}],"seed_played":"-4905194638692700178","potions_obtained":[{"floor":8.0,"key":"Block Potion"},{"floor":10.0,"key":"FocusPotion"},{"floor":18.0,"key":"Block Potion"},{"floor":25.0,"key":"BlessingOfTheForge"},{"floor":27.0,"key":"Energy Potion"},{"floor":28.0,"key":"SteroidPotion"},{"floor":34.0,"key":"DistilledChaos"}],"is_trial":true,"path_per_floor":["M","?","?","?","M","E","R","E","T","E","M","E","R","E","R","B",null,"M","?","?","T","M","E","E","E","T","E","E","R","E","E","R","B",null,"M","?","$","?","T","E","E","$","T","E","M","E","E","?","R","B","B",null],"character_chosen":"DEFECT","items_purchased":["ClockworkSouvenir","Self Repair","Defragment","Mummified Hand","Lee\u0027s Waffle","Happy Flower","Ancient Tea Set"],"campfire_rested":2,"item_purchase_floors":[37,37,37,37,42,42,42],"current_hp_per_floor":[64,64,57,36,36,28,49,38,38,38,38,38,38,38,38,38,63,52,32,32,32,42,43,49,42,42,48,39,39,46,48,83,67,84,77,72,72,72,72,88,88,95,95,95,95,97,97,97,97,97,97],"gold":234,"neow_bonus":"","is_daily":false,"chose_seed":false,"campfire_upgraded":4,"win_rate":0.0,"timestamp":1608738025,"path_taken":["M","?","?","?","M","E","R","E","T","E","?","E","R","E","R","BOSS","M","?","?","?","M","E","E","E","T","E","E","R","E","E","R","BOSS","M","?","?","?","?","E","E","$","T","E","?","E","?","?","R","BOSS","BOSS"],"items_purchased_type":["Relic","Card","Card","Relic","Relic","Relic","Relic"],"build_version":"2020-12-22","purchased_purges":2,"victory":true,"max_hp_per_floor":[71,71,71,71,71,71,71,71,71,71,71,71,71,71,71,71,71,71,76,76,76,76,76,76,76,76,76,76,76,83,83,83,83,88,88,88,88,88,88,88,88,95,95,95,95,97,97,97,97,97,97],"card_choices":[{"not_picked":["All For One","Reboot"],"picked":"Rainbow","floor":6.0},{"not_picked":["Electrodynamics","Fission"],"picked":"Buffer","floor":8.0},{"not_picked":["Electrodynamics","Buffer"],"picked":"Echo Form","floor":10.0},{"not_picked":["All For One","Hyperbeam"],"picked":"Fission","floor":12.0},{"not_picked":["All For One","Rainbow"],"picked":"Biased Cognition","floor":14.0},{"not_picked":["Echo Form","Thunder Strike"],"picked":"Amplify","floor":16.0},{"not_picked":["Buffer","Fission"],"picked":"Thunder Strike","floor":23.0},{"not_picked":["Reboot","Fission"],"picked":"Machine Learning","floor":24.0},{"not_picked":["Machine Learning","Seek","Rainbow"],"picked":"SKIP","floor":25.0},{"not_picked":["Machine Learning","Hyperbeam","Multi-Cast"],"picked":"SKIP","floor":27.0},{"not_picked":["Echo Form","Amplify"],"picked":"Creative AI","floor":28.0},{"not_picked":["Amplify","Creative AI","Thunder Strike"],"picked":"SKIP","floor":30.0},{"not_picked":["Biased Cognition","Meteor Strike"],"picked":"Buffer","floor":31.0},{"not_picked":["Biased Cognition","All For One"],"picked":"Buffer","floor":33.0},{"not_picked":["Blind","Magnetism"],"picked":"Panacea","floor":36.0},{"not_picked":["Buffer","Amplify"],"picked":"Creative AI","floor":40.0},{"not_picked":["Echo Form","Biased Cognition"],"picked":"Buffer","floor":41.0},{"not_picked":["Meteor Strike","Fission"],"picked":"Core Surge","floor":44.0},{"not_picked":["Fission","Buffer","Thunder Strike"],"picked":"Singing Bowl","floor":46.0},{"not_picked":["Thunder Strike","All For One"],"picked":"Echo Form","floor":47.0}],"player_experience":79103,"relics_obtained":[{"floor":1.0,"key":"Boot"},{"floor":5.0,"key":"Centennial Puzzle"},{"floor":6.0,"key":"Bag of Preparation"},{"floor":8.0,"key":"Meat on the Bone"},{"floor":9.0,"key":"Tiny Chest"},{"floor":10.0,"key":"War Paint"},{"floor":11.0,"key":"Anchor"},{"floor":12.0,"key":"Vajra"},{"floor":14.0,"key":"CeramicFish"},{"floor":18.0,"key":"The Courier"},{"floor":21.0,"key":"Toy Ornithopter"},{"floor":22.0,"key":"Regal Pillow"},{"floor":23.0,"key":"Oddly Smooth Stone"},{"floor":24.0,"key":"Blue Candle"},{"floor":25.0,"key":"Incense Burner"},{"floor":26.0,"key":"Potion Belt"},{"floor":27.0,"key":"Blood Vial"},{"floor":28.0,"key":"Ornamental Fan"},{"floor":30.0,"key":"Strawberry"},{"floor":31.0,"key":"StrikeDummy"},{"floor":35.0,"key":"DataDisk"},{"floor":39.0,"key":"Lantern"},{"floor":40.0,"key":"Singing Bowl"},{"floor":41.0,"key":"Pen Nib"},{"floor":43.0,"key":"Omamori"},{"floor":44.0,"key":"Smiling Mask"},{"floor":45.0,"key":"Akabeko"},{"floor":46.0,"key":"Art of War"},{"floor":47.0,"key":"Symbiotic Virus"},{"floor":48,"key":"MealTicket"}],"event_choices":[{"damage_healed":0.0,"max_hp_gain":0.0,"max_hp_loss":0.0,"gold_gain":0.0,"event_name":"Living Wall","player_choice":"Grow","floor":2.0,"gold_loss":0.0,"damage_taken":0.0,"cards_upgraded":["Storm"]},{"cards_removed":["Redo"],"damage_healed":0.0,"max_hp_gain":0.0,"max_hp_loss":0.0,"gold_gain":0.0,"event_name":"Golden Wing","player_choice":"Card Removal","floor":3.0,"gold_loss":0.0,"damage_taken":7.0},{"damage_healed":0.0,"max_hp_gain":0.0,"max_hp_loss":0.0,"gold_gain":0.0,"event_name":"Shining Light","player_choice":"Entered Light","floor":4.0,"gold_loss":0.0,"damage_taken":21.0,"cards_upgraded":["Static Discharge","Doom and Gloom"]},{"damage_healed":0.0,"max_hp_gain":5.0,"max_hp_loss":0.0,"gold_gain":0.0,"event_name":"Forgotten Altar","player_choice":"Shed Blood","floor":19.0,"gold_loss":0.0,"damage_taken":25.0},{"damage_healed":0.0,"max_hp_gain":0.0,"max_hp_loss":0.0,"gold_gain":0.0,"cards_transformed":["Compile Driver","Barrage"],"event_name":"Drug Dealer","player_choice":"Became Test Subject","floor":20.0,"gold_loss":0.0,"damage_taken":0.0,"cards_obtained":["Lockon","Recycle"]},{"damage_healed":0.0,"max_hp_gain":0.0,"max_hp_loss":0.0,"gold_gain":0.0,"event_name":"SensoryStone","player_choice":"Memory 2","floor":36.0,"gold_loss":0.0,"damage_taken":5.0},{"cards_removed":["Conserve Battery"],"damage_healed":0.0,"max_hp_gain":0.0,"max_hp_loss":0.0,"gold_gain":0.0,"event_name":"Falling","player_choice":"Removed Skill","floor":38.0,"gold_loss":0.0,"damage_taken":0.0},{"damage_healed":0.0,"max_hp_gain":0.0,"max_hp_loss":0.0,"gold_gain":0.0,"event_name":"Mysterious Sphere","player_choice":"Fight","floor":48.0,"gold_loss":0.0,"damage_taken":0.0}],"is_beta":false,"boss_relics":[{"not_picked":["Astrolabe","Velvet Choker"],"picked":"SlaversCollar"},{"not_picked":["Coffee Dripper","Calling Bell"],"picked":"Tiny House"}],"items_purged_floors":[37,42],"is_endless":false,"potions_floor_spawned":[8,10,11,12,16,18,25,27,28,31,33,40,41,44,45],"ascension_level":20}}