{"host":"kncugt8qnf1emsb0","time":1608706387,"event":{"mods":["ATMod(阿瑾Mod)","AchievementEnabler","Act Like it!","BaseMod","Dota2Spire","Friendly Minions","KomeijiMod","Minty Spire (QoL Compilation)","MostiFishMod","Quick Restart","RumiaBox-露米娅的神秘盒子","Shop Mod","Spicy Shops","StSLib","TestMod","TheWitcher","【遗物卡牌】REMEMod"],"gold_per_floor":[114,114,129,204,219,249,249,264,264,279,279,309,309,339,339,439,439,454,469,469,94,94,124,164,89,89,89,194,194,594,594,594,769,769,859,999,999,1039,814,814,869,869,869,909,949,1039,1179,1219,1219,1269],"floor_reached":51,"playtime":2508,"items_purged":["Shrug It Off","Clash"],"score":1087,"play_id":"9e5293f1-2717-464b-9d62-87f73aa0fe36","local_time":"20201223145307","daily_mods":["SealedDeck","Colorless Cards","Night Terrors"],"is_ascension_mode":false,"campfire_choices":[{"data":"DevaForm","floor":7,"key":"SMITH"},{"data":"AT_DivineConfetti","floor":11,"key":"SMITH"},{"data":"Warcry","floor":13,"key":"SMITH"},{"data":"Heavy Blade","floor":15,"key":"SMITH"},{"data":"MostiFishMod:FireWorks","floor":29,"key":"SMITH"},{"data":"Inflame","floor":32,"key":"SMITH"},{"data":"MostiFishMod:UltimateDefense","floor":40,"key":"SMITH"},{"data":"MostiFishMod:UltimateDefense+1","floor":42,"key":"SMITH"},{"data":"Offering","floor":49,"key":"SMITH"}],"circlet_count":0,"master_deck":["Warcry+1","Bandage Up","Thunderclap","Heavy Blade+1","Swift Strike","Twin Strike","Inflame+1","Clash","AT_DivineConfetti+1","DevaForm+1","AT_IchimonjiDouble+1","MostiFishMod:FireWorks+1","testmod-WeaknessCounterattack+1","RitualDagger+1","Flex+1","testmod-Collector+1","MostiFishMod:UltimateDefense+2","testmod-Mystery+1","AT_LightSaberMaster+1","Dramatic Entrance+1","Offering+1","testmod-PerfectCombo+1","MostiFishMod:ButterFly+1","Blood for Blood+1"],"relics":["Burning Blood","DaveBox","testmod-TestBox","REME_ComplimentaryCards","AT_ATBox","xbg","Molten Egg 2","Dota2Spire:BattleFury","StrikeDummy","CombinedTypeHook","Transparent","MerchantsRug","Brimstone","AT_MibuBalloonWealth","testmod-LifeArmor","testmod-CasingShield","Strawberry","testmod-AssaultLearning","GuanYuAspect","White Beast Statue","Dota2Spire:EyeOfSkadi","Prayer Wheel"],"acts_visited":["Exordium","TheCity","TheBeyond"],"potions_floor_usage":[],"damage_taken":[{"damage":0,"enemies":"2 Louse","floor":1,"turns":1},{"damage":0,"enemies":"Jaw Worm","floor":3,"turns":1},{"damage":0,"enemies":"Small Slimes","floor":5,"turns":1},{"damage":0,"enemies":"Gremlin Nob","floor":6,"turns":3},{"damage":0,"enemies":"2 Fungi Beasts","floor":8,"turns":1},{"damage":0,"enemies":"Gremlin Gang","floor":10,"turns":1},{"damage":9,"enemies":"3 Sentries","floor":12,"turns":3},{"damage":0,"enemies":"Lagavulin","floor":14,"turns":4},{"damage":40,"enemies":"Hexaghost","floor":16,"turns":4},{"damage":12,"enemies":"Shell Parasite","floor":18,"turns":1},{"damage":12,"enemies":"3 Byrds","floor":19,"turns":1},{"damage":8,"enemies":"Slavers","floor":23,"turns":1},{"damage":12,"enemies":"Snecko","floor":24,"turns":1},{"damage":8,"enemies":"Gremlin Leader","floor":28,"turns":1},{"damage":22,"enemies":"Automaton","floor":33,"turns":2},{"damage":6,"enemies":"3 Shapes","floor":35,"turns":1},{"damage":4,"enemies":"3 Darklings","floor":36,"turns":1},{"damage":20,"enemies":"Transient","floor":38,"turns":3},{"damage":8,"enemies":"Nemesis","floor":41,"turns":1},{"damage":9,"enemies":"Maw","floor":44,"turns":1},{"damage":11,"enemies":"Writhing Mass","floor":45,"turns":1},{"damage":5,"enemies":"Jaw Worm Horde","floor":46,"turns":1},{"damage":9,"enemies":"3 Darklings","floor":47,"turns":1},{"damage":11,"enemies":"Writhing Mass","floor":48,"turns":1},{"damage":15,"enemies":"Donu and Deca","floor":50,"turns":1}],"seed_played":"4926568582952100995","potions_obtained":[{"floor":1,"key":"ExcitationPotion"}],"is_trial":false,"path_per_floor":["M","$","M","?","M","E","R","M","T","M","R","E","R","E","R","B",null,"M","M","?","$","?","E","M","$","T","?","E","R","?","T","R","B",null,"M","M","?","M","$","R","E","R","T","M","M","M","M","M","R","B",null],"character_chosen":"IRONCLAD","items_purchased":["MerchantsRug","Brimstone","testmod-LifeArmor","White Beast Statue"],"campfire_rested":0,"item_purchase_floors":[21,21,25,39],"current_hp_per_floor":[80,80,80,69,76,80,80,80,80,80,80,77,77,80,80,46,80,80,80,74,74,59,85,85,85,85,85,92,92,92,92,92,92,46,46,46,42,46,46,46,49,49,49,51,51,51,51,51,51,51],"gold":1269,"neow_bonus":"","is_daily":true,"chose_seed":false,"campfire_upgraded":9,"win_rate":0.0,"timestamp":1608706387,"path_taken":["M","$","M","?","M","E","R","M","T","M","R","E","R","E","R","BOSS","M","M","?","$","?","E","M","$","T","?","E","R","?","?","R","BOSS","M","M","?","M","$","R","E","R","T","M","M","?","M","M","R","BOSS"],"items_purchased_type":["Relic","Relic","Relic","Relic"],"build_version":"2020-12-22","purchased_purges":2,"victory":true,"max_hp_per_floor":[80,80,80,80,80,80,80,80,80,80,80,80,80,80,80,80,80,80,80,80,80,85,85,85,85,85,85,92,92,92,92,92,92,46,46,46,46,46,46,46,51,51,51,51,51,51,51,51,51,51],"card_choices":[{"not_picked":["testmod-ComboMaster","Clothesline","True Grit"],"picked":"SKIP","floor":1},{"not_picked":["Muse","Body Slam","Dropkick"],"picked":"SKIP","floor":3},{"not_picked":["Power Through","Clothesline","Thunderclap"],"picked":"SKIP","floor":5},{"not_picked":["Havoc","Body Slam+1"],"picked":"AT_IchimonjiDouble+1","floor":6},{"not_picked":["Sword Boomerang+1","Anger+1","Body Slam+1"],"picked":"SKIP","floor":8},{"not_picked":["True Grit","Fire Breathing","testmod-ChaoticCore"],"picked":"SKIP","floor":10},{"not_picked":["Perfected Strike+1","Body Slam+1","Madness"],"picked":"SKIP","floor":12},{"not_picked":["testmod-Automaton+1","Body Slam+1","True Grit"],"picked":"SKIP","floor":14},{"not_picked":["ThoughtExtend","REME_AllRoundStrike+1"],"picked":"MostiFishMod:FireWorks","floor":16},{"not_picked":["Warcry","Clothesline+1","Thunderclap+1"],"picked":"SKIP","floor":18},{"not_picked":["Body Slam+1","Armaments+1"],"picked":"testmod-WeaknessCounterattack+1","floor":19},{"not_picked":["Purity","Perfected Strike+1","Clash+1"],"picked":"SKIP","floor":23},{"not_picked":["testmod-HandmadeProducts","Perfected Strike+1"],"picked":"Flex+1","floor":24},{"not_picked":["AT_BodySlamDance+1","testmod-PainDetonator+1"],"picked":"testmod-Collector+1","floor":28},{"not_picked":["Exhume","MostiFishMod:WingOfPhoenix"],"picked":"MostiFishMod:UltimateDefense","floor":33},{"not_picked":["Body Slam+1","Headbutt+1"],"picked":"testmod-Mystery+1","floor":35},{"not_picked":["Heavy Blade+1","Anger+1","Body Slam+1"],"picked":"SKIP","floor":36},{"not_picked":["Wild Strike+1","Headbutt+1"],"picked":"AT_LightSaberMaster+1","floor":38},{"not_picked":["AT_ShrugMaster","MostiFishMod:SupremeArchaeology+1"],"picked":"Dramatic Entrance+1","floor":41},{"not_picked":["Seeing Red","Warcry"],"picked":"Offering","floor":44},{"not_picked":["Flex","Wild Strike+1","Fire Breathing"],"picked":"SKIP","floor":44},{"not_picked":["Wild Strike+1","Cleave+1","Perfected Strike+1"],"picked":"SKIP","floor":45},{"not_picked":["Discovery","Feel No Pain+1","Warcry+1"],"picked":"SKIP","floor":45},{"not_picked":["Armaments","Flex+1"],"picked":"testmod-PerfectCombo+1","floor":46},{"not_picked":["Power Through","Perfected Strike+1","Anger+1"],"picked":"SKIP","floor":46},{"not_picked":["Power Through+1","Havoc+1","Cleave+1"],"picked":"SKIP","floor":47},{"not_picked":["testmod-Bloodthirsty","Infernal Blade","Rage+1"],"picked":"SKIP","floor":47},{"not_picked":["True Grit","Clash+1"],"picked":"MostiFishMod:ButterFly+1","floor":48},{"not_picked":["Inflame+1","AT_CaressingTears"],"picked":"Blood for Blood+1","floor":48}],"player_experience":12159,"relics_obtained":[{"floor":6,"key":"Molten Egg 2"},{"floor":9,"key":"Dota2Spire:BattleFury"},{"floor":12,"key":"StrikeDummy"},{"floor":14,"key":"CombinedTypeHook"},{"floor":23,"key":"AT_MibuBalloonWealth"},{"floor":26,"key":"testmod-CasingShield"},{"floor":28,"key":"Strawberry"},{"floor":31,"key":"testmod-AssaultLearning"},{"floor":41,"key":"Dota2Spire:EyeOfSkadi"},{"floor":43,"key":"Prayer Wheel"}],"event_choices":[{"damage_healed":0,"gold_gain":75,"player_choice":"Gather Gold","damage_taken":11,"max_hp_gain":0,"max_hp_loss":0,"event_name":"World of Goop","floor":4,"gold_loss":0},{"damage_healed":0,"gold_gain":0,"player_choice":"Joined the Cult","damage_taken":6,"max_hp_gain":0,"max_hp_loss":0,"event_name":"Nest","floor":20,"gold_loss":0,"cards_obtained":["RitualDagger"]},{"damage_healed":0,"gold_gain":0,"player_choice":"Shed Blood","damage_taken":20,"max_hp_gain":5,"max_hp_loss":0,"event_name":"Forgotten Altar","floor":22,"gold_loss":0},{"damage_healed":0,"gold_gain":400,"player_choice":"Sell","damage_taken":0,"max_hp_gain":0,"max_hp_loss":0,"event_name":"恩洛斯的盘子","floor":30,"relics_lost":["testmod-ChristmasGift"],"gold_loss":0},{"damage_healed":0,"gold_gain":0,"player_choice":"Damaged","damage_taken":4,"max_hp_gain":0,"max_hp_loss":0,"event_name":"Wheel of Change","floor":37,"gold_loss":0}],"is_beta":false,"boss_relics":[{"not_picked":["Dota2Spire:Bloodstone","REME_ChargedStone"],"picked":"Transparent"},{"not_picked":["HereWithMe","testmod-NegativeEmotionEnhancer"],"picked":"GuanYuAspect"}],"items_purged_floors":[21,39],"is_endless":false,"potions_floor_spawned":[1,8,12,14,16,19,24,35,36,41,44,45,46,47,48],"ascension_level":0}}