{"host":"thn8o1tmql8xszd5","time":1608747746,"event":{"mods":["AchievementEnabler","Act Like it!","BaseMod","Block Reminder","Colored Map","DeckTracker","Gensokyo","Highlight Path","Minty Spire (QoL Compilation)","Permanent Neow","Quick Restart","Relic Stats","Robot Space Explorer","StSLib","The Blue Laboratory"],"gold_per_floor":[118,118,129,139,24,49,63,365,365,365,399,415,448,448,448,448,448],"floor_reached":16,"playtime":1257,"items_purged":["Strike_R"],"score":201,"play_id":"dad5ad13-9948-447b-b065-3901ef81dbbb","local_time":"20201223132226","is_ascension_mode":true,"campfire_choices":[{"floor":10,"key":"REST"},{"data":"True Grit","floor":15,"key":"SMITH"}],"circlet_count":0,"master_deck":["Strike_R","Strike_R+1","Strike_R","Defend_R","Defend_R","Defend_R","Defend_R","Bash","Shrug It Off","Inflame","Hemokinesis","Uppercut+1","Shockwave","True Grit+1","Sword Boomerang","Rampage","Battle Trance","Limit Break"],"relics":["Burning Blood","Gensokyo:OccultBall","Whetstone","Lantern","Sundial","Omamori","Thread and Needle"],"acts_visited":["Exordium"],"potions_floor_usage":[11,13],"damage_taken":[{"damage":7.0,"enemies":"Gensokyo:Python","floor":1.0,"turns":4.0},{"damage":5.0,"enemies":"Gensokyo:Gryphon","floor":3.0,"turns":5.0},{"damage":0,"enemies":"Gensokyo:3_Fairies","floor":4,"turns":4},{"damage":30,"enemies":"Gensokyo:Cirno","floor":6,"turns":5},{"damage":5,"enemies":"Gensokyo:VengefulSpirit","floor":7,"turns":5},{"damage":44,"enemies":"Gensokyo:Aya","floor":8,"turns":4},{"damage":22,"enemies":"Gensokyo:Cirno","floor":11,"turns":6},{"damage":3,"enemies":"Gensokyo:Kitsune","floor":12,"turns":5},{"damage":0,"enemies":"Gensokyo:Aya","floor":13,"turns":5},{"damage":68,"enemies":"Gensokyo:Reimu","floor":16,"turns":9}],"seed_played":"-3294787937755468212","potions_obtained":[{"floor":3.0,"key":"blueLaboratory:SavagePotion"},{"floor":7,"key":"FairyPotion"},{"floor":11,"key":"blueLaboratory:HummingbirdPotion"}],"is_trial":false,"path_per_floor":["M","?","M","M","$","E","M","E","T","R","E","M","E","?","R","B"],"character_chosen":"IRONCLAD","items_purchased":["Uppercut"],"campfire_rested":1,"item_purchase_floors":[5],"current_hp_per_floor":[71,71,72,78,78,54,55,17,17,41,25,28,34,34,34,0,0],"gold":448,"neow_bonus":"TRANSFORM_CARD","is_daily":false,"chose_seed":false,"campfire_upgraded":1,"win_rate":0.0,"timestamp":1608747746,"path_taken":["M","?","M","M","?","E","M","E","T","R","E","M","E","?","R","BOSS"],"items_purchased_type":["Card"],"build_version":"2020-12-22","purchased_purges":1,"victory":false,"max_hp_per_floor":[80,80,80,80,80,80,80,80,80,80,80,80,80,80,80,80,80],"relic_stats":{"counters":[10,52],"Sundial":[4],"Whetstone":["Strike_R","Uppercut"],"obtain_stats":[{"Lantern":8,"Sundial":9,"Gensokyo:OccultBall":2,"Thread and Needle":13,"Omamori":11,"Whetstone":6,"Burning Blood":0},{"Lantern":6,"Sundial":6,"Gensokyo:OccultBall":1,"Thread and Needle":9,"Omamori":7,"Whetstone":4,"Burning Blood":0},{"Lantern":27,"Sundial":27,"Gensokyo:OccultBall":4,"Thread and Needle":43,"Omamori":33,"Whetstone":18,"Burning Blood":0}],"Burning Blood":54},"card_choices":[{"not_picked":["Warcry","Shrug It Off"],"picked":"Anger","floor":1.0},{"not_picked":["Sever Soul","Seeing Red"],"picked":"Inflame","floor":3.0},{"not_picked":["Iron Wave","Infernal Blade"],"picked":"Hemokinesis","floor":4},{"not_picked":["Metallicize","Twin Strike"],"picked":"Shockwave","floor":6},{"not_picked":["Dropkick","Perfected Strike"],"picked":"True Grit","floor":7},{"not_picked":["Pommel Strike","Burning Pact"],"picked":"Sword Boomerang","floor":8},{"not_picked":["Warcry","Blood for Blood","Sever Soul"],"picked":"SKIP","floor":11},{"not_picked":["Flex","Thunderclap"],"picked":"Rampage","floor":12},{"not_picked":["Intimidate","Hemokinesis","Combust"],"picked":"SKIP","floor":13},{"not_picked":["Carnage","Twin Strike"],"picked":"Battle Trance","floor":14},{"not_picked":["Ghostly Armor","Second Wind"],"picked":"Limit Break","floor":14}],"player_experience":519940,"relics_obtained":[{"floor":6,"key":"Whetstone"},{"floor":7,"key":"Gensokyo:OccultBall"},{"floor":8,"key":"Lantern"},{"floor":9,"key":"Sundial"},{"floor":11,"key":"Omamori"},{"floor":13,"key":"Thread and Needle"}],"event_choices":[],"is_beta":false,"boss_relics":[],"items_purged_floors":[5],"is_endless":false,"potions_floor_spawned":[3,7,11],"killed_by":"Gensokyo:Reimu","ascension_level":8}}