{"host":"fjaupvxe7fzqrf4j","time":1608734386,"event":{"mods":["BaseMod","Minty Spire (QoL Compilation)","StSLib"],"gold_per_floor":[110,35,35,35,49,83,83,116,170,220,244,267,283,304,304,397,397,417,467,467,490,490,531,531,106,130,82,126,51,94,94,94,188,188,211,54,67,67,67,67,103,32,78,99,124,124,147,72,72,72,72],"floor_reached":50,"playtime":1521,"items_purged":["Strike_R+1"],"score":1069,"play_id":"f442c89d-c0ae-4edf-a347-914bb0cd0d40","local_time":"20201223223946","is_ascension_mode":true,"campfire_choices":[{"data":"Fiend Fire","floor":7.0,"key":"SMITH"},{"data":"Dark Embrace","floor":15.0,"key":"SMITH"},{"floor":24.0,"key":"REST"},{"data":"Shockwave","floor":32.0,"key":"SMITH"},{"data":"Madness","floor":40.0,"key":"SMITH"},{"data":"Second Wind","floor":46.0,"key":"SMITH"},{"floor":49.0,"key":"REST"}],"circlet_count":0,"master_deck":["AscendersBane","Defend_R","Defend_R","Defend_R","Bash","Fiend Fire+1","Pommel Strike+1","Dark Embrace+1","Clash","Bloodletting+1","Berserk+1","Reaper+1","Battle Trance","Second Wind+1","J.A.X.","Shockwave+1","Dual Wield","Immolate","Burning Pact","Madness+1","Madness","J.A.X.","Feel No Pain+1","Dark Embrace+1"],"relics":["Burning Blood","NeowsBlessing","Golden Idol","Whetstone","Darkstone Periapt","Potion Belt","Astrolabe","Red Skull","Bottled Lightning","Ornamental Fan","Pantograph","Frozen Egg 2","Philosopher\u0027s Stone","Medical Kit","Blue Candle","Lantern"],"acts_visited":["Exordium","TheCity","TheBeyond"],"potions_floor_usage":[],"damage_taken":[{"damage":0.0,"enemies":"Small Slimes","floor":1.0,"turns":2.0},{"damage":0.0,"enemies":"2 Louse","floor":5.0,"turns":1.0},{"damage":0.0,"enemies":"Gremlin Nob","floor":6.0,"turns":1.0},{"damage":20.0,"enemies":"Lagavulin","floor":8.0,"turns":4.0},{"damage":0.0,"enemies":"Cultist","floor":11.0,"turns":2.0},{"damage":0.0,"enemies":"Large Slime","floor":12.0,"turns":2.0},{"damage":6.0,"enemies":"2 Fungi Beasts","floor":13.0,"turns":2.0},{"damage":8.0,"enemies":"Blue Slaver","floor":14.0,"turns":2.0},{"damage":0.0,"enemies":"Slime Boss","floor":16.0,"turns":4.0},{"damage":15.0,"enemies":"Chosen","floor":18.0,"turns":3.0},{"damage":20.0,"enemies":"2 Thieves","floor":21.0,"turns":4.0},{"damage":44.0,"enemies":"Slavers","floor":23.0,"turns":5.0},{"damage":31.0,"enemies":"Book of Stabbing","floor":28.0,"turns":4.0},{"damage":18.0,"enemies":"Gremlin Leader","floor":30.0,"turns":4.0},{"damage":68.0,"enemies":"Collector","floor":33.0,"turns":5.0},{"damage":25.0,"enemies":"3 Shapes","floor":35.0,"turns":4.0},{"damage":5.0,"enemies":"Orb Walker","floor":37.0,"turns":2.0},{"damage":48.0,"enemies":"Reptomancer","floor":41.0,"turns":6.0},{"damage":21.0,"enemies":"Sphere and 2 Shapes","floor":44.0,"turns":3.0},{"damage":24.0,"enemies":"Writhing Mass","floor":45.0,"turns":5.0},{"damage":34.0,"enemies":"Maw","floor":47.0,"turns":5.0},{"damage":69,"enemies":"Time Eater","floor":50,"turns":3}],"seed_played":"-5833536664115249165","potions_obtained":[{"floor":6.0,"key":"CultistPotion"},{"floor":8.0,"key":"LiquidMemories"},{"floor":12.0,"key":"ColorlessPotion"},{"floor":14.0,"key":"Strength Potion"},{"floor":16.0,"key":"Dexterity Potion"},{"floor":18.0,"key":"BloodPotion"},{"floor":28.0,"key":"Energy Potion"},{"floor":30.0,"key":"AttackPotion"},{"floor":37.0,"key":"AttackPotion"},{"floor":45.0,"key":"DistilledChaos"},{"floor":47.0,"key":"LiquidMemories"}],"is_trial":false,"path_per_floor":["M","?","?","?","M","E","R","E","T","?","M","M","M","M","R","B",null,"M","?","?","M","?","E","R","$","T","$","E","$","E","?","R","B",null,"M","$","M","?","?","R","E","$","T","M","M","R","M","$","R","B"],"character_chosen":"IRONCLAD","items_purchased":["Bottled Lightning","CultistPotion","Swift Potion","Dual Wield","Medical Kit","Feel No Pain+1","Dark Embrace+1"],"campfire_rested":2,"item_purchase_floors":[25,25,27,29,36,42,48],"current_hp_per_floor":[74,74,74,68,68,68,68,54,54,54,60,66,66,64,64,68,68,59,59,59,50,50,29,49,49,49,49,36,36,45,45,45,68,68,52,52,53,41,41,41,36,36,36,34,39,39,11,11,31,0,0],"gold":72,"neow_bonus":"THREE_ENEMY_KILL","is_daily":false,"chose_seed":false,"campfire_upgraded":5,"win_rate":0.0,"timestamp":1608734386,"path_taken":["M","?","?","?","M","E","R","E","T","?","M","?","M","M","R","BOSS","M","?","?","M","?","E","R","$","T","?","E","$","E","?","R","BOSS","M","$","M","?","?","R","E","$","T","M","?","R","M","?","R","BOSS"],"items_purchased_type":["Relic","Potion","Potion","Card","Relic","Card","Card"],"build_version":"2020-12-22","purchased_purges":1,"victory":false,"max_hp_per_floor":[75,75,75,68,68,68,68,68,68,68,68,68,68,68,68,68,68,68,68,68,68,68,68,68,68,68,68,68,68,68,68,68,68,68,68,68,68,68,68,68,68,68,68,68,68,68,68,68,68,68,68],"card_choices":[{"not_picked":["Armaments","Havoc","Flame Barrier"],"picked":"SKIP","floor":1.0},{"not_picked":["Iron Wave","Combust"],"picked":"Pommel Strike","floor":5.0},{"not_picked":["Anger","Carnage"],"picked":"Dark Embrace","floor":6.0},{"not_picked":["Berserk","Wild Strike","Dark Embrace"],"picked":"SKIP","floor":8.0},{"not_picked":["Anger","Twin Strike","Reckless Charge"],"picked":"SKIP","floor":11.0},{"not_picked":["Warcry","Havoc","Flex"],"picked":"SKIP","floor":12.0},{"not_picked":["Spot Weakness","Wild Strike"],"picked":"Clash","floor":13.0},{"not_picked":["Warcry","Cleave"],"picked":"Carnage","floor":14.0},{"not_picked":["Reckless Charge","True Grit"],"picked":"Battle Trance","floor":18.0},{"not_picked":["Infernal Blade","Disarm","Ghostly Armor"],"picked":"SKIP","floor":21.0},{"not_picked":["Ghostly Armor","Dark Embrace","Uppercut"],"picked":"SKIP","floor":23.0},{"not_picked":["Cleave","Shrug It Off"],"picked":"Shockwave","floor":28.0},{"not_picked":["Armaments","Clothesline","Dark Embrace+1"],"picked":"SKIP","floor":30.0},{"not_picked":["Juggernaut+1","Fiend Fire"],"picked":"Immolate","floor":33.0},{"not_picked":["Twin Strike","Clash","Iron Wave"],"picked":"SKIP","floor":35.0},{"not_picked":["Cleave","Hemokinesis"],"picked":"Burning Pact","floor":37.0},{"not_picked":["Perfected Strike","Fire Breathing+1","Anger+1"],"picked":"SKIP","floor":41.0},{"not_picked":["Clothesline","Burning Pact","Limit Break"],"picked":"SKIP","floor":44.0},{"not_picked":["Thunderclap","Pommel Strike","Sever Soul"],"picked":"SKIP","floor":45.0},{"not_picked":["Wild Strike","Perfected Strike+1","Anger"],"picked":"SKIP","floor":47.0}],"player_experience":256704,"relics_obtained":[{"floor":6.0,"key":"Whetstone"},{"floor":8.0,"key":"Darkstone Periapt"},{"floor":9.0,"key":"Potion Belt"},{"floor":23.0,"key":"Red Skull"},{"floor":28.0,"key":"Ornamental Fan"},{"floor":30.0,"key":"Pantograph"},{"floor":41.0,"key":"Blue Candle"},{"floor":43.0,"key":"Lantern"}],"event_choices":[{"cards_removed":["Strike_R"],"damage_healed":0.0,"max_hp_gain":0.0,"max_hp_loss":0.0,"gold_gain":0.0,"event_name":"The Cleric","player_choice":"Card Removal","floor":2.0,"gold_loss":75.0,"damage_taken":0.0},{"damage_healed":0.0,"max_hp_gain":0.0,"max_hp_loss":0.0,"gold_gain":0.0,"cards_transformed":["Strike_R"],"event_name":"Living Wall","player_choice":"Change","floor":3.0,"gold_loss":0.0,"damage_taken":0.0,"cards_obtained":["Fiend Fire"]},{"damage_healed":0.0,"max_hp_gain":0.0,"max_hp_loss":7.0,"gold_gain":0.0,"event_name":"Golden Idol","player_choice":"Lose Max HP","floor":4.0,"gold_loss":0.0,"damage_taken":0.0,"relics_obtained":["Golden Idol"]},{"damage_healed":0.0,"max_hp_gain":0.0,"max_hp_loss":0.0,"gold_gain":50.0,"event_name":"Golden Shrine","player_choice":"Pray","floor":10.0,"gold_loss":0.0,"damage_taken":0.0},{"damage_healed":0.0,"max_hp_gain":0.0,"max_hp_loss":0.0,"gold_gain":50.0,"event_name":"Nest","player_choice":"Stole From Cult","floor":19.0,"gold_loss":0.0,"damage_taken":0.0},{"damage_healed":0.0,"max_hp_gain":0.0,"max_hp_loss":0.0,"gold_gain":0.0,"event_name":"The Library","player_choice":"Read","floor":20.0,"gold_loss":0.0,"damage_taken":0.0,"cards_obtained":["Second Wind"]},{"damage_healed":0.0,"max_hp_gain":0.0,"max_hp_loss":0.0,"gold_gain":0.0,"event_name":"Drug Dealer","player_choice":"Obtain J.A.X.","floor":22.0,"gold_loss":0.0,"damage_taken":0.0,"cards_obtained":["J.A.X."]},{"cards_removed":["Carnage"],"damage_healed":0.0,"max_hp_gain":0.0,"max_hp_loss":0.0,"gold_gain":0.0,"event_name":"WeMeetAgain","player_choice":"Gave Card","floor":31.0,"gold_loss":0.0,"damage_taken":0.0,"relics_obtained":["Frozen Egg 2"]},{"damage_healed":0.0,"max_hp_gain":0.0,"max_hp_loss":0.0,"gold_gain":0.0,"event_name":"Winding Halls","player_choice":"Embrace Madness","floor":38.0,"gold_loss":0.0,"damage_taken":12.0,"cards_obtained":["Madness","Madness"]},{"damage_healed":0.0,"max_hp_gain":0.0,"max_hp_loss":0.0,"gold_gain":0.0,"event_name":"Duplicator","player_choice":"Copied","floor":39.0,"gold_loss":0.0,"damage_taken":0.0,"cards_obtained":["J.A.X."]}],"is_beta":false,"boss_relics":[{"not_picked":["Runic Pyramid","Sozu"],"picked":"Astrolabe"},{"not_picked":["Tiny House","Black Blood"],"picked":"Philosopher\u0027s Stone"}],"items_purged_floors":[25],"is_endless":false,"potions_floor_spawned":[6,8,12,14,16,18,28,30,37,45,47],"killed_by":"Time Eater","ascension_level":15}}