{"host":"Kdaddybrian","time":1608696601,"event":{"mods":["AchievementEnabler","BaseMod","Bestiary","Colored Powertips","Minty Spire (QoL Compilation)","Potion Indicator Mod","Quick Restart","Rare Cards Sparkle","Relic Stats","StSLib","Uncapped"],"gold_per_floor":[111,125,137,137,157,157,171,25,25,68,84,84,84,98,98,224,224,207,227,227,227,5,5,5],"floor_reached":23,"playtime":960,"items_purged":[],"score":290,"play_id":"45053282-19d9-4266-8225-40e362633598","local_time":"20201222231001","is_ascension_mode":true,"campfire_choices":[{"data":"Bash","floor":6,"key":"SMITH"},{"floor":13,"key":"REST"},{"data":"Body Slam","floor":15,"key":"SMITH"}],"circlet_count":0,"master_deck":["AscendersBane","Strike_R","Strike_R","Strike_R","Strike_R","Strike_R","Defend_R","Defend_R","Defend_R","Defend_R","Bash+1","Thunderclap","Flame Barrier","Wild Strike","Rage","Pommel Strike","Flame Barrier","Metallicize","Body Slam","Clothesline","Body Slam+1","Immolate","Iron Wave","Entrench","Uppercut","Limit Break","Pommel Strike","Spot Weakness"],"relics":["Burning Blood","NeowsBlessing","Golden Idol","Nunchaku","Oddly Smooth Stone","Fusion Hammer","Enchiridion","Frozen Egg 2","Orrery"],"acts_visited":["Exordium","TheCity"],"potions_floor_usage":[11,16,16],"damage_taken":[{"damage":0,"enemies":"Jaw Worm","floor":1,"turns":1},{"damage":0,"enemies":"Small Slimes","floor":2,"turns":1},{"damage":0,"enemies":"Cultist","floor":3,"turns":1},{"damage":29,"enemies":"Exordium Wildlife","floor":5,"turns":7},{"damage":13,"enemies":"Blue Slaver","floor":7,"turns":5},{"damage":30,"enemies":"Lagavulin","floor":10,"turns":7},{"damage":6,"enemies":"Large Slime","floor":11,"turns":5},{"damage":10,"enemies":"Lots of Slimes","floor":14,"turns":3},{"damage":32,"enemies":"The Guardian","floor":16,"turns":15},{"damage":19,"enemies":"2 Thieves","floor":18,"turns":4},{"damage":12,"enemies":"Chosen","floor":19,"turns":4},{"damage":27,"enemies":"Slavers","floor":23,"turns":2}],"seed_played":"-265191636151508760","potions_obtained":[{"floor":5,"key":"BlessingOfTheForge"},{"floor":7,"key":"SpeedPotion"},{"floor":10,"key":"Block Potion"},{"floor":14,"key":"SmokeBomb"},{"floor":16,"key":"Swift Potion"}],"is_trial":false,"path_per_floor":["M","M","M","?","M","R","M","$","T","E","M","?","R","M","R","B",null,"M","M","?","?","$","E"],"character_chosen":"IRONCLAD","items_purchased":["Flame Barrier","Metallicize","Orrery","Spot Weakness"],"campfire_rested":1,"item_purchase_floors":[8,8,22,22],"current_hp_per_floor":[78,80,80,74,51,51,44,44,44,20,20,20,42,38,38,12,59,46,40,24,24,24,0,0],"gold":5,"neow_bonus":"THREE_ENEMY_KILL","is_daily":false,"chose_seed":false,"campfire_upgraded":2,"win_rate":0.0,"timestamp":1608696601,"path_taken":["M","M","M","?","M","R","M","$","T","E","M","?","R","M","R","BOSS","M","M","?","?","$","E"],"items_purchased_type":["Card","Card","Relic","Card"],"build_version":"2020-12-18","purchased_purges":0,"victory":false,"max_hp_per_floor":[80,80,80,74,74,74,74,74,74,74,74,74,74,74,74,74,74,74,74,74,74,74,74,74],"relic_stats":{"Nunchaku":[7],"counters":[12,55],"Golden Idol":54,"obtain_stats":[{"Nunchaku":9,"NeowsBlessing":0,"Golden Idol":4,"Oddly Smooth Stone":10,"Enchiridion":20,"Orrery":22,"Fusion Hammer":17,"Frozen Egg 2":21,"Burning Blood":0},{"Nunchaku":5,"NeowsBlessing":0,"Golden Idol":3,"Oddly Smooth Stone":6,"Enchiridion":11,"Orrery":11,"Fusion Hammer":9,"Frozen Egg 2":11,"Burning Blood":0},{"Nunchaku":15,"NeowsBlessing":0,"Golden Idol":3,"Oddly Smooth Stone":22,"Enchiridion":53,"Orrery":53,"Fusion Hammer":45,"Frozen Egg 2":53,"Burning Blood":0}],"Burning Blood":56},"card_choices":[{"not_picked":["Warcry","Dropkick"],"picked":"Thunderclap","floor":1},{"not_picked":["Perfected Strike","Searing Blow"],"picked":"Flame Barrier","floor":2},{"not_picked":["Armaments","Dual Wield"],"picked":"Wild Strike","floor":3},{"not_picked":["Dual Wield","Clash"],"picked":"Rage","floor":5},{"not_picked":["Blood for Blood","Flex"],"picked":"Pommel Strike","floor":7},{"not_picked":["True Grit","Dark Embrace"],"picked":"Body Slam","floor":10},{"not_picked":["Heavy Blade","Anger"],"picked":"Clothesline","floor":11},{"not_picked":["Warcry","Flex"],"picked":"Body Slam","floor":14},{"not_picked":["Demon Form","Bludgeon"],"picked":"Immolate","floor":16},{"not_picked":["Heavy Blade","Pommel Strike"],"picked":"Iron Wave","floor":18},{"not_picked":["Second Wind","Pommel Strike"],"picked":"Entrench","floor":19},{"not_picked":["Second Wind","Reckless Charge"],"picked":"Uppercut","floor":22},{"not_picked":["Ghostly Armor+1","Pommel Strike"],"picked":"Limit Break","floor":22},{"not_picked":["Heavy Blade","Perfected Strike"],"picked":"Pommel Strike","floor":22}],"player_experience":2904413,"relics_obtained":[{"floor":9,"key":"Nunchaku"},{"floor":10,"key":"Oddly Smooth Stone"},{"floor":20,"key":"Enchiridion"}],"event_choices":[{"damage_healed":0,"gold_gain":0,"player_choice":"Lose Max HP","damage_taken":0,"relics_obtained":["Golden Idol"],"max_hp_gain":0,"max_hp_loss":6,"event_name":"Golden Idol","floor":4,"gold_loss":0},{"damage_healed":0,"gold_gain":0,"player_choice":"Ignored","damage_taken":0,"max_hp_gain":0,"max_hp_loss":0,"event_name":"NoteForYourself","floor":12,"gold_loss":0},{"damage_healed":0,"gold_gain":0,"player_choice":"Obtained Book","damage_taken":16,"max_hp_gain":0,"max_hp_loss":0,"event_name":"Cursed Tome","floor":20,"gold_loss":0},{"damage_healed":0,"gold_gain":0,"player_choice":"Opened","damage_taken":0,"relics_obtained":["Frozen Egg 2"],"max_hp_gain":0,"max_hp_loss":0,"event_name":"The Mausoleum","floor":21,"gold_loss":0}],"is_beta":true,"boss_relics":[{"not_picked":["Philosopher\u0027s Stone","Coffee Dripper"],"picked":"Fusion Hammer"}],"items_purged_floors":[],"is_endless":false,"potions_floor_spawned":[5,7,10,14,16],"killed_by":"Slavers","ascension_level":10}}