{"host":"nn0usk9aafse27ii","time":1608767481,"event":{"mods":["BaseMod","Colored Map","Highlight Path","Minty Spire (QoL Compilation)","Shop Mod","StSLib"],"gold_per_floor":[114,114,133,152,2,40,115,115,115,134,134,172,172,210,210,335,335,354,373,392,392,411,411,430,468,468,68,68,87,87,106,106,231,231,250,269,269,602,617,647,662,662,662,662,677,78,78,93,93,93],"floor_reached":51,"playtime":5780,"items_purged":[],"score":869,"play_id":"e2da60d3-764c-4e39-b12a-8a482d9b2f60","local_time":"20201223155121","daily_mods":["SealedDeck","Red Cards","Night Terrors"],"is_ascension_mode":false,"campfire_choices":[{"data":"TalkToTheHand","floor":8.0,"key":"SMITH"},{"data":"Entrench","floor":11.0,"key":"SMITH"},{"data":"Rupture","floor":13.0,"key":"SMITH"},{"data":"Collect","floor":15.0,"key":"SMITH"},{"data":"Vault","floor":23.0,"key":"SMITH"},{"data":"Armaments","floor":30,"key":"SMITH"},{"data":"Consecrate","floor":32,"key":"SMITH"},{"data":"Tantrum","floor":42,"key":"SMITH"},{"data":"Combust","floor":44,"key":"SMITH"},{"data":"Evaluate","floor":49,"key":"SMITH"}],"circlet_count":0,"master_deck":["Thunderclap","CutThroughFate","EmptyFist","FlurryOfBlows","FollowUp","Collect+1","Shrug It Off","Evaluate+1","Power Through","Entrench+1","Wallop","Consecrate+1","Crescendo","Pommel Strike","Combust+1","CutThroughFate","Cleave","TalkToTheHand+1","Rupture+1","Vault+1","Armaments+1","Shockwave+1","Tantrum+1","Feed","BattleHymn+1","FlurryOfBlows","TalkToTheHand+1","Fire Breathing","Evaluate"],"relics":["PureWater","Orrery","Blue Candle","StrikeDummy","Question Card","StoneCalendar","Runic Pyramid","Smiling Mask","Dead Branch","Lee\u0027s Waffle","Eternal Feather","SlaversCollar","MealTicket","Nunchaku","Bottled Flame","DollysMirror","CaptainsWheel"],"acts_visited":["Exordium","TheCity","TheBeyond"],"potions_floor_usage":[29,33,33,35,39,48,50,50],"damage_taken":[{"damage":0.0,"enemies":"2 Louse","floor":1.0,"turns":2.0},{"damage":2.0,"enemies":"Jaw Worm","floor":3.0,"turns":3.0},{"damage":0.0,"enemies":"Small Slimes","floor":4.0,"turns":2.0},{"damage":2.0,"enemies":"Gremlin Nob","floor":6.0,"turns":3.0},{"damage":0.0,"enemies":"2 Fungi Beasts","floor":10.0,"turns":1.0},{"damage":2.0,"enemies":"3 Sentries","floor":12.0,"turns":3.0},{"damage":5.0,"enemies":"Lagavulin","floor":14.0,"turns":3.0},{"damage":5.0,"enemies":"Hexaghost","floor":16.0,"turns":7.0},{"damage":1.0,"enemies":"Shell Parasite","floor":18.0,"turns":4.0},{"damage":4.0,"enemies":"3 Byrds","floor":19.0,"turns":4.0},{"damage":4.0,"enemies":"Snecko","floor":20.0,"turns":5.0},{"damage":0.0,"enemies":"Shelled Parasite and Fungi","floor":22.0,"turns":4.0},{"damage":6.0,"enemies":"Snake Plant","floor":24.0,"turns":5.0},{"damage":17.0,"enemies":"Slavers","floor":25.0,"turns":5.0},{"damage":0,"enemies":"Centurion and Healer","floor":29,"turns":4},{"damage":0,"enemies":"Snecko","floor":31,"turns":4},{"damage":3,"enemies":"Collector","floor":33,"turns":4},{"damage":17,"enemies":"3 Darklings","floor":35,"turns":4},{"damage":4,"enemies":"3 Shapes","floor":36,"turns":3},{"damage":3,"enemies":"Transient","floor":39,"turns":6},{"damage":6,"enemies":"Nemesis","floor":40,"turns":5},{"damage":23,"enemies":"Maw","floor":41,"turns":8},{"damage":14,"enemies":"Writhing Mass","floor":45,"turns":7},{"damage":22,"enemies":"Jaw Worm Horde","floor":48,"turns":2},{"damage":33,"enemies":"Donu and Deca","floor":50,"turns":7}],"seed_played":"4926568582952100995","potions_obtained":[{"floor":1.0,"key":"EntropicBrew"},{"floor":3.0,"key":"Dexterity Potion"},{"floor":4.0,"key":"ColorlessPotion"},{"floor":16.0,"key":"PowerPotion"},{"floor":19.0,"key":"DistilledChaos"},{"floor":22.0,"key":"LiquidMemories"},{"floor":25,"key":"BottledMiracle"},{"floor":29,"key":"SteroidPotion"},{"floor":36,"key":"AttackPotion"},{"floor":45,"key":"CultistPotion"}],"is_trial":false,"path_per_floor":["M","?","M","M","$","E","?","R","T","M","R","E","R","E","R","B",null,"M","M","M","?","M","R","M","E","T","$","?","M","R","M","R","B",null,"M","M","?","?","M","E","M","R","T","R","M","$","?","M","R","B",null],"character_chosen":"WATCHER","items_purchased":["Orrery","Lee\u0027s Waffle","Eternal Feather","Bottled Flame","DollysMirror","BottledMiracle","DuplicationPotion","Fire Breathing"],"campfire_rested":0,"item_purchase_floors":[5,27,27,46,46,46,46,46],"current_hp_per_floor":[72,54,52,52,52,50,39,39,39,39,39,37,37,32,32,27,72,71,67,63,63,63,63,57,40,40,79,79,79,79,79,79,76,79,65,61,61,61,58,55,36,51,51,66,55,70,70,51,66,33],"gold":93,"neow_bonus":"","is_daily":true,"chose_seed":false,"campfire_upgraded":10,"win_rate":0.0,"timestamp":1608767481,"path_taken":["M","?","M","M","$","E","?","R","T","M","R","E","R","E","R","BOSS","M","M","M","?","M","R","M","E","T","$","?","M","R","M","R","BOSS","M","M","?","?","M","E","M","R","T","R","M","$","?","M","R","BOSS"],"items_purchased_type":["Relic","Relic","Relic","Relic","Relic","Potion","Potion","Card"],"build_version":"2020-12-22","purchased_purges":0,"victory":true,"max_hp_per_floor":[72,72,72,72,72,72,72,72,72,72,72,72,72,72,72,72,72,72,72,72,72,72,72,72,72,72,79,79,79,79,79,79,79,79,82,82,82,82,82,85,89,89,89,89,92,92,92,95,95,95],"card_choices":[{"not_picked":["Blood for Blood","Sword Boomerang"],"picked":"Wallop","floor":1.0},{"not_picked":["Second Wind","SashWhip"],"picked":"Consecrate","floor":3.0},{"not_picked":["Burning Pact","WindmillStrike"],"picked":"Crescendo","floor":4.0},{"not_picked":["JustLucky","Burning Pact"],"picked":"Pommel Strike","floor":5.0},{"not_picked":["Ragnarok","FlyingSleeves"],"picked":"Combust","floor":5.0},{"not_picked":["Iron Wave","Flex"],"picked":"CutThroughFate","floor":5.0},{"not_picked":["CutThroughFate","CrushJoints"],"picked":"Cleave","floor":5.0},{"not_picked":["CrushJoints","Immolate"],"picked":"TalkToTheHand","floor":6.0},{"not_picked":["Worship","EmptyFist"],"picked":"FlurryOfBlows","floor":10.0},{"not_picked":["Dark Embrace","Searing Blow"],"picked":"Rupture","floor":12.0},{"not_picked":["SashWhip","Swivel","Burning Pact","Cleave"],"picked":"SKIP","floor":14.0},{"not_picked":["Omniscience","Offering","DeusExMachina"],"picked":"Vault","floor":16.0},{"not_picked":["Havoc","Shrug It Off","Cleave+1"],"picked":"Armaments","floor":18.0},{"not_picked":["Prostrate","Thunderclap","Flex+1","Havoc+1"],"picked":"SKIP","floor":19.0},{"not_picked":["Sentinel","Sever Soul","PathToVictory","Spot Weakness+1"],"picked":"SKIP","floor":20.0},{"not_picked":["Thunderclap","SashWhip","SandsOfTime+1","Crescendo"],"picked":"SKIP","floor":22.0},{"not_picked":["BowlingBash","ConjureBlade","True Grit","Wild Strike"],"picked":"SKIP","floor":24.0},{"not_picked":["Entrench+1","Headbutt","Hemokinesis"],"picked":"Shockwave+1","floor":25},{"not_picked":["Shrug It Off","Sever Soul","ReachHeaven"],"picked":"Tantrum","floor":29},{"not_picked":["Hemokinesis","CutThroughFate","Twin Strike","Wild Strike"],"picked":"SKIP","floor":31},{"not_picked":["Demon Form","Vault","Juggernaut"],"picked":"Feed","floor":33},{"not_picked":["Feel No Pain","Warcry+1","PathToVictory+1","EmptyFist+1"],"picked":"SKIP","floor":35},{"not_picked":["Dropkick","PathToVictory","CarveReality","EmptyFist+1"],"picked":"SKIP","floor":36},{"not_picked":["BowlingBash+1","Thunderclap","SignatureMove","CutThroughFate+1"],"picked":"SKIP","floor":39},{"not_picked":["ClearTheMind","CutThroughFate","Prostrate"],"picked":"BattleHymn+1","floor":40},{"not_picked":["Pommel Strike","Thunderclap","Entrench+1"],"picked":"FlurryOfBlows","floor":41},{"not_picked":["PathToVictory+1","Weave+1","Corruption","Twin Strike+1"],"picked":"SKIP","floor":45},{"not_picked":["Twin Strike+1","Body Slam","Wild Strike"],"picked":"Evaluate","floor":48}],"player_experience":340782,"relics_obtained":[{"floor":6.0,"key":"Blue Candle"},{"floor":9.0,"key":"StrikeDummy"},{"floor":12.0,"key":"Question Card"},{"floor":14.0,"key":"StoneCalendar"},{"floor":25,"key":"Smiling Mask"},{"floor":26,"key":"Dead Branch"},{"floor":40,"key":"MealTicket"},{"floor":43,"key":"Nunchaku"},{"floor":47,"key":"CaptainsWheel"}],"event_choices":[{"damage_healed":0.0,"max_hp_gain":0.0,"max_hp_loss":0.0,"gold_gain":0.0,"event_name":"Golden Idol","player_choice":"Take Damage","floor":2.0,"gold_loss":0.0,"damage_taken":18.0,"relics_obtained":["Golden Idol"]},{"damage_healed":0.0,"max_hp_gain":0.0,"max_hp_loss":0.0,"gold_gain":75.0,"event_name":"World of Goop","player_choice":"Gather Gold","floor":7.0,"gold_loss":0.0,"damage_taken":11.0},{"damage_healed":0.0,"max_hp_gain":0.0,"max_hp_loss":0.0,"gold_gain":0.0,"event_name":"Vampires","player_choice":"Ignored","floor":21.0,"gold_loss":0.0,"damage_taken":0.0},{"damage_healed":0,"gold_gain":0,"player_choice":"Simplicity","damage_taken":0,"max_hp_gain":0,"max_hp_loss":0,"event_name":"Back to Basics","floor":28,"gold_loss":0,"cards_upgraded":[]},{"cards_removed":["FlurryOfBlows"],"damage_healed":0,"gold_gain":0,"player_choice":"Removed Attack","damage_taken":0,"max_hp_gain":0,"max_hp_loss":0,"event_name":"Falling","floor":37,"gold_loss":0},{"damage_healed":0,"gold_gain":333,"player_choice":"Gave Idol","damage_taken":0,"max_hp_gain":0,"max_hp_loss":0,"event_name":"The Moai Head","floor":38,"relics_lost":["Golden Idol"],"gold_loss":0},{"damage_healed":0,"gold_gain":0,"player_choice":"Relic","damage_taken":0,"max_hp_gain":0,"max_hp_loss":0,"event_name":"Wheel of Change","floor":47,"gold_loss":0}],"is_beta":false,"boss_relics":[{"not_picked":["Busted Crown","Ectoplasm"],"picked":"Runic Pyramid"},{"not_picked":["VioletLotus","Astrolabe"],"picked":"SlaversCollar"}],"items_purged_floors":[],"is_endless":false,"potions_floor_spawned":[1,3,4,16,18,19,22,25,29,36,45],"ascension_level":0}}