{"host":"ty2cix8xj6r3ad26","time":1608720997,"event":{"mods":["AchievementEnabler","BaseMod","BetterRewards","Downfall","Minty Spire (QoL Compilation)","StSLib","SuperFastMode"],"gold_per_floor":[0,15,165,179,279,314,314,239,239,239,255,255,271,281,300,396,396,396,409,72,91,102,102,102,87,122,135,60,80,80,112,122,220,220,220,231,231,244,244,16,43,69,81,428,23,42,53,68,82,82,82,82],"floor_reached":50,"playtime":4707,"items_purged":["hexamod:Strike","hexamod:TurnItUp","hexamod:Defend"],"score":621,"play_id":"1240f252-dfee-4ba8-8b1d-230165d3fc21","local_time":"20201223125637","is_ascension_mode":true,"campfire_choices":[{"data":"hexamod:Sear","floor":1,"key":"SMITH"},{"data":"hexamod:GhostflameBarrier","floor":8,"key":"SMITH"},{"floor":12,"key":"REST"},{"data":"hexamod:VolcanoVisage","floor":18,"key":"SMITH"},{"data":"hexamod:EmpoweredFlame","floor":23,"key":"SMITH"},{"data":"hexamod:PhantomCloak","floor":28,"key":"SMITH"},{"data":"hexamod:HexaLevel","floor":35,"key":"SMITH"}],"circlet_count":0,"master_deck":["hexamod:Strike","hexamod:Strike","hexamod:Defend","hexamod:Defend","hexamod:Defend","hexamod:Sear+1","hexamod:Float","hexamod:ThermalTransfer+1","hexamod:Hexaguard","hexamod:FlamesFromBeyond","hexamod:EmpoweredFlame+1","hexamod:GhostflameBarrier+1","hexamod:FirstSeal","hexamod:HeatMetal","hexamod:VolcanoVisage+1","hexamod:ThirdSeal","hexamod:HauntingEcho+1","hexamod:PhantomCloak+1","hexamod:DynamicBlow","hexamod:RadiantFlame","hexamod:HexaLevel+1","hexamod:WildfireWeapon","hexamod:InspiringFlames+1","hexamod:GhostflameInferno","hexamod:SpectralAdrenaline"],"relics":["hexamod:SpiritBrand","hexamod:SoulConsumer","Girya","Centennial Puzzle","downfall:HeartBlessingGreen","downfall:ShatteredFragment","Coffee Dripper","Mercury Hourglass","The Courier","downfall:HeartBlessingBlue","Nilry\u0027s Codex","Omamori","Philosopher\u0027s Stone","Peace Pipe","Turnip","MawBank","Old Coin","Gremlin Horn","Nunchaku"],"acts_visited":["Exordium","TheCity","TheBeyond"],"potions_floor_usage":[27,31,32,33,33,42,47,48],"damage_taken":[{"damage":4,"enemies":"2 Louse","floor":2,"turns":4},{"damage":0,"enemies":"Small Slimes","floor":4,"turns":3},{"damage":34,"enemies":"downfall:Heads","floor":5,"turns":8},{"damage":0,"enemies":"Gremlin Nob","floor":6,"turns":3},{"damage":0,"enemies":"Jaw Worm","floor":11,"turns":3},{"damage":1,"enemies":"Red Slaver","floor":13,"turns":3},{"damage":0,"enemies":"2 Fungi Beasts","floor":14,"turns":3},{"damage":0,"enemies":"3 Louse","floor":15,"turns":4},{"damage":4,"enemies":"downfall:Silent","floor":16,"turns":6},{"damage":6,"enemies":"3 Byrds","floor":19,"turns":4},{"damage":0,"enemies":"downfall:FleeingMerchant","floor":20,"turns":4},{"damage":0,"enemies":"Spheric Guardian","floor":21,"turns":4},{"damage":0,"enemies":"Chosen and Byrds","floor":22,"turns":5},{"damage":0,"enemies":"downfall:FleeingMerchant","floor":25,"turns":4},{"damage":12,"enemies":"Gremlin Leader","floor":26,"turns":6},{"damage":0,"enemies":"Centurion and Healer","floor":27,"turns":5},{"damage":0,"enemies":"3 Cultists","floor":29,"turns":4},{"damage":3,"enemies":"Book of Stabbing","floor":31,"turns":5},{"damage":17,"enemies":"Chosen and Byrds","floor":32,"turns":6},{"damage":15,"enemies":"downfall:Ironclad","floor":33,"turns":6},{"damage":29,"enemies":"3 Shapes","floor":36,"turns":4},{"damage":0,"enemies":"Orb Walker","floor":38,"turns":3},{"damage":2,"enemies":"downfall:FleeingMerchant","floor":40,"turns":3},{"damage":15,"enemies":"Writhing Mass","floor":42,"turns":6},{"damage":15,"enemies":"Nemesis","floor":44,"turns":5},{"damage":14,"enemies":"4 Shapes","floor":46,"turns":6},{"damage":0,"enemies":"Transient","floor":47,"turns":5},{"damage":15,"enemies":"Maw","floor":48,"turns":5},{"damage":51,"enemies":"Jaw Worm Horde","floor":49,"turns":5},{"damage":5,"enemies":"downfall:Defect","floor":50,"turns":1}],"seed_played":"8954782284034558358","potions_obtained":[{"floor":6,"key":"Block Potion"},{"floor":13,"key":"Guardian:BlockOnCardUsePotion"},{"floor":14,"key":"sneckomod:MuddlingPotion"},{"floor":15,"key":"Energy Potion"},{"floor":31,"key":"sneckomod:MuddlingPotion"},{"floor":32,"key":"BlessingOfTheForge"},{"floor":38,"key":"Regen Potion"},{"floor":46,"key":"hexamod:InfernoChargePotion"},{"floor":47,"key":"PowerPotion"}],"is_trial":false,"path_per_floor":["R","M","?","M","?","E","T","R","?","?","M","R","M","M","M","B",null,"R","M","$","M","M","R","T","$","E","M","R","M","?","E","M","B",null,"R","M","?","M","?","$","T","M","$","E","$","M","M","M","M","B"],"character_chosen":"THE_SPIRIT","items_purchased":["Mercury Hourglass","Peace Pipe","Turnip","Gremlin Horn","Nunchaku"],"campfire_rested":1,"item_purchase_floors":[20,40,40,45,45],"current_hp_per_floor":[70,66,66,66,32,32,32,32,25,4,11,32,38,45,45,41,70,70,70,70,70,70,70,70,70,58,65,75,80,64,68,58,43,80,80,51,51,58,58,63,63,70,70,62,62,55,62,54,3,0,0,0],"gold":82,"neow_bonus":"ONE_RARE_RELIC","is_daily":false,"chose_seed":false,"campfire_upgraded":6,"win_rate":0.0,"timestamp":1608720997,"path_taken":["R","M","?","M","?","E","T","R","?","?","M","R","M","?","M","BOSS","R","M","$","M","M","R","T","$","E","M","R","M","?","E","M","BOSS","R","M","?","M","?","$","T","M","?","E","?","?","M","M","M","BOSS"],"items_purchased_type":["Relic","Relic","Relic","Relic","Relic"],"build_version":"2020-12-22","purchased_purges":3,"victory":false,"max_hp_per_floor":[70,70,70,70,70,70,70,70,70,70,70,70,70,70,70,70,70,70,70,70,70,70,70,70,70,70,70,80,80,80,80,80,80,80,80,80,80,80,80,80,80,80,80,80,80,80,80,80,80,80,80,80],"card_choices":[{"not_picked":["hexamod:HauntingEcho","hexamod:FastForward"],"picked":"hexamod:ThermalTransfer","floor":2},{"not_picked":["hexamod:ThermalTransfer","hexamod:ShieldOfDarkness"],"picked":"hexamod:Hexaguard","floor":4},{"not_picked":["hexamod:GhostShield","hexamod:HauntingEcho"],"picked":"hexamod:EmpoweredFlame","floor":5},{"not_picked":["hexamod:GhostflameInferno","hexamod:InspiringFlames"],"picked":"hexamod:GhostflameBarrier","floor":6},{"not_picked":["hexamod:NightmareGuise","hexamod:GhostShield","hexamod:ChargedBarrage"],"picked":"SKIP","floor":11},{"not_picked":["hexamod:GhostflameBarrier","hexamod:RetreatToShadows"],"picked":"hexamod:HeatMetal","floor":13},{"not_picked":["hexamod:GhostLash","hexamod:Hexaguard","hexamod:GhostShield"],"picked":"SKIP","floor":14},{"not_picked":["hexamod:Firestarter","hexamod:Hexaguard","hexamod:CatchUp"],"picked":"SKIP","floor":15},{"not_picked":["hexamod:SearingWound","hexamod:WildfireWeapon"],"picked":"hexamod:VolcanoVisage","floor":16},{"not_picked":["hexamod:GhostOfSpirePast+1","hexamod:ShieldOfDarkness","hexamod:SkipABeat+1"],"picked":"SKIP","floor":19},{"not_picked":["hexamod:BurningTouch","hexamod:Firestarter+1"],"picked":"hexamod:ThirdSeal","floor":20},{"not_picked":["hexamod:Firestarter+1","hexamod:BurningTouch","hexamod:EtherealExpedition"],"picked":"SKIP","floor":21},{"not_picked":["hexamod:GhostflameBarrier","hexamod:NightmareGuise","hexamod:ShieldOfDarkness"],"picked":"SKIP","floor":21},{"not_picked":["hexamod:SwordOfDarkness+1","hexamod:Firestarter","hexamod:StepThrough"],"picked":"SKIP","floor":22},{"not_picked":["hexamod:Firestarter","hexamod:NecessarySacrifice","hexamod:AdvancingGuard"],"picked":"SKIP","floor":22},{"not_picked":["hexamod:SpectersWail+1","hexamod:SecondSeal"],"picked":"hexamod:TurnItUp","floor":25},{"not_picked":["hexamod:ShieldOfDarkness","hexamod:GhostOfSpirePast","hexamod:EtherealExpedition"],"picked":"SKIP","floor":25},{"not_picked":["hexamod:RetreatToShadows","hexamod:NecessarySacrifice","hexamod:GhostOfSpirePresent+1"],"picked":"SKIP","floor":26},{"not_picked":["hexamod:Firestarter","hexamod:Rewind","hexamod:SpectersWail"],"picked":"SKIP","floor":26},{"not_picked":["hexamod:BurningTouch","hexamod:SwordOfDarkness+1"],"picked":"hexamod:HauntingEcho+1","floor":27},{"not_picked":["hexamod:GhostLash","hexamod:SpectersWail+1"],"picked":"hexamod:PhantomCloak","floor":27},{"not_picked":["hexamod:GhostLash","hexamod:StepThrough+1"],"picked":"hexamod:DynamicBlow","floor":29},{"not_picked":["hexamod:GhostOfSpirePresent","hexamod:Firestarter","hexamod:DynamicBlow"],"picked":"SKIP","floor":29},{"not_picked":["hexamod:HeatMetal","hexamod:SpectersWail"],"picked":"hexamod:RadiantFlame","floor":31},{"not_picked":["hexamod:UnleashSpirits","hexamod:Hexaguard","hexamod:RadiantFlame+1"],"picked":"SKIP","floor":32},{"not_picked":["hexamod:TimeWarp","hexamod:FifthSeal"],"picked":"hexamod:HexaLevel","floor":33},{"not_picked":["hexamod:HexaLevel","hexamod:ParanormalForm"],"picked":"hexamod:WildfireWeapon","floor":33},{"not_picked":["hexamod:PowerFromBeyond+1","hexamod:AdvancingGuard+1","hexamod:DynamicBlow"],"picked":"SKIP","floor":36},{"not_picked":["hexamod:GhostOfSpireFuture","hexamod:ShieldOfDarkness","hexamod:SpectersWail"],"picked":"SKIP","floor":38},{"not_picked":["hexamod:GhostShield","hexamod:FastForward"],"picked":"hexamod:InspiringFlames+1","floor":40},{"not_picked":["hexamod:Incineration","hexamod:SpectersWail","hexamod:ThermalTransfer"],"picked":"SKIP","floor":40},{"not_picked":["hexamod:NightmareStrike","hexamod:FlamesFromBeyond","hexamod:AdvancingGuard+1"],"picked":"SKIP","floor":42},{"not_picked":["hexamod:HauntingEcho+1","hexamod:GhostOfSpireFuture","hexamod:FirstSeal"],"picked":"SKIP","floor":42},{"not_picked":["hexamod:SpectersWail","hexamod:GhostOfSpireFuture","hexamod:ThermalTransfer"],"picked":"SKIP","floor":44},{"not_picked":["hexamod:FastForward","hexamod:ShieldOfDarkness"],"picked":"hexamod:GhostflameInferno","floor":46},{"not_picked":["hexamod:SecondSeal","hexamod:FirstSeal","hexamod:HauntingEcho"],"picked":"SKIP","floor":46},{"not_picked":["hexamod:NightmareStrike+1","hexamod:HeatCrush"],"picked":"hexamod:SpectralAdrenaline","floor":47},{"not_picked":["hexamod:ShieldOfDarkness+1","hexamod:SpectersWail","hexamod:CatchUp+1"],"picked":"SKIP","floor":47},{"not_picked":["hexamod:HauntingEcho+1","hexamod:SoulSteal+1","hexamod:HeatShield"],"picked":"SKIP","floor":48},{"not_picked":["hexamod:RainOfEmbers+1","hexamod:Firestarter","hexamod:FastForward+1"],"picked":"SKIP","floor":48},{"not_picked":["hexamod:Again+1","hexamod:RecurringNightmare","hexamod:HeatShield"],"picked":"SKIP","floor":49},{"not_picked":["hexamod:SpectralAdrenaline+1","hexamod:SwordOfDarkness","hexamod:InspiringFlames"],"picked":"SKIP","floor":49}],"player_experience":416619,"relics_obtained":[{"floor":6,"key":"Girya"},{"floor":7,"key":"Centennial Puzzle"},{"floor":26,"key":"The Courier"},{"floor":30,"key":"Nilry\u0027s Codex"},{"floor":31,"key":"Omamori"},{"floor":41,"key":"MawBank"},{"floor":44,"key":"Old Coin"}],"event_choices":[{"damage_healed":0,"gold_gain":0,"player_choice":"Ignored","damage_taken":0,"max_hp_gain":0,"max_hp_loss":0,"event_name":"Mysterious Sphere","floor":39,"gold_loss":0}],"is_beta":false,"boss_relics":[{"not_picked":["Cursed Key","Calling Bell"],"picked":"Coffee Dripper"},{"not_picked":["Pandora\u0027s Box","Fusion Hammer"],"picked":"Philosopher\u0027s Stone"}],"items_purged_floors":[20,40,45],"is_endless":false,"potions_floor_spawned":[6,13,14,15,16,22,26,27,31,32,38,46,47],"killed_by":"downfall:Defect","ascension_level":1}}