{"host":"x4x6fw95e6eqd4n0","time":1608711183,"event":{"mods":["AchievementEnabler","BaseMod","Colored Map","Colored Powertips","DeckTracker","Minty Spire (QoL Compilation)"],"gold_per_floor":[114,132,132,143,143,143,143,143,143,169,185,185,201,212,212,307,307,318,318,318,337,356,390,390,408,408,408,427,607,607,620,620,715,715,732,747,797,813,813,833,833,847,893,911,911,911,40,66,66,66,66],"floor_reached":50,"playtime":2579,"items_purged":["Strike_G+1"],"score":546,"play_id":"743235e4-f2b4-4456-94c2-c23d6b25ce0a","local_time":"20201223101303","is_ascension_mode":false,"campfire_choices":[{"data":"All Out Attack","floor":6.0,"key":"SMITH"},{"data":"Bane","floor":8.0,"key":"SMITH"},{"data":"Wraith Form v2","floor":15.0,"key":"SMITH"},{"data":"Bouncing Flask","floor":24.0,"key":"SMITH"},{"data":"Noxious Fumes","floor":27,"key":"SMITH"},{"data":"Noxious Fumes","floor":30,"key":"SMITH"},{"floor":32,"key":"REST"},{"floor":41,"key":"REST"},{"floor":46,"key":"REST"},{"floor":49,"key":"REST"}],"circlet_count":0,"master_deck":["Strike_G+1","Strike_G+1","Defend_G+1","Defend_G+1","Defend_G+1","Defend_G+1","Defend_G+1","Survivor+1","Neutralize","Poisoned Stab","All Out Attack+1","Bane+1","Poisoned Stab","Noxious Fumes","Noxious Fumes+1","Wraith Form v2+1","Adrenaline+1","All Out Attack+1","Bouncing Flask+1","Noxious Fumes+1","Tactician+1","Distraction+1","Terror+1","Infinite Blades+1","Envenom","Predator","Underhanded Strike+1","Burst+1","Calculated Gamble+1","Outmaneuver+1","Cloak And Dagger+1","Shame","Malaise","Tactician","Bane+1","Riddle With Holes+1","Night Terror","Cloak And Dagger+1","Violence","Unload","Footwork+1"],"relics":["Sozu","Kunai","Matryoshka","Pen Nib","Runic Pyramid","PreservedInsect","Ornamental Fan","Lantern","Cursed Key","Du-Vu Doll","War Paint","Blood Vial","Meat on the Bone","Ancient Tea Set","Orrery","Regal Pillow"],"acts_visited":["TheBeyond"],"potions_floor_usage":[],"damage_taken":[{"damage":1.0,"enemies":"Cultist","floor":1.0,"turns":4.0},{"damage":0.0,"enemies":"2 Louse","floor":2.0,"turns":3.0},{"damage":0.0,"enemies":"Small Slimes","floor":4.0,"turns":3.0},{"damage":7.0,"enemies":"Lagavulin","floor":10.0,"turns":6.0},{"damage":0.0,"enemies":"Gremlin Gang","floor":11.0,"turns":2.0},{"damage":3.0,"enemies":"2 Fungi Beasts","floor":13.0,"turns":3.0},{"damage":5.0,"enemies":"Blue Slaver","floor":14.0,"turns":3.0},{"damage":12.0,"enemies":"Slime Boss","floor":16.0,"turns":9.0},{"damage":4.0,"enemies":"Shell Parasite","floor":18.0,"turns":4.0},{"damage":5.0,"enemies":"2 Thieves","floor":21.0,"turns":3.0},{"damage":4.0,"enemies":"Shelled Parasite and Fungi","floor":22.0,"turns":4.0},{"damage":7.0,"enemies":"Book of Stabbing","floor":23.0,"turns":5.0},{"damage":0.0,"enemies":"Snecko","floor":25.0,"turns":4.0},{"damage":2,"enemies":"Chosen and Byrds","floor":28,"turns":4},{"damage":0,"enemies":"Cultist and Chosen","floor":31,"turns":4},{"damage":3,"enemies":"Collector","floor":33,"turns":7},{"damage":8,"enemies":"3 Darklings","floor":35,"turns":3},{"damage":17,"enemies":"3 Shapes","floor":36,"turns":2},{"damage":1,"enemies":"Mind Bloom Boss Battle","floor":37,"turns":6},{"damage":31,"enemies":"Writhing Mass","floor":38,"turns":5},{"damage":12,"enemies":"4 Shapes","floor":40,"turns":7},{"damage":0,"enemies":"3 Darklings","floor":42,"turns":4},{"damage":15,"enemies":"Writhing Mass","floor":44,"turns":4},{"damage":0,"enemies":"Giant Head","floor":48,"turns":5},{"damage":76,"enemies":"Donu and Deca","floor":50,"turns":8}],"seed_played":"-225007788831924967","potions_obtained":[],"is_trial":false,"path_per_floor":["M","M","?","M","?","R","?","R","T","E","M","?","M","M","R","B",null,"M","?","?","M","M","E","R","M","T","R","M","?","R","M","R","B",null,"M","M","?","M","?","M","R","M","T","M","?","R","$","E","R","B"],"character_chosen":"THE_SILENT","items_purchased":["Meat on the Bone","Ancient Tea Set","Orrery","Violence","Unload"],"campfire_rested":4,"item_purchase_floors":[47,47,47,47,47],"current_hp_per_floor":[69,69,62,62,62,62,62,62,62,55,55,41,38,33,33,21,70,66,66,66,61,57,50,50,50,50,50,48,29,29,29,50,47,70,62,45,44,13,13,1,22,22,22,9,9,30,30,44,70,0,0],"gold":66,"neow_bonus":"BOSS_RELIC","is_daily":false,"chose_seed":false,"campfire_upgraded":6,"win_rate":0.0,"timestamp":1608711183,"path_taken":["M","M","?","M","?","R","?","R","T","E","?","?","M","M","R","BOSS","M","?","?","?","M","E","R","M","T","R","M","?","R","M","R","BOSS","M","?","?","M","?","M","R","M","T","M","?","R","$","E","R","BOSS"],"items_purchased_type":["Relic","Relic","Relic","Card","Card"],"build_version":"2020-12-13","purchased_purges":1,"victory":false,"max_hp_per_floor":[70,70,70,70,70,70,70,70,70,70,70,70,70,70,70,70,70,70,70,70,70,70,70,70,70,70,70,70,70,70,70,70,70,70,70,70,70,70,70,70,70,70,70,70,70,70,70,70,70,70,70],"card_choices":[{"not_picked":["Slice","Bane"],"picked":"Poisoned Stab","floor":1.0},{"not_picked":["Heel Hook","Distraction"],"picked":"All Out Attack","floor":2.0},{"not_picked":["Blade Dance","Deadly Poison"],"picked":"Bane","floor":4.0},{"not_picked":["PiercingWail","Deadly Poison"],"picked":"Poisoned Stab","floor":10.0},{"not_picked":["Prepared","Quick Slash"],"picked":"Noxious Fumes","floor":11.0},{"not_picked":["Riddle With Holes","Deadly Poison"],"picked":"Noxious Fumes","floor":13.0},{"not_picked":["Flying Knee","Slice"],"picked":"Wraith Form v2","floor":14.0},{"not_picked":["Glass Knife","Storm of Steel"],"picked":"Adrenaline","floor":16.0},{"not_picked":["Slice","Deadly Poison"],"picked":"All Out Attack+1","floor":18.0},{"not_picked":["Acrobatics","Dodge and Roll"],"picked":"Bouncing Flask","floor":21.0},{"not_picked":["Underhanded Strike","Quick Slash+1"],"picked":"Noxious Fumes","floor":22.0},{"not_picked":["Dodge and Roll","Dagger Spray"],"picked":"Tactician","floor":23.0},{"not_picked":["Underhanded Strike","Slice"],"picked":"Distraction+1","floor":25},{"not_picked":["Well Laid Plans","Deadly Poison"],"picked":"Terror+1","floor":28},{"not_picked":["Dagger Throw","Choke"],"picked":"Infinite Blades+1","floor":31},{"not_picked":["Night Terror","Phantasmal Killer"],"picked":"Envenom","floor":33},{"not_picked":["Blade Dance","Underhanded Strike"],"picked":"Predator","floor":35},{"not_picked":["Cloak And Dagger","PiercingWail"],"picked":"Underhanded Strike+1","floor":36},{"not_picked":["PiercingWail","Blade Dance+1"],"picked":"Burst","floor":37},{"not_picked":["Dodge and Roll+1","Blade Dance"],"picked":"Calculated Gamble+1","floor":38},{"not_picked":["Terror+1","Dagger Spray+1"],"picked":"Outmaneuver+1","floor":40},{"not_picked":["Accuracy","Slice"],"picked":"Cloak And Dagger+1","floor":42},{"not_picked":["PiercingWail+1","Slice+1"],"picked":"Malaise","floor":44},{"not_picked":["Poisoned Stab","Sucker Punch"],"picked":"Tactician","floor":47},{"not_picked":["Masterful Stab+1","Dodge and Roll"],"picked":"Bane+1","floor":47},{"not_picked":["Backstab","Predator"],"picked":"Riddle With Holes+1","floor":47},{"not_picked":["Outmaneuver","Infinite Blades+1"],"picked":"Night Terror","floor":47},{"not_picked":["Masterful Stab+1","Acrobatics+1"],"picked":"Cloak And Dagger+1","floor":47},{"not_picked":["Poisoned Stab","Cloak And Dagger"],"picked":"Footwork+1","floor":48}],"player_experience":32464,"relics_obtained":[{"floor":9.0,"key":"Matryoshka"},{"floor":10.0,"key":"Pen Nib"},{"floor":23.0,"key":"PreservedInsect"},{"floor":26,"key":"Ornamental Fan"},{"floor":26,"key":"Lantern"},{"floor":37,"key":"Du-Vu Doll"},{"floor":43,"key":"War Paint"},{"floor":43,"key":"Blood Vial"},{"floor":48,"key":"Regal Pillow"}],"event_choices":[{"cards_removed":["Strike_G"],"damage_healed":0.0,"max_hp_gain":0.0,"max_hp_loss":0.0,"gold_gain":0.0,"event_name":"Golden Wing","player_choice":"Card Removal","floor":3.0,"gold_loss":0.0,"damage_taken":7.0},{"damage_healed":0.0,"max_hp_gain":0.0,"max_hp_loss":0.0,"gold_gain":0.0,"cards_transformed":["Strike_G"],"event_name":"Living Wall","player_choice":"Change","floor":5.0,"gold_loss":0.0,"damage_taken":0.0,"cards_obtained":["Slice"]},{"cards_removed":["Slice"],"damage_healed":0.0,"max_hp_gain":0.0,"max_hp_loss":0.0,"gold_gain":0.0,"event_name":"WeMeetAgain","player_choice":"Gave Card","floor":7.0,"gold_loss":0.0,"damage_taken":0.0,"relics_obtained":["Kunai"]},{"damage_healed":0.0,"max_hp_gain":0.0,"max_hp_loss":0.0,"gold_gain":0.0,"event_name":"Shining Light","player_choice":"Entered Light","floor":12.0,"gold_loss":0.0,"damage_taken":14.0,"cards_upgraded":["Defend_G","Defend_G"]},{"damage_healed":0.0,"max_hp_gain":0.0,"max_hp_loss":0.0,"gold_gain":0.0,"event_name":"Back to Basics","player_choice":"Simplicity","floor":19.0,"gold_loss":0.0,"damage_taken":0.0,"cards_upgraded":["Strike_G","Strike_G","Strike_G","Defend_G","Defend_G","Defend_G"]},{"damage_healed":0.0,"max_hp_gain":0.0,"max_hp_loss":0.0,"gold_gain":0.0,"event_name":"Upgrade Shrine","player_choice":"Upgraded","floor":20.0,"gold_loss":0.0,"damage_taken":0.0,"cards_upgraded":["Adrenaline"]},{"damage_healed":0,"gold_gain":180,"player_choice":"GOLD GOLD ","damage_taken":19,"max_hp_gain":0,"max_hp_loss":0,"event_name":"Knowing Skull","floor":29,"potions_obtained":[],"gold_loss":0,"cards_obtained":[]},{"damage_healed":0,"gold_gain":0,"player_choice":"Fight","damage_taken":0,"max_hp_gain":0,"max_hp_loss":0,"event_name":"MindBloom","floor":37,"gold_loss":0},{"damage_healed":0,"gold_gain":0,"player_choice":"Ignored","damage_taken":0,"max_hp_gain":0,"max_hp_loss":0,"event_name":"Tomb of Lord Red Mask","floor":39,"gold_loss":0},{"damage_healed":0,"gold_gain":0,"player_choice":"Upgraded","damage_taken":0,"max_hp_gain":0,"max_hp_loss":0,"event_name":"Upgrade Shrine","floor":45,"gold_loss":0,"cards_upgraded":["Burst"]}],"is_beta":false,"boss_relics":[{"not_picked":["WristBlade","Tiny House"],"picked":"Runic Pyramid"},{"not_picked":["Calling Bell","Black Star"],"picked":"Cursed Key"}],"items_purged_floors":[47],"is_endless":false,"potions_floor_spawned":[2,4,10,16,21,25,31,33,35,36,40,48],"killed_by":"Donu and Deca","ascension_level":0}}