{"host":"vfjw5z5u57sxa51v","time":1608758016,"event":{"mods":["AchievementEnabler","Act Like it!","Aspiration","Bard","BaseMod","Beaked The Cultist","Better Altar","Better Match","Better Note","Better Sensory Stone","Better Skull","Better Third Choice","BetterRewards","CCEM","Colored Map","Conspire","Downfall","GifTheSpireLib","Halation","Hallownest","Highlight Path","Hubris","Hunter ??","Infinite Spire","Jedi Mod","Jorbs\u0027s Wanderer Trilogy","Mad Scientist","Marisa????????","Minty Spire (QoL Compilation)","Permanent Neow","Replay The Spire","Shade Mod","Shop Mod","Spicy Shops","StSLib","Stuff the Spire","The Administrix","The Blackbeard","The Bug Knight","The Mystic","The Necromancer","The Runesmith","The Servant 0.9.4","The Spell Scribe","Unceasing Turn Reminder","everything is the same but u backflip on backflip"],"gold_per_floor":[119,119,131,145,145,181,207,207,233,267,267,267,325,325,325,339,339],"floor_reached":16,"playtime":1253,"items_purged":[],"score":110,"play_id":"f40b5990-1446-420e-b5d0-3d24ec43353e","local_time":"20201223221336","is_ascension_mode":false,"campfire_choices":[{"data":"Barrier","floor":12,"key":"SMITH"},{"data":"GearUp","floor":15,"key":"SMITH"}],"circlet_count":0,"master_deck":["Strike_S","Strike_S","Strike_S","Strike_S","Defend_S","Defend_S","Defend_S","Defend_S","KidneyShot+1","Exchange","GearUp+1","Contraction","MoonPhase","Barrier+1","Unruled","BottledTime"],"relics":["Uniform","Golden Idol","Replay:Bandana","Quantum Egg","aspiration:TomeofQuesting","hubris:OldNail","Darkstone Periapt","halation:EternalFortune"],"acts_visited":["Exordium"],"potions_floor_usage":[16,16],"damage_taken":[{"damage":7,"enemies":"conspire:RoseBush","floor":1,"turns":3},{"damage":0,"enemies":"Cultist","floor":3,"turns":3},{"damage":0,"enemies":"2 Louse","floor":4,"turns":2},{"damage":1,"enemies":"Replay:BlueRogue","floor":6,"turns":9},{"damage":2,"enemies":"conspire:2 RoseBushes","floor":7,"turns":7},{"damage":0,"enemies":"2 Fungi Beasts","floor":10,"turns":5},{"damage":8,"enemies":"Lagavulin","floor":13,"turns":12},{"damage":75,"enemies":"Fading Forest","floor":16,"turns":11}],"seed_played":"-3179418756861351084","potions_obtained":[{"floor":10,"key":"SpeedPotion"},{"floor":13,"key":"FearPotion"}],"is_trial":false,"path_per_floor":["M","?","M","M","?","E","M","T","T","M","?","R","E","?","R","B"],"character_chosen":"THE_SERVANT","items_purchased":[],"campfire_rested":0,"item_purchase_floors":[],"current_hp_per_floor":[58,58,58,58,58,57,55,55,55,55,52,52,44,47,47,0,0],"gold":339,"neow_bonus":"UPGRADE_CARD","is_daily":false,"chose_seed":false,"campfire_upgraded":2,"win_rate":0.0,"timestamp":1608758016,"path_taken":["M","?","M","?","?","E","M","?","T","?","?","R","E","?","R","BOSS"],"items_purchased_type":[],"build_version":"2020-12-22","purchased_purges":0,"victory":false,"max_hp_per_floor":[65,65,65,65,60,60,60,60,60,60,60,60,60,63,63,63,63],"card_choices":[{"not_picked":["DoubleEdge","Replace","Desolation"],"picked":"SKIP","floor":1},{"not_picked":["Rearm","RealityMarble"],"picked":"GearUp","floor":3},{"not_picked":["Reset","RealityMarble"],"picked":"Contraction","floor":4},{"not_picked":["ReturningBlade","Defy"],"picked":"MoonPhase","floor":6},{"not_picked":["Desolation","Replace"],"picked":"Barrier","floor":7},{"not_picked":["Sabotage","Revamp"],"picked":"Unruled","floor":10},{"not_picked":["Snipe","Shuttle"],"picked":"BottledTime","floor":13}],"player_experience":22971,"relics_obtained":[{"floor":6,"key":"Replay:Bandana"},{"floor":8,"key":"Quantum Egg"},{"floor":9,"key":"aspiration:TomeofQuesting"},{"floor":13,"key":"Darkstone Periapt"}],"event_choices":[{"damage_healed":0,"gold_gain":0,"player_choice":"Bought 0 Potions","damage_taken":0,"max_hp_gain":0,"max_hp_loss":0,"event_name":"The Woman in Blue","floor":2,"gold_loss":0},{"damage_healed":0,"gold_gain":0,"player_choice":"Lose Max HP","damage_taken":0,"relics_obtained":["Golden Idol"],"max_hp_gain":0,"max_hp_loss":5,"event_name":"Golden Idol","floor":5,"gold_loss":0},{"damage_healed":0,"gold_gain":0,"player_choice":"Relic ","damage_taken":3,"max_hp_gain":0,"max_hp_loss":0,"event_name":"betterThird:BetterScrap","floor":11,"gold_loss":0,"cards_obtained":["conspire:PoisonWeapons"]}],"is_beta":false,"boss_relics":[],"items_purged_floors":[],"is_endless":false,"potions_floor_spawned":[10,13],"killed_by":"Fading Forest","ascension_level":0}}