{"host":"Melcetto","time":1608764239,"event":{"mods":["AlwaysNeverKeys","BaseMod","Better Vampires","Colored Map","Colored Powertips","DeckTracker","Emptier Cage","Minty Spire (QoL Compilation)","Permanent Neow","Quick Restart","Random Character Button","Rare Cards Sparkle","Relic Sorter","Relic Stats","StSLib","Transform Curses"],"gold_per_floor":[209,209,42,60,5,31,42,74,125,125,157,177,177,203,203,279,279,289,204,204,33,33,62,95,129,129,158,174,190,219,219,219,296,296,306,321,336,361,406,432,450,460,486,517,532,457,457,485,485,485,485,485,485,31,62,62],"floor_reached":57,"playtime":5686,"items_purged":["Strike_R+1","Strike_R+1"],"score":3217,"play_id":"459e8652-23f7-4f76-ae08-9f26ce9619fe","local_time":"20201223175719","is_ascension_mode":true,"campfire_choices":[{"data":"Spot Weakness","floor":10,"key":"SMITH"},{"floor":13,"key":"REST"},{"data":"Inflame","floor":15,"key":"SMITH"},{"floor":32,"key":"REST"},{"floor":49,"key":"REST"},{"floor":53,"key":"REST"}],"circlet_count":0,"master_deck":["AscendersBane","Strike_R+1","Defend_R+1","Defend_R+1","Defend_R+1","Defend_R+1","Bash","Spot Weakness+1","Inflame+1","Shockwave","Battle Trance","Fiend Fire+1","Evolve+1","Sword Boomerang","Ghostly","Ghostly","Ghostly","Shrug It Off+1","Body Slam+1","Clothesline+1","True Grit+1","Corruption","True Grit+1","Shrug It Off+1","Battle Trance+1","Double Tap+1","Ghostly Armor+1","Finesse+1","Secret Weapon+1","Dual Wield+1","Havoc+1","Burning Pact+1"],"relics":["Burning Blood","Happy Flower","Sundial","Nunchaku","Boot","Dead Branch","MealTicket","Sozu","Juzu Bracelet","ClockworkSouvenir","Anchor","Red Mask","Dream Catcher","Toxic Egg 2","Regal Pillow","Champion Belt","Fusion Hammer","Magic Flower","Peace Pipe","Whetstone","Orichalcum","CaptainsWheel","Ginger","Bottled Tornado","Bottled Lightning"],"acts_visited":["Exordium","TheCity","TheBeyond","TheEnding"],"potions_floor_usage":[6,8,11,14],"damage_taken":[{"damage":7,"enemies":"Small Slimes","floor":1,"turns":4},{"damage":2,"enemies":"Cultist","floor":4,"turns":4},{"damage":25,"enemies":"3 Sentries","floor":6,"turns":7},{"damage":4,"enemies":"Jaw Worm","floor":7,"turns":4},{"damage":15,"enemies":"Lagavulin","floor":8,"turns":6},{"damage":29,"enemies":"Gremlin Nob","floor":11,"turns":4},{"damage":4,"enemies":"Looter","floor":12,"turns":3},{"damage":6,"enemies":"Lagavulin","floor":14,"turns":7},{"damage":24,"enemies":"The Guardian","floor":16,"turns":9},{"damage":0,"enemies":"Spheric Guardian","floor":18,"turns":1},{"damage":11,"enemies":"Book of Stabbing","floor":23,"turns":4},{"damage":1,"enemies":"Masked Bandits","floor":24,"turns":2},{"damage":6,"enemies":"Slavers","floor":25,"turns":5},{"damage":3,"enemies":"Book of Stabbing","floor":27,"turns":3},{"damage":0,"enemies":"Chosen","floor":28,"turns":3},{"damage":1,"enemies":"Centurion and Healer","floor":29,"turns":7},{"damage":2,"enemies":"Slavers","floor":30,"turns":3},{"damage":7,"enemies":"Automaton","floor":33,"turns":6},{"damage":3,"enemies":"3 Darklings","floor":35,"turns":3},{"damage":0,"enemies":"3 Shapes","floor":36,"turns":3},{"damage":0,"enemies":"Transient","floor":37,"turns":6},{"damage":0,"enemies":"Mind Bloom Boss Battle","floor":38,"turns":4},{"damage":0,"enemies":"2 Orb Walkers","floor":39,"turns":2},{"damage":0,"enemies":"Giant Head","floor":40,"turns":2},{"damage":0,"enemies":"Spire Growth","floor":41,"turns":4},{"damage":22,"enemies":"Sphere and 2 Shapes","floor":42,"turns":4},{"damage":0,"enemies":"Reptomancer","floor":44,"turns":3},{"damage":0,"enemies":"4 Shapes","floor":45,"turns":4},{"damage":1,"enemies":"Giant Head","floor":48,"turns":4},{"damage":30,"enemies":"Awakened One","floor":50,"turns":7},{"damage":10,"enemies":"Donu and Deca","floor":51,"turns":4},{"damage":2,"enemies":"Shield and Spear","floor":55,"turns":1},{"damage":21,"enemies":"The Heart","floor":56,"turns":7}],"seed_played":"-8402049491832554881","potions_obtained":[{"floor":1,"key":"AttackPotion"},{"floor":7,"key":"Explosive Potion"},{"floor":8,"key":"SmokeBomb"},{"floor":11,"key":"Dexterity Potion"}],"is_trial":false,"path_per_floor":["M","?","$","M","$","E","M","E","T","R","E","M","R","E","R","B",null,"M","?","?","$","?","E","?","E","T","E","M","M","E","?","R","B",null,"M","M","M","?","?","E","M","M","T","E","M","$","?","E","R","B","B",null,"R","$","E","B",null],"character_chosen":"IRONCLAD","items_purchased":["Happy Flower","SteroidPotion","ClockworkSouvenir","Bottled Tornado","Burning Pact+1"],"campfire_rested":4,"item_purchase_floors":[3,5,21,54,54],"current_hp_per_floor":[67,67,67,71,71,52,54,45,45,45,22,24,46,46,46,28,63,69,69,69,75,37,32,37,37,37,37,37,37,37,37,37,36,37,37,37,37,37,37,37,37,24,24,33,37,37,27,35,37,16,15,32,37,37,37,25],"gold":62,"neow_bonus":"HUNDRED_GOLD","is_daily":false,"chose_seed":false,"campfire_upgraded":2,"win_rate":0.0,"timestamp":1608764239,"path_taken":["M","?","$","M","$","E","M","E","T","R","E","M","R","E","R","BOSS","M","?","?","$","?","E","?","E","T","E","M","M","E","?","R","BOSS","M","M","M","?","?","E","M","M","T","E","M","$","?","E","R","BOSS","BOSS","R","$","E","BOSS"],"items_purchased_type":["Relic","Potion","Relic","Relic","Card"],"build_version":"2020-12-18","purchased_purges":2,"victory":true,"max_hp_per_floor":[75,75,75,75,75,75,75,75,75,75,75,75,75,75,75,75,75,75,75,75,75,37,37,37,37,37,37,37,37,37,37,37,37,37,37,37,37,37,37,37,37,37,37,37,37,37,37,37,37,37,37,37,37,37,37,37],"relic_stats":{"Regal Pillow":0,"Happy Flower":[45],"counters":[33,140],"Dead Branch":[439],"Magic Flower":[18],"Juzu Bracelet":1,"Whetstone":["Fiend Fire","Body Slam"],"Ginger":[2],"Orichalcum":[0],"Boot":[45],"Burning Blood":153,"Sozu":8,"Peace Pipe":2,"Nunchaku":[23],"Dream Catcher":3,"Sundial":[14],"MealTicket":6,"Champion Belt":[42],"obtain_stats":[{"Regal Pillow":27,"Magic Flower":38,"Juzu Bracelet":19,"Whetstone":40,"Ginger":48,"Bottled Tornado":54,"Boot":9,"Burning Blood":0,"ClockworkSouvenir":21,"Sozu":17,"Nunchaku":8,"Dream Catcher":25,"Sundial":6,"MealTicket":14,"Fusion Hammer":34,"Red Mask":24,"Toxic Egg 2":26,"Happy Flower":3,"Dead Branch":11,"Orichalcum":43,"Peace Pipe":39,"Anchor":23,"CaptainsWheel":44,"Champion Belt":30,"Bottled Lightning":55},{"Regal Pillow":14,"Magic Flower":22,"Juzu Bracelet":10,"Whetstone":24,"Ginger":29,"Bottled Tornado":31,"Boot":5,"Burning Blood":0,"ClockworkSouvenir":10,"Sozu":9,"Nunchaku":5,"Dream Catcher":13,"Sundial":3,"MealTicket":8,"Fusion Hammer":18,"Red Mask":12,"Toxic Egg 2":13,"Happy Flower":1,"Dead Branch":6,"Orichalcum":26,"Peace Pipe":23,"Anchor":11,"CaptainsWheel":27,"Champion Belt":17,"Bottled Lightning":32},{"Regal Pillow":63,"Magic Flower":98,"Juzu Bracelet":49,"Whetstone":102,"Ginger":121,"Bottled Tornado":132,"Boot":25,"Burning Blood":0,"ClockworkSouvenir":49,"Sozu":48,"Nunchaku":25,"Dream Catcher":60,"Sundial":15,"MealTicket":39,"Fusion Hammer":82,"Red Mask":55,"Toxic Egg 2":60,"Happy Flower":4,"Dead Branch":29,"Orichalcum":110,"Peace Pipe":100,"Anchor":53,"CaptainsWheel":113,"Champion Belt":76,"Bottled Lightning":133}]},"card_choices":[{"not_picked":["Flame Barrier","Havoc"],"picked":"Spot Weakness","floor":1},{"not_picked":["Warcry","True Grit","Bloodletting"],"picked":"SKIP","floor":4},{"not_picked":["Shrug It Off","Clothesline"],"picked":"Shockwave","floor":6},{"not_picked":["Thunderclap","Seeing Red","Heavy Blade"],"picked":"SKIP","floor":7},{"not_picked":["Rupture","Dark Embrace"],"picked":"Battle Trance","floor":8},{"not_picked":["Rupture","Cleave","Perfected Strike"],"picked":"SKIP","floor":11},{"not_picked":["Perfected Strike","Pommel Strike","Rage"],"picked":"SKIP","floor":12},{"not_picked":["Combust","Thunderclap","Sever Soul"],"picked":"SKIP","floor":14},{"not_picked":["Double Tap","Barricade"],"picked":"Fiend Fire","floor":16},{"not_picked":["Pommel Strike","Blood for Blood"],"picked":"Evolve+1","floor":18},{"not_picked":["Cleave","Dropkick","Infernal Blade"],"picked":"SKIP","floor":23},{"not_picked":["Fire Breathing","Clash","Flex"],"picked":"SKIP","floor":25},{"not_picked":["Spot Weakness+1","Armaments+1"],"picked":"Shrug It Off+1","floor":27},{"not_picked":["Sword Boomerang","Body Slam","Sever Soul"],"picked":"SKIP","floor":28},{"not_picked":["Sword Boomerang","Sever Soul"],"picked":"Body Slam","floor":28},{"not_picked":["Thunderclap+1","Dropkick"],"picked":"Clothesline+1","floor":29},{"not_picked":["Bludgeon","Intimidate+1"],"picked":"True Grit+1","floor":30},{"not_picked":["Brutality","Barricade"],"picked":"Corruption","floor":33},{"not_picked":["Second Wind+1","Ghostly Armor+1"],"picked":"True Grit+1","floor":35},{"not_picked":["Searing Blow","Reckless Charge","Clash"],"picked":"SKIP","floor":36},{"not_picked":["True Grit+1","Dual Wield+1"],"picked":"Shrug It Off+1","floor":37},{"not_picked":["Thunderclap+1","Body Slam"],"picked":"Battle Trance+1","floor":38},{"not_picked":["Thunderclap","Sword Boomerang","Anger+1"],"picked":"SKIP","floor":40},{"not_picked":["Perfected Strike","Intimidate+1"],"picked":"Double Tap+1","floor":41},{"not_picked":["Fire Breathing+1","Wild Strike+1","Carnage"],"picked":"SKIP","floor":42},{"not_picked":["Fire Breathing+1","Wild Strike+1","Carnage"],"picked":"SKIP","floor":42},{"not_picked":["Evolve","Uppercut","Anger"],"picked":"SKIP","floor":44},{"not_picked":["Body Slam+1","Perfected Strike"],"picked":"Ghostly Armor+1","floor":45},{"not_picked":["Enlightenment+1","Dramatic Entrance"],"picked":"Finesse+1","floor":47},{"not_picked":["PanicButton+1","Purity+1"],"picked":"Secret Weapon+1","floor":47},{"not_picked":["Whirlwind+1","Searing Blow"],"picked":"Dual Wield+1","floor":48},{"not_picked":["Pommel Strike","Armaments+1"],"picked":"Havoc+1","floor":53},{"not_picked":["Metallicize","Perfected Strike+1","Corruption"],"picked":"SKIP","floor":55}],"player_experience":18773527,"relics_obtained":[{"floor":6,"key":"Sundial"},{"floor":8,"key":"Nunchaku"},{"floor":9,"key":"Boot"},{"floor":11,"key":"Dead Branch"},{"floor":14,"key":"MealTicket"},{"floor":23,"key":"Anchor"},{"floor":24,"key":"Red Mask"},{"floor":25,"key":"Dream Catcher"},{"floor":26,"key":"Toxic Egg 2"},{"floor":27,"key":"Regal Pillow"},{"floor":30,"key":"Champion Belt"},{"floor":38,"key":"Magic Flower"},{"floor":39,"key":"Peace Pipe"},{"floor":40,"key":"Whetstone"},{"floor":43,"key":"Orichalcum"},{"floor":44,"key":"CaptainsWheel"},{"floor":48,"key":"Ginger"},{"floor":55,"key":"Bottled Lightning"}],"event_choices":[{"damage_healed":0,"gold_gain":0,"cards_transformed":["Strike_R"],"player_choice":"Change","damage_taken":0,"max_hp_gain":0,"max_hp_loss":0,"event_name":"Living Wall","floor":2,"gold_loss":0,"cards_obtained":["Inflame"]},{"damage_healed":0,"gold_gain":0,"player_choice":"Obtained Relic","damage_taken":0,"relics_obtained":["Juzu Bracelet"],"max_hp_gain":0,"max_hp_loss":0,"event_name":"Addict","floor":19,"gold_loss":85},{"damage_healed":0,"gold_gain":0,"cards_transformed":["Strike_R"],"player_choice":"Transformed","damage_taken":0,"max_hp_gain":0,"max_hp_loss":0,"event_name":"Transmorgrifier","floor":20,"gold_loss":0,"cards_obtained":["Sword Boomerang"]},{"damage_healed":0,"gold_gain":0,"player_choice":"Became a Ghost","damage_taken":0,"max_hp_gain":0,"max_hp_loss":38,"event_name":"Ghosts","floor":22,"gold_loss":0,"cards_obtained":["Ghostly","Ghostly","Ghostly"]},{"damage_healed":0,"gold_gain":0,"player_choice":"Fought Bandits","damage_taken":0,"max_hp_gain":0,"max_hp_loss":0,"event_name":"Masked Bandits","floor":24,"gold_loss":0},{"damage_healed":0,"gold_gain":0,"player_choice":"Simplicity","damage_taken":0,"max_hp_gain":0,"max_hp_loss":0,"event_name":"Back to Basics","floor":31,"gold_loss":0,"cards_upgraded":["Strike_R","Strike_R","Strike_R","Defend_R","Defend_R","Defend_R","Defend_R"]},{"damage_healed":0,"gold_gain":0,"player_choice":"Fight","damage_taken":0,"max_hp_gain":0,"max_hp_loss":0,"event_name":"MindBloom","floor":38,"gold_loss":0},{"damage_healed":0,"gold_gain":0,"player_choice":"Fight","damage_taken":0,"max_hp_gain":0,"max_hp_loss":0,"event_name":"Mysterious Sphere","floor":39,"gold_loss":0},{"damage_healed":0,"gold_gain":0,"player_choice":"Memory 3","damage_taken":10,"max_hp_gain":0,"max_hp_loss":0,"event_name":"SensoryStone","floor":47,"gold_loss":0}],"is_beta":true,"boss_relics":[{"not_picked":["Black Star","Runic Cube"],"picked":"Sozu"},{"not_picked":["Mark of Pain","Runic Pyramid"],"picked":"Fusion Hammer"}],"items_purged_floors":[46,54],"is_endless":false,"potions_floor_spawned":[1,7,8,11,24,27,28,30,33,35,37,48],"ascension_level":20}}