{"host":"yajbwjoofeeg2olc","time":1608726475,"event":{"mods":["AchievementEnabler","Aspiration","Bard","BaseMod","Beaked The Cultist","Better Altar","Better Match","Better Note","Better Sensory Stone","Better Skull","Better Third Choice","BetterRewards","CCEM","Clockwork Mod","Colored Map","Conspire","GifTheSpireLib","Gremlin Mod","Halation","Hermit","Highlight Path","Hubris","Hunter ??","Jorbs\u0027s Wanderer Trilogy","Mad Scientist","Mimic Mod","Minty Spire (QoL Compilation)","Permanent Neow","Replay The Spire","Shade Mod","Shop Mod","Spicy Shops","StSLib","Stuff the Spire","The Administrix","The Alterego","The Animator","The Construct","The Cursed","The Death Knight","The Disciple","The Exalted","The Forsaken","The Mystic","The Necromancer","The Problem Sleuth","The Runesmith","The Spell Scribe","The Witch","TheHero"],"gold_per_floor":[119,137,137,147,167,197,197,197,197,44,54,54,79,79,79,181,181,194,194,207,207,207],"floor_reached":21,"playtime":1454,"items_purged":[],"score":179,"play_id":"e6a6804e-64b7-4f66-be4b-19cbfafa28c4","local_time":"20201223122755","is_ascension_mode":false,"campfire_choices":[{"data":"Bromod:Flow","floor":7,"key":"SMITH"},{"floor":12,"key":"REST"},{"data":"Bromod:SteelFiber","floor":15,"key":"SMITH"}],"circlet_count":0,"master_deck":["Bromod:Strike_Bro","Bromod:Strike_Bro","Bromod:Strike_Bro","Bromod:Defend_Bro","Bromod:Defend_Bro","Bromod:Defend_Bro","Bromod:Defend_Bro","Bromod:SlashDash","Bromod:SlashDash","Bromod:SlashDash","Bromod:Flow+1","Bromod:OrganShatter","Bromod:KillingBlow","Bromod:Reflection","Bromod:NorthWind","Bromod:DriftingContact","Bromod:SteelFiber+1","Bromod:CollisionForce","Bromod:ArchwingLauncher"],"relics":["Bromod:Ordis","Bromod:AscarisDevice","aspiration:FrozenJewel","HornCleat","Lantern","Odd Mushroom","hubris:Towel","SlaversCollar","Bromod:DecayingDragonKey","Bromod:ExtinguishedDragonKey"],"acts_visited":["Exordium","TheCity"],"potions_floor_usage":[16,18,21],"damage_taken":[{"damage":0,"enemies":"Cultist","floor":1,"turns":4},{"damage":0,"enemies":"2 Louse","floor":2,"turns":2},{"damage":0,"enemies":"Small Slimes","floor":4,"turns":3},{"damage":0,"enemies":"Looter","floor":5,"turns":3},{"damage":35,"enemies":"Lagavulin","floor":6,"turns":6},{"damage":0,"enemies":"3 Louse","floor":11,"turns":3},{"damage":2,"enemies":"The Mushroom Lair","floor":13,"turns":4},{"damage":21,"enemies":"Fading Forest","floor":16,"turns":11},{"damage":0,"enemies":"Shell Parasite","floor":18,"turns":5},{"damage":13,"enemies":"3 Byrds","floor":20,"turns":8},{"damage":70,"enemies":"3 Cultists","floor":21,"turns":8}],"seed_played":"-3783906037226045500","potions_obtained":[{"floor":2,"key":"BlessingOfTheForge"},{"floor":5,"key":"SpeedPotion"},{"floor":11,"key":"ColorlessPotion"},{"floor":16,"key":"SkillPotion"},{"floor":18,"key":"Dexterity Potion"}],"is_trial":false,"path_per_floor":["M","M","?","M","M","E","R","?","T","$","M","R","?","?","R","B",null,"M","?","M","M"],"character_chosen":"THE_EXALTED","items_purchased":["Lantern"],"campfire_rested":1,"item_purchase_floors":[10],"current_hp_per_floor":[75,75,75,75,75,40,40,33,33,33,33,55,53,53,53,46,75,75,75,62,0,0],"gold":207,"neow_bonus":"ONE_RANDOM_RARE_CARD","is_daily":false,"chose_seed":false,"campfire_upgraded":2,"win_rate":0.0,"timestamp":1608726475,"path_taken":["M","?","?","M","M","E","R","?","T","$","?","R","?","?","R","BOSS","M","?","M","M"],"items_purchased_type":["Relic"],"build_version":"2020-12-22","purchased_purges":0,"victory":false,"max_hp_per_floor":[75,75,75,75,75,75,75,75,75,75,75,75,75,75,75,75,75,75,75,75,75,75],"card_choices":[{"not_picked":["Bromod:QuickDraw","Bromod:BulletJump"],"picked":"Bromod:OrganShatter","floor":1},{"not_picked":["Bromod:SlashDash","Bromod:PointBlank"],"picked":"Bromod:KillingBlow","floor":2},{"not_picked":["Bromod:Serration","Bromod:QuickDraw"],"picked":"Bromod:Reflection","floor":4},{"not_picked":["Bromod:QuickDraw","Bromod:PointStrike"],"picked":"Bromod:NorthWind","floor":5},{"not_picked":["Bromod:NorthWind","Bromod:QuickDraw"],"picked":"Bromod:DriftingContact","floor":6},{"not_picked":["Bromod:PressurePoint","Bromod:FormaBlueprint","Bromod:Reflection"],"picked":"SKIP","floor":11},{"not_picked":["Bromod:KillingBlow","Bromod:BulletJump"],"picked":"Bromod:SteelFiber","floor":13},{"not_picked":["Bromod:VitalSense","Bromod:LifeStrike"],"picked":"Bromod:CollisionForce","floor":16},{"not_picked":["Bromod:PressurePoint","Bromod:Stormbringer"],"picked":"Bromod:ArchwingLauncher","floor":18},{"not_picked":["Bromod:ShatteringImpact","Bromod:BodyCount","Bromod:HornetStrike"],"picked":"SKIP","floor":20}],"player_experience":255364,"relics_obtained":[{"floor":6,"key":"aspiration:FrozenJewel"},{"floor":9,"key":"HornCleat"},{"floor":13,"key":"Odd Mushroom"}],"event_choices":[{"damage_healed":0,"gold_gain":0,"player_choice":"Damaged","damage_taken":7,"max_hp_gain":0,"max_hp_loss":0,"event_name":"Wheel of Change","floor":8,"gold_loss":0},{"damage_healed":0,"gold_gain":0,"player_choice":"Fought Mushrooms","damage_taken":0,"max_hp_gain":0,"max_hp_loss":0,"event_name":"Mushrooms","floor":13,"gold_loss":0}],"is_beta":false,"boss_relics":[{"not_picked":["halation:SmartPhone","Pandora\u0027s Box"],"picked":"SlaversCollar"}],"items_purged_floors":[],"is_endless":false,"potions_floor_spawned":[2,5,11,13,16,18],"killed_by":"3 Cultists","ascension_level":0}}