{"host":"k653q14gphaoox56","time":1608700547,"event":{"mods":["BaseMod","Colored Map","Conspire","DeckTracker","Hermit","Hubris","Infinite Spire","Minty Spire (QoL Compilation)","Replay The Spire","StSLib","The Construct","The Cursed","The Disciple","The Hierophant","The Necromancer","The Poker Player","The Runesmith","The Servant 0.9.4"],"gold_per_floor":[119,119,139,162,175,204,204,204,204,222,246,246,246,273,289,302,302,398,398,415,397,416,466,466,466,466],"floor_reached":25,"playtime":1855,"items_purged":[],"score":213,"play_id":"7f88e93a-1089-4f20-9b42-9380a1c36351","local_time":"20201223001547","is_ascension_mode":false,"campfire_choices":[{"floor":7,"key":"REST"},{"floor":12,"key":"REST"},{"floor":17,"key":"REST"}],"circlet_count":0,"master_deck":["Strike_R","Strike_R","Strike_R","Strike_R","Strike_R","Defend_R","Defend_R","Defend_R","Defend_R","Bash","Pommel Strike","Inflame","Dual Wield","Wild Strike","Fire Breathing","Pommel Strike","Iron Wave","Armaments","infinitespire:UltimateForm","Wild Strike","Dropkick","Dropkick","Flex","Exhume","Inflame","Replay:Undeath\u0027s Touch+1","Rage","ReplayTheSpireMod:Splinters","Evolve+1","hubris:InfiniteBlow"],"relics":["Burning Blood","NeowsBlessing","Dream Catcher","Pet Ghost","Red Skull","hubris:KleinBottle","Strawberry","hubris:VirtuousBlindfold","Self Forming Clay"],"acts_visited":["Exordium","TheCity"],"potions_floor_usage":[18,18,18,21,25,25,25],"damage_taken":[{"damage":0,"enemies":"Small Slimes","floor":1,"turns":1},{"damage":0,"enemies":"Jaw Worm","floor":3,"turns":1},{"damage":0,"enemies":"Cultist","floor":5,"turns":1},{"damage":60,"enemies":"Lagavulin","floor":6,"turns":7},{"damage":11,"enemies":"Lots of Slimes","floor":10,"turns":4},{"damage":10,"enemies":"Replay:BlueRogue","floor":14,"turns":8},{"damage":19,"enemies":"Exordium Thugs","floor":15,"turns":5},{"damage":15,"enemies":"conspire:2 RoseBushes","floor":16,"turns":3},{"damage":4,"enemies":"Slime Boss","floor":18,"turns":7},{"damage":19,"enemies":"Spheric Guardian","floor":20,"turns":4},{"damage":10,"enemies":"2 Thieves","floor":21,"turns":4},{"damage":43,"enemies":"Cultist and Chosen","floor":22,"turns":7},{"damage":36,"enemies":"Nightmare","floor":25,"turns":5}],"seed_played":"-262336657954759488","potions_obtained":[{"floor":5,"key":"Dexterity Potion"},{"floor":6,"key":"Swift Potion"},{"floor":10,"key":"Swift Potion"},{"floor":18,"key":"ColorlessPotion"},{"floor":20,"key":"SpeedPotion"},{"floor":21,"key":"Weak Potion"},{"floor":22,"key":"FearPotion"},{"floor":23,"key":"Reflective Coating"}],"is_trial":false,"path_per_floor":["M","?","M","T","M","E","R","PTL","PTL","M","T","R","$","E","M","M","R","B",null,"M","M","M","?","AVR","NM"],"character_chosen":"IRONCLAD","items_purchased":["hubris:KleinBottle"],"campfire_rested":3,"item_purchase_floors":[13],"current_hp_per_floor":[80,80,80,80,80,26,50,50,50,45,45,69,50,53,40,31,57,59,87,74,70,33,33,33,0,0],"gold":466,"neow_bonus":"THREE_ENEMY_KILL","is_daily":false,"chose_seed":false,"campfire_upgraded":0,"win_rate":0.0,"timestamp":1608700547,"path_taken":["M","?","M","?","?","E","R","PTL","PTL","M","T","R","?","E","?","M","R","BOSS","M","?","M","?","AVR","NM"],"items_purchased_type":["Relic"],"build_version":"2020-12-22","purchased_purges":0,"victory":false,"max_hp_per_floor":[80,80,80,80,80,80,80,80,80,80,80,80,80,87,87,87,87,87,87,87,87,87,87,87,87,87],"card_choices":[{"not_picked":["Ghostly Armor","Reckless Charge"],"picked":"Pommel Strike","floor":1},{"not_picked":["Body Slam","Reckless Charge"],"picked":"Dual Wield","floor":3},{"not_picked":["Headbutt","Cleave"],"picked":"Wild Strike","floor":5},{"not_picked":["Feed","Anger"],"picked":"Fire Breathing","floor":6},{"not_picked":["ReplayTheSpireMod:Stacked","Shockwave"],"picked":"Pommel Strike","floor":7},{"not_picked":["Clothesline","Shockwave"],"picked":"Iron Wave","floor":10},{"not_picked":["Ghostly Armor","Run Through"],"picked":"Armaments","floor":12},{"not_picked":["ReplayTheSpireMod:??????????????????????","infinitespire:Oblivion"],"picked":"infinitespire:UltimateForm","floor":13},{"not_picked":["True Grit","Brutality"],"picked":"Wild Strike","floor":14},{"not_picked":["Replay:Undeath\u0027s Touch","Burning Pact"],"picked":"Dropkick","floor":15},{"not_picked":["Dark Embrace","Disarm"],"picked":"Dropkick","floor":16},{"not_picked":["Pommel Strike","Perfected Strike"],"picked":"Flex","floor":17},{"not_picked":["conspire:Purge","Hemogenesis"],"picked":"Exhume","floor":18},{"not_picked":["Carnage","True Grit+1"],"picked":"Inflame","floor":20},{"not_picked":["Clothesline+1","Body Slam"],"picked":"Replay:Undeath\u0027s Touch+1","floor":21},{"not_picked":["Thunderclap","Iron Wave"],"picked":"Rage","floor":22},{"not_picked":["Iron Wave","Disarm+1"],"picked":"Evolve+1","floor":23}],"player_experience":87171,"relics_obtained":[{"floor":4,"key":"Dream Catcher"},{"floor":6,"key":"Pet Ghost"},{"floor":11,"key":"Red Skull"},{"floor":14,"key":"Strawberry"},{"floor":23,"key":"Self Forming Clay"}],"event_choices":[],"is_beta":false,"boss_relics":[{"not_picked":["Ectoplasm","hubris:CrackedHourglass"],"picked":"hubris:VirtuousBlindfold"}],"items_purged_floors":[],"is_endless":false,"potions_floor_spawned":[5,6,10,18,20,21,22],"killed_by":"Nightmare","ascension_level":0}}