{"host":"sdjng9zhqonqi3uc","time":1608731397,"event":{"mods":["2.2 Compatiblity","AchievementEnabler","BaseMod","BetterRewards","Colored Powertips","Hero for Fun","Minty Spire (QoL Compilation)","StSLib","Td1madao Mod","The Animator","The Cursed","The Servant 0.9.4"],"gold_per_floor":[132,132,145,168,211,221,237,247,247,278,278,278,278,288,288,414,414,436,455,455,481,481,481,481,503,503,503,514,134,134,169,169,169,169],"floor_reached":33,"playtime":5894,"items_purged":["animator:Defend"],"score":295,"play_id":"e4af6ce0-3301-41e3-8c9c-f3aa518c479f","local_time":"20201223144957","is_ascension_mode":false,"campfire_choices":[{"floor":12.0,"key":"REST"},{"data":"animator:Melzalgald","floor":15,"key":"SMITH"},{"data":"animator:PandorasActor","floor":23,"key":"SMITH"},{"floor":30,"key":"REST"},{"data":"animator:Sloth","floor":32,"key":"SMITH"}],"circlet_count":0,"master_deck":["animator:Strike_Konosuba","animator:Defend_Konosuba","animator:Strike+1","animator:Kazuma","animator:Aqua","animator:GuildGirl","animator:Melzalgald+1","animator:Eve","animator:Shuna","animator:Vanir","animator:Wiz","animator:Benimaru","animator:Darkness","Regret","animator:Priestess","animator:GoblinSlayer","animator:HighElfArcher","animator:PandorasActor+1","animator:Witch","animator:Witch","animator:Hans","animator:Sloth+1","animator:Albedo","animator:Kaijin"],"relics":["animator:VividPicture","animator:TheMissingPiece","animator:PurgingStone","Mercury Hourglass","Vajra","NlothsMask","Red Skull","Charon\u0027s Ashes","Shuriken"],"acts_visited":["Exordium","TheCity"],"potions_floor_usage":[16,16,21,25,25,33],"damage_taken":[{"damage":5.0,"enemies":"Jaw Worm","floor":1.0,"turns":5.0},{"damage":0.0,"enemies":"Cultist","floor":3.0,"turns":4.0},{"damage":0.0,"enemies":"2 Louse","floor":4.0,"turns":2.0},{"damage":15.0,"enemies":"Lots of Slimes","floor":5.0,"turns":7.0},{"damage":12.0,"enemies":"Exordium Wildlife","floor":6.0,"turns":3.0},{"damage":23.0,"enemies":"Gremlin Gang","floor":7.0,"turns":4.0},{"damage":0.0,"enemies":"Large Slime","floor":8.0,"turns":4.0},{"damage":5.0,"enemies":"3 Louse","floor":10.0,"turns":3.0},{"damage":4.0,"enemies":"Lots of Slimes","floor":14.0,"turns":2.0},{"damage":0,"enemies":"Slime Boss","floor":16,"turns":8},{"damage":18,"enemies":"3 Byrds","floor":18,"turns":5},{"damage":23,"enemies":"2 Thieves","floor":19,"turns":3},{"damage":8,"enemies":"3 Cultists","floor":21,"turns":4},{"damage":6,"enemies":"Sentry and Sphere","floor":25,"turns":4},{"damage":4,"enemies":"Snecko","floor":28,"turns":3},{"damage":7,"enemies":"Snake Plant","floor":31,"turns":5},{"damage":31,"enemies":"Collector","floor":33,"turns":5}],"seed_played":"7388266469127393791","potions_obtained":[{"floor":3.0,"key":"Dexterity Potion"},{"floor":8.0,"key":"SpeedPotion"},{"floor":10.0,"key":"Dexterity Potion"},{"floor":13.0,"key":"Fruit Juice"},{"floor":13.0,"key":"AttackPotion"},{"floor":13.0,"key":"Energy Potion"},{"floor":14,"key":"DistilledChaos"},{"floor":19,"key":"DuplicationPotion"},{"floor":21,"key":"Dexterity Potion"}],"is_trial":false,"path_per_floor":["M","?","M","M","M","M","M","M","T","M","?","R","?","M","R","B",null,"M","M","?","M","?","R","?","M","T","?","M","$","R","M","R","B"],"character_chosen":"THE_ANIMATOR","items_purchased":["Shuriken","Explosive Potion"],"campfire_rested":2,"item_purchase_floors":[29,29],"current_hp_per_floor":[57,57,59,59,46,37,16,19,19,16,16,34,39,35,35,37,67,49,28,28,22,22,22,22,18,18,18,14,14,34,29,29,0,0],"gold":169,"neow_bonus":"TRANSFORM_TWO_CARDS","is_daily":false,"chose_seed":false,"campfire_upgraded":3,"win_rate":0.0,"timestamp":1608731397,"path_taken":["M","?","M","M","M","M","M","M","T","?","?","R","?","M","R","BOSS","M","?","?","?","?","R","?","M","T","?","M","$","R","M","R","BOSS"],"items_purchased_type":["Relic","Potion"],"build_version":"2020-12-22","purchased_purges":1,"victory":false,"max_hp_per_floor":[60,60,60,60,60,61,61,62,62,62,62,62,67,67,67,67,67,67,67,67,67,67,67,67,67,67,67,67,67,67,67,67,67,67],"card_choices":[{"not_picked":["animator:Kazuma","animator:Cocytus"],"picked":"animator:Melzalgald","floor":1.0},{"not_picked":["animator:Scar","animator:Genos","animator:Fredrika"],"picked":"SKIP","floor":3.0},{"not_picked":["animator:RoyMustang","animator:Genos"],"picked":"animator:Shuna","floor":4.0},{"not_picked":["animator:YunYun","animator:Kazuma"],"picked":"animator:Vanir","floor":5.0},{"not_picked":["animator:Kazuma","animator:Demiurge"],"picked":"animator:Wiz","floor":6.0},{"not_picked":["animator:LizardPriest","animator:Ara","animator:SayakaMiki"],"picked":"SKIP","floor":7.0},{"not_picked":["animator:LizardPriest","animator:Ara","animator:SayakaMiki"],"picked":"SKIP","floor":7.0},{"not_picked":["animator:Entoma","animator:Kazuma"],"picked":"animator:Benimaru","floor":8.0},{"not_picked":["animator:Kazuma","animator:Aqua"],"picked":"animator:Darkness","floor":10.0},{"not_picked":["animator:Kazuma","animator:Millim"],"picked":"animator:Priestess","floor":14},{"not_picked":["animator:Eve","animator:Eris"],"picked":"animator:GoblinSlayer","floor":16},{"not_picked":["animator:Genos","animator:Vanir"],"picked":"animator:HighElfArcher","floor":18},{"not_picked":["animator:Vesta+1","animator:KyokoSakura"],"picked":"animator:PandorasActor","floor":19},{"not_picked":["animator:Spearman","animator:Priestess"],"picked":"animator:Witch","floor":21},{"not_picked":["animator:Aqua","animator:Pride"],"picked":"animator:Sloth","floor":25},{"not_picked":["animator:LizardPriest","animator:Ain"],"picked":"animator:Albedo","floor":28},{"not_picked":["animator:SilverFang","animator:Vesta"],"picked":"animator:Kaijin","floor":31}],"player_experience":219799,"relics_obtained":[{"floor":9.0,"key":"Mercury Hourglass"}],"event_choices":[{"damage_healed":0.0,"max_hp_gain":0.0,"max_hp_loss":0.0,"gold_gain":0.0,"event_name":"Match and Keep!","player_choice":"1 cards matched","floor":2.0,"gold_loss":0.0,"damage_taken":0.0,"cards_obtained":["animator:Eve"]},{"damage_healed":0.0,"max_hp_gain":0.0,"max_hp_loss":0.0,"gold_gain":0.0,"event_name":"Big Fish","player_choice":"Box","floor":11.0,"gold_loss":0.0,"damage_taken":0.0,"relics_obtained":["Vajra"],"cards_obtained":["Regret"]},{"damage_healed":0.0,"max_hp_gain":0.0,"max_hp_loss":0.0,"gold_gain":0.0,"event_name":"Lab","player_choice":"Got Potions","floor":13.0,"gold_loss":0.0,"damage_taken":0.0},{"damage_healed":0,"gold_gain":0,"player_choice":"Trade","damage_taken":0,"relics_obtained":["NlothsMask"],"max_hp_gain":0,"max_hp_loss":0,"event_name":"FaceTrader","floor":20,"gold_loss":0},{"damage_healed":0,"gold_gain":0,"player_choice":"Opened","damage_taken":0,"relics_obtained":["Red Skull"],"max_hp_gain":0,"max_hp_loss":0,"event_name":"The Mausoleum","floor":22,"gold_loss":0},{"damage_healed":0,"gold_gain":0,"cards_transformed":["animator:Strike","animator:Defend"],"player_choice":"Became Test Subject","damage_taken":0,"max_hp_gain":0,"max_hp_loss":0,"event_name":"Drug Dealer","floor":24,"gold_loss":0,"cards_obtained":["animator:Witch","animator:Hans"]},{"cards_removed":["animator:AcuraTooru"],"damage_healed":0,"gold_gain":0,"player_choice":"Gave Card","damage_taken":0,"relics_obtained":["Charon\u0027s Ashes"],"max_hp_gain":0,"max_hp_loss":0,"event_name":"WeMeetAgain","floor":27,"gold_loss":0}],"is_beta":false,"boss_relics":[{"not_picked":["Mark of Pain","Astrolabe"],"picked":"animator:VividPicture"}],"items_purged_floors":[29],"is_endless":false,"potions_floor_spawned":[3,8,10,14,19,21],"killed_by":"Collector","ascension_level":0}}