{"host":"btj53a7qlsawl9sy","time":1608739821,"event":{"mods":["Act Like it!","BaseMod","Better Vampires","Colored Powertips","Gensokyo","Luminous","Marisa（F雨　魔理沙）","Marked Mod","Minty Spire (QoL Compilation)","Quick Restart","Reimu（博丽灵梦）","Relic Stats","Remilia（蕾米莉亚）","Replay The Spire","Spicy Shops","StSLib","The Administrix","The Hierophant","The Servant 0.9.4","Waifu the Spire","WarShipGirlsR/战舰少女R mod","Youmu（魂魄妖梦）","Yuyuko","vexMod","【东方二次创作】八云紫mod","【遗物卡牌】REMEMod"],"gold_per_floor":[110,126,138,148,5,5,40,224,224,224,245,272,299,342,342,454,454,479,505,524,484,75,111,138,147,217,217,229,272,322,363,372,482,482,501,528,4,13,13,49,72,81,107,107,149,149,15,40,49,49],"floor_reached":51,"playtime":4658,"items_purged":["Doubt","Pride"],"score":1282,"play_id":"23663a4b-9c2d-40f4-a8e8-afb57f4c4172","local_time":"20201224001021","is_ascension_mode":true,"campfire_choices":[{"data":"Apotheosis","floor":6,"key":"SMITH"},{"floor":10,"key":"REST"},{"floor":15,"key":"REST"},{"floor":25,"key":"REST"},{"data":"Embodiment","floor":27,"key":"SMITH"},{"floor":32,"key":"REST"},{"floor":46,"key":"RECALL"},{"floor":49,"key":"REST"}],"circlet_count":0,"master_deck":["Strike_S+1","Defend_S+1","Defend_S+1","Defend_S+1","Defend_S+1","KidneyShot+1","Exchange+1","AdministrixMod:Strike_Administrix+1","Apotheosis+1","SurpressingFire+1","BottledTime+1","SpecialFormula+1","Defy+1","InstantArmor+1","MoonPhase+1","Contraction+1","RealityMarble+1","Solidify+1","Embodiment+1","Starlight+1","Revamp+1","SpecialFormula+1","Moondial+1","Advance+1","InstantArmor+1","SilverBlades+1","MoonPhase+1","Solidify+1","Defy+1","Rearm+1","Starlight+1","MoonPhase+1","Embodiment+1","Defy+1","InstantArmor+1","StarChef+1","Rearm+1","ReturningBlade+1","FastForward+1","TimeWarp+1","Comet","Misdirection+1","Crow Ritual","Alleviate","Ricochet","Gouge+1","Survey Options","Comet","MoonPhase+1"],"relics":["Uniform","REME_ComplimentaryCards","vexMod:CardConverter","CeramicFish","Nunchaku","Shuriken","Sundial","Replay:Drink Me","DollysMirror","Dream Catcher","Kunai","Snack Pack","vexMod:FocusSash","Honey Jar","Membership Card","Torii","Replay:Ringing Soul","Replay:Baseball","HornCleat","Garlic"],"acts_visited":["Exordium","TheCity","TheBeyond"],"potions_floor_usage":[4,16,19],"damage_taken":[{"damage":4,"enemies":"2 Louse","floor":1,"turns":3},{"damage":0,"enemies":"Small Slimes","floor":2,"turns":4},{"damage":0,"enemies":"Cultist","floor":3,"turns":4},{"damage":6,"enemies":"Lots of Slimes","floor":4,"turns":5},{"damage":31,"enemies":"3 Sentries","floor":7,"turns":9},{"damage":0,"enemies":"Looter","floor":11,"turns":3},{"damage":0,"enemies":"Exordium Thugs","floor":12,"turns":6},{"damage":0,"enemies":"Large Slime","floor":13,"turns":6},{"damage":37,"enemies":"Gremlin Nob","floor":14,"turns":6},{"damage":33,"enemies":"Fading Forest","floor":16,"turns":11},{"damage":2,"enemies":"Shell Parasite","floor":18,"turns":8},{"damage":0,"enemies":"3 Byrds","floor":19,"turns":12},{"damage":7,"enemies":"Sentry and Sphere","floor":20,"turns":18},{"damage":38,"enemies":"Gremlin Leader","floor":23,"turns":7},{"damage":0,"enemies":"Centurion and Healer","floor":24,"turns":9},{"damage":19,"enemies":"Snecko","floor":28,"turns":9},{"damage":0,"enemies":"Book of Stabbing","floor":29,"turns":7},{"damage":16,"enemies":"Gremlin Leader","floor":31,"turns":12},{"damage":0,"enemies":"Pondfish","floor":33,"turns":10},{"damage":0,"enemies":"3 Shapes","floor":35,"turns":3},{"damage":0,"enemies":"Orb Walker","floor":36,"turns":3},{"damage":24,"enemies":"Reptomancer","floor":40,"turns":6},{"damage":0,"enemies":"Writhing Mass","floor":41,"turns":8},{"damage":0,"enemies":"Writhing Mass","floor":42,"turns":13},{"damage":0,"enemies":"Nemesis","floor":45,"turns":7},{"damage":0,"enemies":"Sphere and 2 Shapes","floor":48,"turns":7},{"damage":8,"enemies":"Awakened One","floor":50,"turns":9}],"seed_played":"-2854625515735248330","potions_obtained":[{"floor":2,"key":"Fire Potion"},{"floor":4,"key":"LiquidMemories"},{"floor":11,"key":"PowerPotion"},{"floor":12,"key":"ZuzhouPotion:ReiMu"},{"floor":18,"key":"Block Potion"},{"floor":20,"key":"Explosive Potion"},{"floor":24,"key":"LifebloodPotion"},{"floor":35,"key":"Energy Potion"},{"floor":36,"key":"Swift Potion"},{"floor":41,"key":"Elixir"},{"floor":45,"key":"ZuzhouPotion:ReiMu"}],"is_trial":false,"path_per_floor":["M","M","M","M","$","R","E","?","T","R","M","M","M","E","R","B",null,"M","M","M","?","$","E","M","R","T","R","M","E","?","E","R","B",null,"M","M","$","?","$","E","M","?","T","T","E","R","$","M","R","B",null],"character_chosen":"THE_SERVANT","items_purchased":["CeramicFish","Moondial","Advance","DollysMirror","SilverBlades","StarChef","Rearm+1","Membership Card","Torii","Replay:Ringing Soul","Crow Ritual","Alleviate","Ricochet","Gouge+1","Survey Options"],"campfire_rested":5,"item_purchase_floors":[5,22,22,22,22,37,37,37,37,37,47,47,47,47,47],"current_hp_per_floor":[69,71,73,74,74,74,53,55,55,79,81,83,85,54,81,58,70,72,74,69,69,79,58,73,92,92,92,81,94,94,96,98,100,100,102,104,108,113,113,110,123,128,128,128,133,133,146,151,156,156],"gold":49,"neow_bonus":"ONE_RARE_RELIC","is_daily":false,"chose_seed":false,"campfire_upgraded":2,"win_rate":0.0,"timestamp":1608739821,"path_taken":["M","M","M","M","$","R","E","?","T","R","M","M","M","E","R","BOSS","M","M","M","?","$","E","?","R","T","R","?","E","?","E","R","BOSS","M","M","$","?","?","E","?","?","T","?","E","R","$","?","R","BOSS"],"items_purchased_type":["Relic","Card","Card","Relic","Card","Card","Card","Relic","Relic","Relic","Card","Card","Card","Card","Card"],"build_version":"2020-12-22","purchased_purges":2,"victory":true,"max_hp_per_floor":[73,75,77,79,79,79,81,83,83,83,85,87,89,91,91,93,70,72,74,76,76,86,88,90,92,92,92,92,94,94,96,98,100,100,102,104,108,113,113,118,123,128,128,128,133,133,146,151,156,156],"relic_stats":{"Nunchaku":[29],"Dream Catcher":3,"Torii":18,"counters":[27,205],"Shuriken":[44],"Sundial":[44],"CeramicFish":342,"Kunai":[36],"obtain_stats":[{"Torii":37,"CeramicFish":5,"Uniform":0,"vexMod:FocusSash":31,"Replay:Ringing Soul":37,"Nunchaku":7,"Dream Catcher":23,"Replay:Baseball":40,"HornCleat":44,"vexMod:CardConverter":0,"Shuriken":9,"Sundial":14,"DollysMirror":22,"Honey Jar":34,"Snack Pack":29,"Garlic":45,"Kunai":26,"Membership Card":37,"Replay:Drink Me":17,"REME_ComplimentaryCards":0},{"Torii":21,"CeramicFish":4,"Uniform":0,"vexMod:FocusSash":18,"Replay:Ringing Soul":21,"Nunchaku":5,"Dream Catcher":14,"Replay:Baseball":22,"HornCleat":24,"vexMod:CardConverter":0,"Shuriken":5,"Sundial":9,"DollysMirror":13,"Honey Jar":19,"Snack Pack":17,"Garlic":25,"Kunai":15,"Membership Card":21,"Replay:Drink Me":10,"REME_ComplimentaryCards":0},{"Torii":155,"CeramicFish":16,"Uniform":0,"vexMod:FocusSash":139,"Replay:Ringing Soul":155,"Nunchaku":25,"Dream Catcher":102,"Replay:Baseball":161,"HornCleat":182,"vexMod:CardConverter":0,"Shuriken":25,"Sundial":46,"DollysMirror":95,"Honey Jar":149,"Snack Pack":127,"Garlic":189,"Kunai":111,"Membership Card":155,"Replay:Drink Me":57,"REME_ComplimentaryCards":0}]},"card_choices":[{"not_picked":["Unruled","Rewind"],"picked":"SurpressingFire","floor":1},{"not_picked":["Snipe","RealityMarble"],"picked":"BottledTime","floor":2},{"not_picked":["Rewind","ShatteredReality"],"picked":"SpecialFormula","floor":3},{"not_picked":["ShiftingGears","Foresight"],"picked":"Defy","floor":4},{"not_picked":["Ricochet","Revamp"],"picked":"InstantArmor","floor":7},{"not_picked":["WasteNot","ShatteredReality"],"picked":"MoonPhase","floor":11},{"not_picked":["InstantArmor","Revamp"],"picked":"Contraction","floor":12},{"not_picked":["TimeWarp","DoubleEdge"],"picked":"RealityMarble","floor":13},{"not_picked":["Rewind","Desolation"],"picked":"Solidify","floor":14},{"not_picked":["Solidify","Dilation"],"picked":"Embodiment","floor":16},{"not_picked":["Spin+1","FastForward"],"picked":"Starlight","floor":18},{"not_picked":["Starlight","RealityMarble"],"picked":"Revamp","floor":19},{"not_picked":["InstantArmor","Revamp+1"],"picked":"SpecialFormula+1","floor":20},{"not_picked":["FanOfKnives","Reset"],"picked":"MoonPhase","floor":23},{"not_picked":["Comet","Rewind"],"picked":"Solidify","floor":24},{"not_picked":["Rearm","Misdirection+1"],"picked":"Defy","floor":25},{"not_picked":["DoubleEdge","Alleviate","Spin"],"picked":"SKIP","floor":28},{"not_picked":["Comet","Revamp"],"picked":"Rearm","floor":29},{"not_picked":["Alleviate","SpecialFormula"],"picked":"Starlight+1","floor":31},{"not_picked":["BestPractice","Alleviate"],"picked":"MoonPhase","floor":32},{"not_picked":["Sunlight","Duplication"],"picked":"Embodiment","floor":33},{"not_picked":["Ricochet+1","Unruled+1","Alleviate"],"picked":"Defy","floor":35},{"not_picked":["FastForward+1","Misdirection+1","Rearm+1"],"picked":"InstantArmor","floor":36},{"not_picked":["Spin","StarChef+1","FloweringNight"],"picked":"FastForward+1","floor":40},{"not_picked":["BottledTime","Contraction+1","Starlight+1"],"picked":"TimeWarp","floor":41},{"not_picked":["Ricochet","Alleviate+1","Rewind"],"picked":"Comet","floor":42},{"not_picked":["Spin","Revamp","Rewind"],"picked":"Misdirection+1","floor":45},{"not_picked":["Spin","Rearm","Rewind"],"picked":"Comet","floor":48},{"not_picked":["BestPractice+1","Comet+1","Reset"],"picked":"MoonPhase+1","floor":49}],"player_experience":113571,"relics_obtained":[{"floor":7,"key":"Nunchaku"},{"floor":9,"key":"Shuriken"},{"floor":14,"key":"Sundial"},{"floor":23,"key":"Dream Catcher"},{"floor":26,"key":"Kunai"},{"floor":29,"key":"Snack Pack"},{"floor":31,"key":"vexMod:FocusSash"},{"floor":40,"key":"Replay:Baseball"},{"floor":44,"key":"HornCleat"},{"floor":45,"key":"Garlic"}],"event_choices":[{"damage_healed":0,"gold_gain":175,"player_choice":"AGREE","damage_taken":0,"max_hp_gain":0,"max_hp_loss":0,"event_name":"Liars Game","floor":8,"gold_loss":0,"cards_obtained":["Doubt"]},{"damage_healed":0,"gold_gain":0,"player_choice":"Upgraded Two","damage_taken":0,"max_hp_gain":0,"max_hp_loss":0,"event_name":"Designer","floor":21,"gold_loss":40,"cards_upgraded":["SurpressingFire","Contraction"]},{"damage_healed":0,"gold_gain":100,"player_choice":"Bet on Murderer","damage_taken":0,"max_hp_gain":0,"max_hp_loss":0,"event_name":"The Joust","floor":30,"gold_loss":50},{"damage_healed":0,"gold_gain":0,"cards_transformed":["Strike_S"],"player_choice":"Transformed","damage_taken":0,"max_hp_gain":0,"max_hp_loss":0,"event_name":"Transmorgrifier","floor":38,"gold_loss":0,"cards_obtained":["ReturningBlade"]}],"is_beta":false,"boss_relics":[{"not_picked":["StoneMask","vexMod:MysteryBossChallenge"],"picked":"Replay:Drink Me"},{"not_picked":["Snecko Eye","Velvet Choker"],"picked":"Honey Jar"}],"items_purged_floors":[22,22],"is_endless":false,"potions_floor_spawned":[2,4,11,12,18,20,24,31,35,36,41,45],"ascension_level":1}}