{"host":"9ndbo4kgsfoemf7y","time":1608721087,"event":{"mods":["AchievementEnabler","BaseMod","Colored Map","DeckTracker","Keyboard Shortcuts","Minty Spire (QoL Compilation)","Permanent Neow","Quick Restart","Relic Stats","StSLib","SuperFastMode"],"gold_per_floor":[112,20,20,20,20,20,61,61,61,61,82,82,103,126,126,222,222,236,286,13,36,36,36,36],"floor_reached":23,"playtime":613,"items_purged":[],"score":365,"play_id":"93e5ff88-2694-4485-a61e-b10807d84d2d","local_time":"20201223195807","is_ascension_mode":true,"campfire_choices":[{"data":"Cloak And Dagger","floor":6.0,"key":"SMITH"},{"data":"Terror","floor":10.0,"key":"SMITH"},{"floor":12.0,"key":"REST"},{"data":"Cloak And Dagger","floor":15.0,"key":"SMITH"}],"circlet_count":0,"master_deck":["AscendersBane","Strike_G","Strike_G","Strike_G","Strike_G","Strike_G","Defend_G","Defend_G+1","Defend_G","Defend_G","Defend_G","Survivor","Neutralize+1","Blade Dance","Cloak And Dagger+1","Infinite Blades","Terror+1","Backflip","Cloak And Dagger+1","A Thousand Cuts","Blade Dance"],"relics":["SlaversCollar","Golden Idol","Sundial","White Beast Statue","Tingsha","WristBlade","Ninja Scroll"],"acts_visited":["Exordium","TheCity"],"potions_floor_usage":[23],"damage_taken":[{"damage":8.0,"enemies":"2 Louse","floor":1.0,"turns":2.0},{"damage":25.0,"enemies":"Lagavulin","floor":7.0,"turns":8.0},{"damage":0.0,"enemies":"Cultist","floor":11.0,"turns":4.0},{"damage":0.0,"enemies":"Jaw Worm","floor":13.0,"turns":4.0},{"damage":7.0,"enemies":"Lots of Slimes","floor":14.0,"turns":6.0},{"damage":15.0,"enemies":"The Guardian","floor":16.0,"turns":10.0},{"damage":23.0,"enemies":"Shell Parasite","floor":18.0,"turns":4.0},{"damage":0.0,"enemies":"Chosen","floor":21.0,"turns":2.0},{"damage":46,"enemies":"Gremlin Leader","floor":23,"turns":4}],"seed_played":"-6619670507193067198","potions_obtained":[{"floor":7.0,"key":"AttackPotion"},{"floor":11.0,"key":"SteroidPotion"},{"floor":13.0,"key":"LiquidMemories"},{"floor":16.0,"key":"FairyPotion"}],"is_trial":false,"path_per_floor":["M","$","?","?","?","R","E","T","T","R","M","R","M","M","R","B",null,"M","?","$","M","?","E"],"character_chosen":"THE_SILENT","items_purchased":["Cloak And Dagger","Infinite Blades","Ninja Scroll"],"campfire_rested":1,"item_purchase_floors":[2,2,20],"current_hp_per_floor":[51,51,31,31,36,36,11,11,11,11,11,30,30,23,23,8,51,28,28,28,28,19,0,0],"gold":36,"neow_bonus":"BOSS_RELIC","is_daily":false,"chose_seed":false,"campfire_upgraded":3,"win_rate":0.0,"timestamp":1608721087,"path_taken":["M","$","?","?","?","R","E","?","T","R","M","R","M","M","R","BOSS","M","?","$","M","?","E"],"items_purchased_type":["Card","Card","Relic"],"build_version":"2020-12-22","purchased_purges":0,"victory":false,"max_hp_per_floor":[66,66,66,60,65,65,65,65,65,65,65,65,65,65,65,65,65,65,65,65,65,65,65,65],"relic_stats":{"counters":[9,44],"Golden Idol":48,"Sundial":[4],"Tingsha":[18],"obtain_stats":[{"SlaversCollar":0,"WristBlade":17,"Golden Idol":4,"Sundial":7,"Ninja Scroll":20,"Tingsha":9,"White Beast Statue":8,"Ring of the Snake":0},{"SlaversCollar":0,"WristBlade":6,"Golden Idol":1,"Sundial":2,"Ninja Scroll":7,"Tingsha":2,"White Beast Statue":2,"Ring of the Snake":0},{"SlaversCollar":0,"WristBlade":34,"Golden Idol":2,"Sundial":10,"Ninja Scroll":38,"Tingsha":10,"White Beast Statue":10,"Ring of the Snake":0}]},"card_choices":[{"not_picked":["Quick Slash","PiercingWail"],"picked":"Blade Dance","floor":1.0},{"not_picked":["Sucker Punch","Endless Agony"],"picked":"Terror","floor":7.0},{"not_picked":["Dagger Throw","Deflect"],"picked":"Backflip","floor":11.0},{"not_picked":["Leg Sweep","Sucker Punch","Setup"],"picked":"SKIP","floor":13.0},{"not_picked":["Malaise","Backflip"],"picked":"Cloak And Dagger","floor":14.0},{"not_picked":["Glass Knife","Malaise"],"picked":"A Thousand Cuts","floor":16.0},{"not_picked":["Endless Agony","Poisoned Stab","Sucker Punch"],"picked":"SKIP","floor":18.0},{"not_picked":["Skewer","Acrobatics"],"picked":"Blade Dance","floor":21.0}],"player_experience":734333,"relics_obtained":[{"floor":7.0,"key":"Sundial"},{"floor":8.0,"key":"White Beast Statue"},{"floor":9.0,"key":"Tingsha"}],"event_choices":[{"damage_healed":0.0,"max_hp_gain":0.0,"max_hp_loss":0.0,"gold_gain":0.0,"event_name":"Shining Light","player_choice":"Entered Light","floor":3.0,"gold_loss":0.0,"damage_taken":20.0,"cards_upgraded":["Defend_G","Neutralize"]},{"damage_healed":0.0,"max_hp_gain":0.0,"max_hp_loss":6.0,"gold_gain":0.0,"event_name":"Golden Idol","player_choice":"Lose Max HP","floor":4.0,"gold_loss":0.0,"damage_taken":0.0,"relics_obtained":["Golden Idol"]},{"damage_healed":0.0,"max_hp_gain":5.0,"max_hp_loss":0.0,"gold_gain":0.0,"event_name":"Big Fish","player_choice":"Donut","floor":5.0,"gold_loss":0.0,"damage_taken":0.0},{"damage_healed":0.0,"max_hp_gain":0.0,"max_hp_loss":0.0,"gold_gain":50.0,"event_name":"Nest","player_choice":"Stole From Cult","floor":19.0,"gold_loss":0.0,"damage_taken":0.0},{"damage_healed":0.0,"max_hp_gain":0.0,"max_hp_loss":0.0,"gold_gain":0.0,"event_name":"Wheel of Change","player_choice":"Damaged","floor":22.0,"gold_loss":0.0,"damage_taken":9.0}],"is_beta":false,"boss_relics":[{"not_picked":["Snecko Eye","Astrolabe"],"picked":"WristBlade"}],"items_purged_floors":[],"is_endless":false,"potions_floor_spawned":[7,11,13,14,16,18,21],"killed_by":"Gremlin Leader","ascension_level":19}}