{"host":"adv1uqz3812gqgbw","time":1608701724,"event":{"mods":["BaseMod","Better Note","Better Third Choice","Colored Powertips","Custom Start","Dio Mod","GifTheSpireLib","Hermit","Minty Spire (QoL Compilation)","Robot Space Explorer","StSLib","The Runesmith","Transform Curses","Uncapped"],"gold_per_floor":[99,99,99,99,99,99,99,99,99,99,99,99,99,99,99,99,99,99,99,99,99,99,99,99,99,99,99,99,99,99,99,99,99,99,99,27,27,27,27,27,27,27,27,27,27,27,27,27,27,27,27],"floor_reached":52,"playtime":2755,"items_purged":[],"score":3886,"play_id":"9236e731-dccd-483f-a2b2-7813d503a8ed","local_time":"20201223033524","daily_mods":["Diverse","Time Dilation","Flight","DeadlyEvents","Elite Swarm","Lethality","Midas"],"is_ascension_mode":true,"campfire_choices":[{"data":"1","floor":7,"key":"LIFT"},{"data":"2","floor":10,"key":"LIFT"},{"data":"3","floor":11,"key":"LIFT"},{"floor":15,"key":"DIG"},{"floor":32,"key":"DIG"},{"floor":49,"key":"DIG"}],"circlet_count":3,"master_deck":["Runesmith:Refine+1","Runesmith:Refine+1","dioMod:TheWalk+1","dioMod:TheWalk+1","dioMod:TheWalk+1","Miracle+1","Miracle+1","Master of Strategy+1","Master of Strategy+1","Consecrate+1","Adrenaline+1","Adrenaline+1","Double Energy+1","Double Energy+1","Double Energy+1"],"relics":["Runesmith:BrokenRuby","Anchor","Ancient Tea Set","Runesmith:AutoHammer","Bag of Marbles","Bag of Preparation","Black Star","Blood Vial","Blue Candle","Bottled Flame","Bottled Lightning","Brimstone","Busted Crown","Calipers","CaptainsWheel","Centennial Puzzle","Chemical X","Coffee Dripper","Nuclear Battery","Cracked Core","Cursed Key","Damaru","Darkstone Periapt","Frozen Eye","RobotSpaceExplorer:FoglandsKnife","FossilizedHelix","Lantern","Happy Flower","Lee\u0027s Waffle","Mango","Philosopher\u0027s Stone","Ring of the Snake","RobotSpaceExplorer:RoboCore","SlaversCollar","Runic Dome","TungstenRod","Turnip","Ginger","Ice Cream","Girya","Fusion Hammer","InkBottle","Mark of Pain","Runesmith:Nanobots","Medical Kit","Pear","Paper Frog","Ectoplasm","Omamori","Runic Pyramid","Strawberry","Shovel","Shuriken","Peace Pipe","Pen Nib","Singing Bowl","Self Forming Clay","Vajra","WristBlade","Kunai","Meat on the Bone","PureWater","Sozu","Eternal Feather","Du-Vu Doll","Sundial","Torii","PreservedInsect","PrismaticShard","Regal Pillow","Red Skull","hermit:CharredGlove","hermit:DentedPlate","Nunchaku","Gremlin Horn","HornCleat","Lizard Tail","Magic Flower","Orichalcum","Dream Catcher","Whetstone","Oddly Smooth Stone","War Paint","Ornamental Fan","Smiling Mask","Old Coin","Bird Faced Urn","MutagenicStrength","Toxic Egg 2","Bronze Scales","Akabeko","Potion Belt","Prayer Wheel","CeramicFish","Unceasing Top","Frozen Egg 2","Art of War","MawBank","MealTicket","Question Card","Boot","Toy Ornithopter","Pantograph","Runesmith:Locket","Pocketwatch","Molten Egg 2","The Courier","White Beast Statue","StrikeDummy","Thread and Needle","StoneCalendar","Incense Burner","Circlet"],"acts_visited":["Exordium","TheCity","TheBeyond"],"potions_floor_usage":[],"damage_taken":[{"damage":0,"enemies":"2 Louse","floor":1,"turns":1},{"damage":0,"enemies":"Small Slimes","floor":2,"turns":1},{"damage":0,"enemies":"Lagavulin","floor":6,"turns":1},{"damage":0,"enemies":"Cultist","floor":8,"turns":1},{"damage":0,"enemies":"Gremlin Nob","floor":12,"turns":1},{"damage":0,"enemies":"Lagavulin","floor":13,"turns":1},{"damage":0,"enemies":"3 Sentries","floor":14,"turns":1},{"damage":0,"enemies":"Hexaghost","floor":16,"turns":1},{"damage":0,"enemies":"Spheric Guardian","floor":18,"turns":1},{"damage":0,"enemies":"Chosen","floor":21,"turns":1},{"damage":0,"enemies":"Slavers","floor":22,"turns":1},{"damage":0,"enemies":"Gremlin Leader","floor":23,"turns":1},{"damage":0,"enemies":"Book of Stabbing","floor":24,"turns":1},{"damage":0,"enemies":"Gremlin Leader","floor":25,"turns":1},{"damage":0,"enemies":"Slavers","floor":27,"turns":1},{"damage":0,"enemies":"Book of Stabbing","floor":28,"turns":1},{"damage":0,"enemies":"Slavers","floor":29,"turns":1},{"damage":0,"enemies":"Snecko","floor":30,"turns":1},{"damage":0,"enemies":"Champ","floor":33,"turns":1},{"damage":0,"enemies":"3 Darklings","floor":35,"turns":1},{"damage":0,"enemies":"Giant Head","floor":37,"turns":1},{"damage":0,"enemies":"3 Shapes","floor":39,"turns":1},{"damage":0,"enemies":"Nemesis","floor":40,"turns":1},{"damage":0,"enemies":"Reptomancer","floor":41,"turns":1},{"damage":0,"enemies":"Nemesis","floor":42,"turns":1},{"damage":0,"enemies":"Reptomancer","floor":44,"turns":1},{"damage":0,"enemies":"Nemesis","floor":45,"turns":1},{"damage":0,"enemies":"Writhing Mass","floor":47,"turns":1},{"damage":0,"enemies":"Giant Head","floor":48,"turns":1},{"damage":0,"enemies":"Awakened One","floor":50,"turns":2},{"damage":0,"enemies":"Time Eater","floor":51,"turns":2}],"seed_played":"-8218442148561335731","potions_obtained":[],"is_trial":true,"path_per_floor":["M","M","?","?","?","E","R","M","T","R","R","E","E","E","R","B",null,"M","?","?","M","E","E","E","E","T","E","E","E","M","$","R","B",null,"M","?","E","T","M","E","E","E","T","E","E","T","M","E","R","B","B",null],"character_chosen":"RUNESMITH_CLASS","items_purchased":[],"campfire_rested":0,"item_purchase_floors":[],"current_hp_per_floor":[138,140,140,140,140,142,142,144,144,144,144,146,148,150,150,152,152,154,154,154,156,158,160,162,164,164,166,168,170,174,174,174,176,176,180,180,182,182,186,188,190,192,192,194,196,196,200,202,202,202,202],"gold":27,"neow_bonus":"","is_daily":false,"chose_seed":false,"campfire_upgraded":0,"win_rate":0.0,"timestamp":1608701724,"path_taken":["M","M","?","?","?","E","R","?","T","R","R","?","E","E","R","BOSS","M","?","?","M","?","E","E","E","T","E","?","E","?","?","R","BOSS","M","?","?","?","M","E","E","E","T","?","E","?","?","?","R","BOSS","BOSS"],"items_purchased_type":[],"build_version":"2020-12-22","purchased_purges":0,"victory":true,"max_hp_per_floor":[138,140,140,140,140,142,142,144,144,144,144,146,148,150,150,152,152,154,154,154,156,158,160,162,164,164,166,168,170,174,174,174,176,176,180,180,182,182,186,188,190,192,192,194,196,196,200,202,202,202,202],"card_choices":[{"not_picked":["dioMod:HeavyLifting"],"picked":"Singing Bowl","floor":1},{"not_picked":["dioMod:Roundabout"],"picked":"Singing Bowl","floor":2},{"not_picked":["Runesmith:DuctTape"],"picked":"Singing Bowl","floor":6},{"not_picked":["Good Instincts"],"picked":"Singing Bowl","floor":8},{"not_picked":["Immolate"],"picked":"Singing Bowl","floor":12},{"not_picked":["Malaise"],"picked":"Singing Bowl","floor":13},{"not_picked":["Runesmith:CreatorForm"],"picked":"Singing Bowl","floor":14},{"not_picked":["Runesmith:ReplicatingBarrier"],"picked":"Singing Bowl","floor":16},{"not_picked":["Go for the Eyes"],"picked":"Singing Bowl","floor":18},{"not_picked":["hermit:Manifest"],"picked":"Singing Bowl","floor":21},{"not_picked":["Runesmith:CraftMedicinae+1"],"picked":"Singing Bowl","floor":22},{"not_picked":["Mayhem"],"picked":"Singing Bowl","floor":23},{"not_picked":["hermit:Magnum"],"picked":"Singing Bowl","floor":24},{"not_picked":["Alpha+1"],"picked":"Singing Bowl","floor":25},{"not_picked":["Machine Learning+1"],"picked":"Singing Bowl","floor":27},{"not_picked":["dioMod:GoldVial+1"],"picked":"Singing Bowl","floor":28},{"not_picked":["ConjureBlade+1","Secret Weapon+1"],"picked":"Singing Bowl","floor":29},{"not_picked":["Evaluate+1","Rampage"],"picked":"Singing Bowl","floor":30},{"not_picked":["dioMod:ComposedMuda+1","hermit:Dive+1"],"picked":"Singing Bowl","floor":30},{"not_picked":["Omniscience+1","hermit:FatalDesire+1"],"picked":"Singing Bowl","floor":33},{"not_picked":["hermit:TrackingShot+1","Searing Blow+1"],"picked":"Singing Bowl","floor":35},{"not_picked":["Runesmith:EnergizedChisel","Cleave"],"picked":"Singing Bowl","floor":35},{"not_picked":["Alpha+1","dioMod:RoadRoller"],"picked":"Singing Bowl","floor":37},{"not_picked":["Hologram+1","Runesmith:CraftProtectio+1"],"picked":"Singing Bowl","floor":39},{"not_picked":["Perseverance+1","FollowUp+1"],"picked":"Singing Bowl","floor":39},{"not_picked":["Night Terror+1","hermit:Reprieve+1"],"picked":"Singing Bowl","floor":40},{"not_picked":["Mayhem+1","RobotSpaceExplorer:Accelerator+1"],"picked":"Singing Bowl","floor":41},{"not_picked":["Ragnarok+1","hermit:Roughhouse+1"],"picked":"Singing Bowl","floor":42},{"not_picked":["dioMod:Regeneration+1","Corpse Explosion+1"],"picked":"Singing Bowl","floor":44},{"not_picked":["Venomology+1","Transmutation+1"],"picked":"Singing Bowl","floor":45},{"not_picked":["hermit:Enervate+1","Hello World+1"],"picked":"Singing Bowl","floor":47},{"not_picked":["dioMod:CautiousMuda+1","Scrape+1"],"picked":"Singing Bowl","floor":47},{"not_picked":["Grand Finale+1","RobotSpaceExplorer:Autoloader+1"],"picked":"Singing Bowl","floor":48}],"player_experience":314174,"relics_obtained":[{"floor":9,"key":"Dream Catcher"},{"floor":12,"key":"Whetstone"},{"floor":12,"key":"Oddly Smooth Stone"},{"floor":13,"key":"War Paint"},{"floor":13,"key":"Ornamental Fan"},{"floor":14,"key":"Smiling Mask"},{"floor":14,"key":"Old Coin"},{"floor":15,"key":"Bird Faced Urn"},{"floor":22,"key":"Toxic Egg 2"},{"floor":22,"key":"Bronze Scales"},{"floor":23,"key":"Akabeko"},{"floor":23,"key":"Potion Belt"},{"floor":24,"key":"Prayer Wheel"},{"floor":24,"key":"CeramicFish"},{"floor":25,"key":"Unceasing Top"},{"floor":25,"key":"Frozen Egg 2"},{"floor":27,"key":"Art of War"},{"floor":27,"key":"MawBank"},{"floor":28,"key":"MealTicket"},{"floor":28,"key":"Question Card"},{"floor":29,"key":"Boot"},{"floor":29,"key":"Toy Ornithopter"},{"floor":32,"key":"Pantograph"},{"floor":37,"key":"Pocketwatch"},{"floor":40,"key":"Molten Egg 2"},{"floor":41,"key":"The Courier"},{"floor":41,"key":"White Beast Statue"},{"floor":42,"key":"StrikeDummy"},{"floor":44,"key":"Thread and Needle"},{"floor":44,"key":"StoneCalendar"},{"floor":45,"key":"Incense Burner"},{"floor":48,"key":"Circlet"},{"floor":48,"key":"Circlet"},{"floor":49,"key":"Circlet"}],"event_choices":[{"damage_healed":0,"gold_gain":0,"player_choice":"Left","damage_taken":0,"max_hp_gain":1,"max_hp_loss":0,"event_name":"betterThird:BetterGoop","floor":3,"gold_loss":0},{"damage_healed":0,"gold_gain":0,"player_choice":"Ignored","damage_taken":0,"max_hp_gain":0,"max_hp_loss":0,"event_name":"Golden Wing","floor":4,"gold_loss":0},{"damage_healed":0,"gold_gain":0,"player_choice":"LEAVE","damage_taken":0,"max_hp_gain":0,"max_hp_loss":0,"event_name":"betterThird:BetterScrap","floor":5,"gold_loss":0,"cards_obtained":["Lockon"]},{"damage_healed":0,"gold_gain":0,"player_choice":"Ignored","damage_taken":0,"max_hp_gain":0,"max_hp_loss":0,"event_name":"betterNote:BetterNote","floor":19,"gold_loss":0,"cards_obtained":["Double Energy"]},{"damage_healed":0,"gold_gain":0,"player_choice":"Inject Mutagens","damage_taken":0,"relics_obtained":["MutagenicStrength"],"max_hp_gain":0,"max_hp_loss":0,"event_name":"Drug Dealer","floor":20,"gold_loss":0},{"damage_healed":0,"gold_gain":0,"player_choice":"Paid Gold","damage_taken":0,"relics_obtained":["Runesmith:Locket"],"max_hp_gain":0,"max_hp_loss":0,"event_name":"WeMeetAgain","floor":36,"gold_loss":72}],"is_beta":false,"boss_relics":[{"not_picked":[]},{"not_picked":[]}],"items_purged_floors":[],"is_endless":false,"potions_floor_spawned":[1,6,14,18,21,22,23,27,28,39,40,42,44,45,47,48],"ascension_level":20}}