{"host":"pbf6u3tyx46snqc7","time":1608754909,"event":{"mods":["AchievementEnabler","BaseMod","Colored Map","Minty Spire (QoL Compilation)","Rare Cards Sparkle","Shop Mod","SuperFastMode"],"gold_per_floor":[113,16,16,29,49,49,92,92,117,142,142,42,42,62,62,183,183,204,114,114,114,114,114,139,177,222,1,1,1,1,1,1,132,132,147,210,210,224,239,239,239,239,263,281,321,341,341,341,341,341],"floor_reached":51,"playtime":2564,"items_purged":["Strike_G","Strike_G","Endless Agony+1"],"score":847,"play_id":"07a4e05f-aeb8-4624-9624-eb788a74ae66","local_time":"20201224052149","is_ascension_mode":true,"campfire_choices":[{"data":"Neutralize","floor":6.0,"key":"SMITH"},{"data":"Underhanded Strike","floor":8.0,"key":"SMITH"},{"data":"Endless Agony","floor":11.0,"key":"SMITH"},{"data":"Acrobatics","floor":15.0,"key":"SMITH"},{"data":"Accuracy","floor":23.0,"key":"SMITH"},{"data":"Dodge and Roll","floor":29.0,"key":"SMITH"},{"data":"Footwork","floor":32.0,"key":"SMITH"},{"data":"Storm of Steel","floor":40.0,"key":"SMITH"},{"data":"Phantasmal Killer","floor":42.0,"key":"SMITH"},{"data":"Blade Dance","floor":49.0,"key":"SMITH"}],"circlet_count":0,"master_deck":["Survivor","Neutralize+1","PiercingWail","Underhanded Strike+1","Backstab","Acrobatics+1","Storm of Steel+1","Skewer","Flying Knee","Die Die Die","Infinite Blades","Accuracy+1","Burst+1","Blade Dance+1","Dodge and Roll+1","Tactician+1","Terror","Footwork+1","Blade Dance","Accuracy+1","Phantasmal Killer+1","PiercingWail","Acrobatics","Prepared+1","PiercingWail+1","Metamorphosis","Choke+1","Well Laid Plans+1"],"relics":["Coffee Dripper","Golden Idol","Vajra","Juzu Bracelet","Pandora\u0027s Box","WarpedTongs","Paper Crane","Blood Vial","Toy Ornithopter","HoveringKite","Tingsha","Happy Flower","Lizard Tail"],"acts_visited":["Exordium","TheCity","TheBeyond"],"potions_floor_usage":[50,50,50],"damage_taken":[{"damage":0.0,"enemies":"Jaw Worm","floor":1.0,"turns":5.0},{"damage":0.0,"enemies":"2 Louse","floor":4.0,"turns":4.0},{"damage":0.0,"enemies":"Cultist","floor":5.0,"turns":3.0},{"damage":1.0,"enemies":"Lagavulin","floor":7.0,"turns":8.0},{"damage":1.0,"enemies":"Gremlin Gang","floor":10.0,"turns":4.0},{"damage":2.0,"enemies":"Lots of Slimes","floor":14.0,"turns":3.0},{"damage":44.0,"enemies":"Slime Boss","floor":16.0,"turns":16.0},{"damage":0.0,"enemies":"Spheric Guardian","floor":18.0,"turns":1.0},{"damage":0.0,"enemies":"2 Thieves","floor":24.0,"turns":2.0},{"damage":25.0,"enemies":"Slavers","floor":25.0,"turns":4.0},{"damage":18.0,"enemies":"Collector","floor":33.0,"turns":4.0},{"damage":0.0,"enemies":"Orb Walker","floor":35.0,"turns":1.0},{"damage":4.0,"enemies":"Mind Bloom Boss Battle","floor":36.0,"turns":4.0},{"damage":5.0,"enemies":"3 Darklings","floor":38.0,"turns":3.0},{"damage":20.0,"enemies":"Jaw Worm Horde","floor":39.0,"turns":3.0},{"damage":0.0,"enemies":"Spire Growth","floor":44.0,"turns":2.0},{"damage":0.0,"enemies":"Nemesis","floor":45.0,"turns":5.0},{"damage":14.0,"enemies":"Maw","floor":46.0,"turns":5.0},{"damage":74,"enemies":"Time Eater","floor":50,"turns":7}],"seed_played":"4913170576306673030","potions_obtained":[{"floor":1.0,"key":"Swift Potion"},{"floor":7.0,"key":"GhostInAJar"},{"floor":13.0,"key":"EntropicBrew"},{"floor":13.0,"key":"CunningPotion"},{"floor":18.0,"key":"LiquidBronze"},{"floor":36.0,"key":"Swift Potion"},{"floor":39.0,"key":"Fire Potion"},{"floor":45.0,"key":"SpeedPotion"}],"is_trial":false,"path_per_floor":["M","$","?","M","M","R","E","R","T","M","R","$","?","M","R","B",null,"M","?","?","?","$","R","M","E","T","$","?","R","?","?","R","B",null,"M","?","?","M","M","R","?","R","T","M","E","M","?","?","R","B",null],"character_chosen":"THE_SILENT","items_purchased":["PiercingWail","Footwork","Blade Dance"],"campfire_rested":0,"item_purchase_floors":[2,27,27],"current_hp_per_floor":[70,70,65,65,65,65,64,64,64,63,63,63,63,61,61,17,65,65,65,65,65,65,65,65,40,40,40,40,40,40,40,40,29,65,65,61,61,60,42,42,42,42,42,44,51,39,39,39,39,17],"gold":341,"neow_bonus":"BOSS_RELIC","is_daily":false,"chose_seed":false,"campfire_upgraded":10,"win_rate":0.0,"timestamp":1608754909,"path_taken":["M","$","?","M","M","R","E","R","T","M","R","$","?","M","R","BOSS","M","?","?","?","?","R","M","E","T","$","?","R","?","?","R","BOSS","M","?","?","M","M","R","?","R","T","M","E","M","?","?","R","BOSS"],"items_purchased_type":["Card","Card","Card"],"build_version":"2020-12-22","purchased_purges":3,"victory":true,"max_hp_per_floor":[70,70,65,65,65,65,65,65,65,65,65,65,65,65,65,65,65,65,65,65,65,65,65,65,65,65,65,65,65,65,65,65,65,65,65,65,65,65,65,65,65,65,65,65,65,65,65,65,65,65],"card_choices":[{"not_picked":["Bane","Outmaneuver"],"picked":"Endless Agony","floor":1.0},{"not_picked":["Heel Hook","Backstab"],"picked":"Underhanded Strike","floor":4.0},{"not_picked":["Skewer","Slice"],"picked":"Backstab","floor":5.0},{"not_picked":["Bane","Deflect","Deadly Poison"],"picked":"SKIP","floor":7.0},{"not_picked":["Caltrops","Phantasmal Killer","Riddle With Holes"],"picked":"SKIP","floor":10.0},{"not_picked":["Bane","Slice"],"picked":"Acrobatics","floor":14.0},{"not_picked":["Glass Knife","Night Terror"],"picked":"Storm of Steel","floor":16.0},{"not_picked":["Noxious Fumes","Outmaneuver+1"],"picked":"Dodge and Roll","floor":18.0},{"not_picked":["Backstab+1","Blade Dance"],"picked":"Tactician+1","floor":24.0},{"not_picked":["Caltrops","PiercingWail+1"],"picked":"Terror","floor":25.0},{"not_picked":["Venomology","Envenom"],"picked":"Phantasmal Killer","floor":33.0},{"not_picked":["Outmaneuver","Slice+1"],"picked":"PiercingWail","floor":35.0},{"not_picked":["Choke","Outmaneuver"],"picked":"Acrobatics","floor":36.0},{"not_picked":["Swift Strike","Trip"],"picked":"Panacea","floor":37.0},{"not_picked":["Infinite Blades","Dagger Throw+1"],"picked":"Prepared+1","floor":38.0},{"not_picked":["Noxious Fumes","Slice+1"],"picked":"PiercingWail+1","floor":39.0},{"not_picked":["Terror+1","Choke+1","Predator"],"picked":"SKIP","floor":44.0},{"not_picked":["Terror+1","Predator"],"picked":"Choke+1","floor":44.0},{"not_picked":["Riddle With Holes","Heel Hook+1"],"picked":"Well Laid Plans+1","floor":45.0},{"not_picked":["PiercingWail","Sucker Punch+1","Bane+1"],"picked":"SKIP","floor":46.0}],"player_experience":315454,"relics_obtained":[{"floor":7.0,"key":"Vajra"},{"floor":9.0,"key":"Juzu Bracelet"},{"floor":25.0,"key":"Paper Crane"},{"floor":26.0,"key":"Blood Vial"},{"floor":36.0,"key":"Tingsha"},{"floor":43.0,"key":"Happy Flower"},{"floor":45.0,"key":"Lizard Tail"}],"event_choices":[{"damage_healed":0.0,"max_hp_gain":0.0,"max_hp_loss":5.0,"gold_gain":0.0,"event_name":"Golden Idol","player_choice":"Lose Max HP","floor":3.0,"gold_loss":0.0,"damage_taken":0.0,"relics_obtained":["Golden Idol"]},{"damage_healed":0.0,"max_hp_gain":0.0,"max_hp_loss":0.0,"gold_gain":0.0,"event_name":"Lab","player_choice":"Got Potions","floor":13.0,"gold_loss":0.0,"damage_taken":0.0},{"cards_removed":["Burst"],"damage_healed":0.0,"max_hp_gain":0.0,"max_hp_loss":0.0,"gold_gain":0.0,"event_name":"Designer","player_choice":"Upgrade and Remove","floor":19.0,"gold_loss":90.0,"damage_taken":0.0,"cards_upgraded":["Burst"]},{"damage_healed":0.0,"max_hp_gain":0.0,"max_hp_loss":0.0,"gold_gain":0.0,"event_name":"Accursed Blacksmith","player_choice":"Rummage","floor":20.0,"gold_loss":0.0,"damage_taken":0.0,"relics_obtained":["WarpedTongs"],"cards_obtained":["Pain"]},{"cards_removed":["Pain"],"damage_healed":0.0,"max_hp_gain":0.0,"max_hp_loss":0.0,"gold_gain":0.0,"event_name":"Purifier","player_choice":"Purged","floor":21.0,"gold_loss":0.0,"damage_taken":0.0},{"damage_healed":0.0,"max_hp_gain":0.0,"max_hp_loss":0.0,"gold_gain":0.0,"event_name":"Duplicator","player_choice":"Copied","floor":28.0,"gold_loss":0.0,"damage_taken":0.0,"cards_obtained":["Accuracy"]},{"damage_healed":0.0,"max_hp_gain":0.0,"max_hp_loss":0.0,"gold_gain":0.0,"event_name":"Vampires","player_choice":"Ignored","floor":30.0,"gold_loss":0.0,"damage_taken":0.0},{"damage_healed":0.0,"max_hp_gain":0.0,"max_hp_loss":0.0,"gold_gain":0.0,"event_name":"The Mausoleum","player_choice":"Opened","floor":31.0,"gold_loss":0.0,"damage_taken":0.0,"relics_obtained":["Toy Ornithopter"]},{"damage_healed":0.0,"max_hp_gain":0.0,"max_hp_loss":0.0,"gold_gain":0.0,"event_name":"MindBloom","player_choice":"Fight","floor":36.0,"gold_loss":0.0,"damage_taken":0.0},{"damage_healed":0.0,"max_hp_gain":0.0,"max_hp_loss":0.0,"gold_gain":0.0,"event_name":"SensoryStone","player_choice":"Memory 1","floor":37.0,"gold_loss":0.0,"damage_taken":0.0},{"damage_healed":0.0,"max_hp_gain":0.0,"max_hp_loss":0.0,"gold_gain":0.0,"cards_transformed":["Panacea"],"event_name":"Transmorgrifier","player_choice":"Transformed","floor":41.0,"gold_loss":0.0,"damage_taken":0.0,"cards_obtained":["Metamorphosis"]},{"damage_healed":0.0,"max_hp_gain":0.0,"max_hp_loss":0.0,"gold_gain":0.0,"event_name":"Mysterious Sphere","player_choice":"Ignored","floor":47.0,"gold_loss":0.0,"damage_taken":0.0},{"damage_healed":0.0,"max_hp_gain":0.0,"max_hp_loss":0.0,"gold_gain":0.0,"event_name":"Match and Keep!","player_choice":"0 cards matched","floor":48.0,"gold_loss":0.0,"damage_taken":0.0,"cards_obtained":[]}],"is_beta":false,"boss_relics":[{"not_picked":["Ectoplasm","Busted Crown"],"picked":"Pandora\u0027s Box"},{"not_picked":["Runic Dome","Runic Pyramid"],"picked":"HoveringKite"}],"items_purged_floors":[2,12,27],"is_endless":false,"potions_floor_spawned":[1,7,18,36,39,45],"ascension_level":4}}