{"host":"0rnesvkxrqb3qgnn","time":1608702923,"event":{"mods":["BaseMod","Colored Map","Colored Powertips","Highlight Path","Minty Spire (QoL Compilation)","Relic Stats","StSLib"],"gold_per_floor":[116,116,131,131,155,167,104,116,139,39,51,61,61,61,61,159,159,171,171,189,189,202,230,245,245,245,245,245],"floor_reached":27,"playtime":1217,"items_purged":["Regret","Strike_B"],"score":250,"play_id":"c86e1ee5-2432-4f01-9399-1fb1f246e627","local_time":"20201223165523","is_ascension_mode":false,"campfire_choices":[{"data":"Zap","floor":6,"key":"SMITH"},{"data":"Defragment","floor":13,"key":"SMITH"},{"data":"Beam Cell","floor":15,"key":"SMITH"},{"data":"Thunder Strike","floor":25,"key":"SMITH"}],"circlet_count":0,"master_deck":["Strike_B","Defend_B","Defend_B","Defend_B","Defend_B","Zap+1","Dualcast","Hyperbeam","Conserve Battery","Beam Cell+1","Defragment+1","Lockon+1","Conserve Battery","Thunder Strike+1","Ball Lightning","Storm+1","Gash+1"],"relics":["Cracked Core","MawBank","Toy Ornithopter","Inserter","Bird Faced Urn","Pear","Prayer Wheel"],"acts_visited":["Exordium","TheCity"],"potions_floor_usage":[16,16,20,23,23,24],"damage_taken":[{"damage":2,"enemies":"2 Louse","floor":1,"turns":2},{"damage":0,"enemies":"Jaw Worm","floor":3,"turns":2},{"damage":0,"enemies":"Cultist","floor":5,"turns":3},{"damage":0,"enemies":"3 Louse","floor":8,"turns":1},{"damage":5,"enemies":"Blue Slaver","floor":11,"turns":4},{"damage":1,"enemies":"Lots of Slimes","floor":12,"turns":2},{"damage":23,"enemies":"The Guardian","floor":16,"turns":10},{"damage":7,"enemies":"Chosen","floor":18,"turns":5},{"damage":16,"enemies":"3 Byrds","floor":20,"turns":5},{"damage":23,"enemies":"Centurion and Healer","floor":22,"turns":7},{"damage":33,"enemies":"Slavers","floor":23,"turns":5},{"damage":6,"enemies":"Snecko","floor":24,"turns":4},{"damage":37,"enemies":"Shelled Parasite and Fungi","floor":27,"turns":3}],"seed_played":"-8054991242525138213","potions_obtained":[{"floor":3,"key":"SkillPotion"},{"floor":5,"key":"SkillPotion"},{"floor":12,"key":"SteroidPotion"},{"floor":18,"key":"Fruit Juice"},{"floor":20,"key":"Explosive Potion"},{"floor":23,"key":"ColorlessPotion"}],"is_trial":false,"path_per_floor":["M","?","M","?","M","R","$","M","T","$","M","M","R","?","R","B",null,"M","?","M","T","M","E","M","R","T","M"],"character_chosen":"DEFECT","items_purchased":[],"campfire_rested":0,"item_purchase_floors":[],"current_hp_per_floor":[73,66,66,66,66,66,66,66,66,66,61,60,60,60,60,47,75,68,68,62,62,41,30,33,33,33,0,0],"gold":245,"neow_bonus":"ONE_RANDOM_RARE_CARD","is_daily":false,"chose_seed":false,"campfire_upgraded":4,"win_rate":0.0,"timestamp":1608702923,"path_taken":["M","?","M","?","M","R","$","M","T","?","?","M","R","?","R","BOSS","M","?","?","?","M","E","M","R","T","M"],"items_purchased_type":[],"build_version":"2020-12-22","purchased_purges":2,"victory":false,"max_hp_per_floor":[75,75,75,75,75,75,75,75,75,75,75,75,75,75,75,75,75,75,75,80,80,80,90,90,90,90,90,90],"relic_stats":{"Inserter":[14],"counters":[13,53],"Bird Faced Urn":[12],"Prayer Wheel":0,"MawBank":36,"obtain_stats":[{"Inserter":17,"Pear":23,"Bird Faced Urn":21,"Prayer Wheel":26,"Cracked Core":0,"MawBank":4,"Toy Ornithopter":9},{"Inserter":7,"Pear":11,"Bird Faced Urn":9,"Prayer Wheel":12,"Cracked Core":0,"MawBank":2,"Toy Ornithopter":4},{"Inserter":24,"Pear":46,"Bird Faced Urn":34,"Prayer Wheel":50,"Cracked Core":0,"MawBank":4,"Toy Ornithopter":8}],"Toy Ornithopter":30},"card_choices":[{"not_picked":["Ball Lightning","Reprogram"],"picked":"Conserve Battery","floor":1},{"not_picked":["Compile Driver","BootSequence"],"picked":"Beam Cell","floor":3},{"not_picked":["Scrape","Auto Shields","Hologram"],"picked":"SKIP","floor":5},{"not_picked":["Sunder","Reprogram"],"picked":"Defragment","floor":8},{"not_picked":["Go for the Eyes","Compile Driver"],"picked":"Lockon","floor":11},{"not_picked":["Compile Driver","Beam Cell"],"picked":"Conserve Battery","floor":12},{"not_picked":["Reboot","Machine Learning"],"picked":"Thunder Strike","floor":16},{"not_picked":["Leap","Fusion"],"picked":"Ball Lightning","floor":18},{"not_picked":["Scrape","Turbo","Steam+1"],"picked":"SKIP","floor":20},{"not_picked":["Consume","Hologram","Conserve Battery"],"picked":"SKIP","floor":22},{"not_picked":["Beam Cell","Leap"],"picked":"Storm+1","floor":23},{"not_picked":["Core Surge","Recycle"],"picked":"Gash+1","floor":24}],"player_experience":91219,"relics_obtained":[{"floor":9,"key":"Toy Ornithopter"},{"floor":21,"key":"Bird Faced Urn"},{"floor":23,"key":"Pear"},{"floor":26,"key":"Prayer Wheel"}],"event_choices":[{"cards_removed":["Strike_B"],"damage_healed":0,"gold_gain":0,"player_choice":"Card Removal","damage_taken":7,"max_hp_gain":0,"max_hp_loss":0,"event_name":"Golden Wing","floor":2,"gold_loss":0},{"damage_healed":0,"gold_gain":0,"player_choice":"Box","damage_taken":0,"relics_obtained":["MawBank"],"max_hp_gain":0,"max_hp_loss":0,"event_name":"Big Fish","floor":4,"gold_loss":0,"cards_obtained":["Regret"]},{"damage_healed":0,"gold_gain":0,"player_choice":"Grow","damage_taken":0,"max_hp_gain":0,"max_hp_loss":0,"event_name":"Living Wall","floor":14,"gold_loss":0,"cards_upgraded":["Lockon"]},{"cards_removed":["Strike_B"],"damage_healed":0,"gold_gain":0,"player_choice":"Purged","damage_taken":0,"max_hp_gain":0,"max_hp_loss":0,"event_name":"Purifier","floor":19,"gold_loss":0}],"is_beta":false,"boss_relics":[{"not_picked":["Coffee Dripper","Calling Bell"],"picked":"Inserter"}],"items_purged_floors":[7,10],"is_endless":false,"potions_floor_spawned":[3,5,12,18,20,23],"killed_by":"Shelled Parasite and Fungi","ascension_level":0}}