{"host":"3jpwrwmmgyabjceh","time":1608760084,"event":{"mods":["AchievementEnabler","BaseMod","Colored Map","Colored Powertips","Highlight Path","Minty Spire (QoL Compilation)","Quick Restart","StSLib"],"gold_per_floor":[109,126,136,155,40,40,54,64,88,11,11,11,11,28,28,126,126,143,21,37,107,107,107,107,25,25,57,72,72,88,88,88,187,187,198,198,51,66,83,83,99,99,99,113,23,23,23],"floor_reached":46,"playtime":1450,"items_purged":["Strike_B","Static Discharge"],"score":522,"play_id":"0cf9a567-cd2f-4870-8473-81dedb20ce1d","local_time":"20201224004804","is_ascension_mode":true,"campfire_choices":[{"data":"Hologram","floor":6,"key":"SMITH"},{"data":"Self Repair","floor":12,"key":"SMITH"},{"data":"Hologram","floor":15,"key":"SMITH"},{"data":"Self Repair","floor":23,"key":"SMITH"},{"data":"Scrape","floor":29,"key":"SMITH"},{"data":"Zap","floor":32,"key":"SMITH"},{"data":"Echo Form","floor":40,"key":"SMITH"},{"data":"Sweeping Beam","floor":42,"key":"SMITH"}],"circlet_count":0,"master_deck":["Zap+1","Dualcast","Sweeping Beam+1","Gash","Hologram+1","Streamline","Self Repair+1","Go for the Eyes","Go for the Eyes","Gash","Self Repair+1","Hologram+1","Conserve Battery+1","Gash","Scrape+1","Conserve Battery","Redo+1","Gash+1","Echo Form+1","Gash+1","Go for the Eyes+1"],"relics":["Cracked Core","Happy Flower","Busted Crown","Mercury Hourglass","Nilry\u0027s Codex","Molten Egg 2","Centennial Puzzle","Pandora\u0027s Box","Symbiotic Virus"],"acts_visited":["Exordium","TheCity","TheBeyond"],"potions_floor_usage":[16,30,44,44],"damage_taken":[{"damage":6,"enemies":"Cultist","floor":1,"turns":3},{"damage":0,"enemies":"Small Slimes","floor":2,"turns":2},{"damage":1,"enemies":"2 Louse","floor":3,"turns":2},{"damage":1,"enemies":"2 Fungi Beasts","floor":4,"turns":3},{"damage":3,"enemies":"Blue Slaver","floor":7,"turns":3},{"damage":15,"enemies":"Exordium Wildlife","floor":8,"turns":4},{"damage":2,"enemies":"Red Slaver","floor":14,"turns":3},{"damage":50,"enemies":"Slime Boss","floor":16,"turns":9},{"damage":6,"enemies":"Spheric Guardian","floor":18,"turns":3},{"damage":26,"enemies":"2 Thieves","floor":20,"turns":5},{"damage":19,"enemies":"Book of Stabbing","floor":27,"turns":6},{"damage":18,"enemies":"3 Cultists","floor":28,"turns":4},{"damage":8,"enemies":"Shelled Parasite and Fungi","floor":30,"turns":3},{"damage":42,"enemies":"Champ","floor":33,"turns":11},{"damage":5,"enemies":"3 Darklings","floor":35,"turns":4},{"damage":12,"enemies":"3 Shapes","floor":38,"turns":5},{"damage":29,"enemies":"3 Darklings","floor":39,"turns":4},{"damage":13,"enemies":"Spire Growth","floor":41,"turns":3},{"damage":19,"enemies":"Writhing Mass","floor":44,"turns":5},{"damage":48,"enemies":"Jaw Worm Horde","floor":46,"turns":1}],"seed_played":"1956708719458890203","potions_obtained":[{"floor":1,"key":"FocusPotion"},{"floor":2,"key":"Strength Potion"},{"floor":3,"key":"PotionOfCapacity"},{"floor":14,"key":"BlessingOfTheForge"},{"floor":28,"key":"SteroidPotion"},{"floor":33,"key":"SkillPotion"},{"floor":35,"key":"CultistPotion"}],"is_trial":false,"path_per_floor":["M","M","M","M","$","R","M","M","T","$","?","R","?","M","R","B",null,"M","$","M","T","?","R","?","$","T","E","M","R","M","?","R","B",null,"M","?","$","M","M","R","M","R","T","M","?","M"],"character_chosen":"DEFECT","items_purchased":["Self Repair","Go for the Eyes","Self Repair","Gash","Scrape","Gash+1"],"campfire_rested":0,"item_purchase_floors":[5,5,10,19,25,37],"current_hp_per_floor":[69,69,68,67,67,67,71,63,63,63,48,48,48,53,53,23,75,75,75,66,66,66,66,50,50,50,51,53,53,55,55,55,33,75,75,75,75,75,66,66,53,53,53,44,44,0,0],"gold":23,"neow_bonus":"REMOVE_CARD","is_daily":false,"chose_seed":false,"campfire_upgraded":8,"win_rate":0.0,"timestamp":1608760084,"path_taken":["M","M","M","M","?","R","M","?","T","$","?","R","?","M","R","BOSS","M","$","M","?","?","R","?","$","T","E","?","R","M","?","R","BOSS","M","?","$","M","?","R","M","R","T","M","?","M"],"items_purchased_type":["Card","Card","Card","Card","Card","Card"],"build_version":"2020-12-22","purchased_purges":2,"victory":false,"max_hp_per_floor":[75,75,75,75,75,75,75,75,75,75,75,75,75,75,75,75,75,75,75,75,75,75,75,75,75,75,75,75,75,75,75,75,75,75,75,75,75,75,75,75,75,75,75,75,75,75,75],"card_choices":[{"not_picked":["Ball Lightning","Loop"],"picked":"Sweeping Beam","floor":1},{"not_picked":["Ball Lightning","Turbo"],"picked":"Gash","floor":2},{"not_picked":["Skim","Steam Power"],"picked":"Hologram","floor":3},{"not_picked":["Skim","Fusion"],"picked":"Streamline","floor":4},{"not_picked":["Turbo","Coolheaded"],"picked":"Go for the Eyes","floor":7},{"not_picked":["Turbo","Lockon"],"picked":"Gash","floor":8},{"not_picked":["Melter","Steam"],"picked":"Hologram","floor":14},{"not_picked":[],"picked":"Conserve Battery+1","floor":18},{"not_picked":["Static Discharge"],"picked":"SKIP","floor":20},{"not_picked":["Consume"],"picked":"SKIP","floor":27},{"not_picked":["Chaos"],"picked":"SKIP","floor":28},{"not_picked":[],"picked":"Conserve Battery","floor":30},{"not_picked":["Blizzard+1"],"picked":"SKIP","floor":35},{"not_picked":[],"picked":"Go for the Eyes+1","floor":38},{"not_picked":["Rebound+1"],"picked":"SKIP","floor":39},{"not_picked":["Coolheaded"],"picked":"SKIP","floor":41},{"not_picked":["Capacitor"],"picked":"SKIP","floor":44}],"player_experience":266760,"relics_obtained":[{"floor":9,"key":"Happy Flower"},{"floor":24,"key":"Nilry\u0027s Codex"},{"floor":26,"key":"Molten Egg 2"},{"floor":27,"key":"Centennial Puzzle"},{"floor":43,"key":"Symbiotic Virus"}],"event_choices":[{"damage_healed":0,"gold_gain":0,"player_choice":"Entered Light","damage_taken":15,"max_hp_gain":0,"max_hp_loss":0,"event_name":"Shining Light","floor":11,"gold_loss":0,"cards_upgraded":["Defend_B","Defend_B"]},{"damage_healed":0,"gold_gain":0,"player_choice":"0 cards matched","damage_taken":0,"max_hp_gain":0,"max_hp_loss":0,"event_name":"Match and Keep!","floor":13,"gold_loss":0,"cards_obtained":[]},{"damage_healed":0,"gold_gain":0,"player_choice":"Opened","damage_taken":0,"relics_obtained":["Mercury Hourglass"],"max_hp_gain":0,"max_hp_loss":0,"event_name":"The Mausoleum","floor":22,"gold_loss":0},{"damage_healed":0,"gold_gain":0,"player_choice":"Obtained Book","damage_taken":16,"max_hp_gain":0,"max_hp_loss":0,"event_name":"Cursed Tome","floor":24,"gold_loss":0},{"damage_healed":0,"gold_gain":0,"player_choice":"Bought 0 Potions","damage_taken":0,"max_hp_gain":0,"max_hp_loss":0,"event_name":"The Woman in Blue","floor":31,"gold_loss":0},{"cards_removed":["Recycle"],"damage_healed":0,"gold_gain":0,"player_choice":"Offered Uncommon","damage_taken":0,"max_hp_gain":0,"max_hp_loss":0,"event_name":"Bonfire Elementals","floor":36,"gold_loss":0},{"cards_removed":["Skim"],"damage_healed":0,"gold_gain":0,"player_choice":"Upgrade and Remove","damage_taken":0,"max_hp_gain":0,"max_hp_loss":0,"event_name":"Designer","floor":45,"gold_loss":90,"cards_upgraded":["Redo"]}],"is_beta":false,"boss_relics":[{"not_picked":["Fusion Hammer","Runic Pyramid"],"picked":"Busted Crown"},{"not_picked":["Snecko Eye","Velvet Choker"],"picked":"Pandora\u0027s Box"}],"items_purged_floors":[19,37],"is_endless":false,"potions_floor_spawned":[1,2,3,14,28,33,35],"killed_by":"Jaw Worm Horde","ascension_level":3}}