{"host":"h7xtspmc2x3i8s2i","time":1608709691,"event":{"mods":["2.2 Compatiblity","AchievementEnabler","Act Like it!","AlwaysNeverKeys","Aspiration","Astrologer","BaseMod","Beaked The Cultist","Better Match","Better Sensory Stone","Better Third Choice","Better Vampires","BetterRewards","Challenge The Spire","Colored Map","Colored Powertips","Colorless Booster Pack","Curses Come First","Defuse TimeMaze Blight","Dio Mod","Downfall","Duelist Mod","EXCEPTION","Energized Spire","Friendly Minions","GifTheSpireLib","Gold Saver","Gremlin Skip","Halation","Hubris","Jedi Mod","Key Reminder","Marked Mod","Minty Spire (QoL Compilation)","Pale of the Ancients","Permanent Neow","Random Character Button","Random Character Mod","Rare Cards Sparkle","Relic Filter","Relic Stats","Replay The Spire","SacredBarkPlus","Shop Mod","Somnambulant","Spicy Shops","Spikes Relics","Spire Birthday Party","StSLib","Steal the Spire","Stuff the Spire","SuperFastMode","The Awakened One except there are too many feathers","The Blue Laboratory","The Cursed","The Death Knight","The Dragon Tamer","The Edgeheg","The Hierophant","The Problem Sleuth","The Wild Card","Transform Curses","Unceasing Turn Reminder","everything is the same but u backflip on backflip","slay the spire mod where everything is the same but ironclad has a cowboy hat","vexMod"],"gold_per_floor":[1109,1079,1096,84,100,100,0,29,29,29,45,45,72,87,87,183,233,243,255,268,268,268,301,312,341,341,341,87,100,120,136,136,231,231,247,247,258,258,271,302,358,371,450,450,482,482,508,525,525,525,545,562,537,10,10,30,30,107,107,107],"floor_reached":61,"playtime":4688,"items_purged":["theWildCard:BasicStrike","theWildCard:BasicStrike","theWildCard:BasicDefend","theWildCard:BasicDefend"],"score":1465,"play_id":"a50b9ab7-9ea7-4e8e-82fc-2a0d1afa0444","local_time":"20201223024811","is_ascension_mode":false,"campfire_choices":[{"floor":6,"key":"RECALL"},{"floor":12,"key":"REST"},{"floor":15,"key":"REST"},{"floor":27,"key":"REST"},{"floor":44,"key":"REST"},{"floor":49,"key":"REST"},{"data":"theWildCard:CryOfAgony","floor":55,"key":"SMITH"},{"data":"theWildCard:ManOfManyFaces","floor":57,"key":"SMITH"}],"circlet_count":0,"master_deck":["theWildCard:BasicStrike","theWildCard:BasicStrike","theWildCard:BasicDefend","theWildCard:BasicDefend","theWildCard:CallToAdventure","theWildCard:Arsene","theWildCard:TheUniverse+1","theWildCard:CryOfAgony+1","theWildCard:ArchaicAssault","theWildCard:ManOfManyFaces+1","theWildCard:ManOfManyFaces","Enlightenment+1","theWildCard:IdentityTheft+1","theWildCard:ArchaicAssault+1","theWildCard:AllOutAttack+1","theWildCard:Alice","theWildCard:ArcaneArts","theWildCard:MaskChange","theWildCard:ArchaicAssault+1","theWildCard:ArcaneArts","theWildCard:ArchaicAssault+1","theWildCard:Caesar","theWildCard:PowerOfTheArcana","theWildCard:Unburden","theWildCard:SacrificialStroke+1","theWildCard:Deicide","theWildCard:ArchaicAssault+1","theWildCard:Metatron","theWildCard:ArchaicAssault+1","theWildCard:SacrificialStroke+1","theWildCard:MaskChange","theWildCard:EnergyTheft+1","theWildCard:ArchaicAssault+1","theWildCard:Alice+1","theWildCard:ArchaicAssault+1","theWildCard:MagicMettle","Mayhem","expansioncontent:DarkVoid+1","Sadistic Nature"],"relics":["theWildCard:VelvetContract","MerchantsRug","TheAbacus","aspiration:ArtOfWarUpgrade","hubris:TenFootPole","Happy Flower","Molten Egg 2","Bottled Flame","Tiny House","halation:EternalFortune","sneckomod:BlankCard","Toy Ornithopter","halation:TwoAmDonut","Bottled Tornado","SnailShell","aspiration:SecretTechniqueScroll","vexMod:Dragonfruit","hubris:Icosahedron","StuffTheSpire:Expresso","PreservedInsect","Mirror","Mango","jedi:cryingmask","paleoftheancients:Timepiece","paleoftheancients:KeyRelic","Ice Cream","Gremlin Horn","halation:Risk","ReplayTheSpireMod:ShopPack","paleoftheancients:SoulOfTheShrineMaiden","theWildCard:MemoriesOfPhantasm"],"acts_visited":["Exordium","TheCity","TheBeyond","TheBeyond"],"potions_floor_usage":[11,16,18,23,24,33,33,40,40,42,45,45,56,60],"damage_taken":[{"damage":1,"enemies":"Cultist","floor":1,"turns":4},{"damage":4,"enemies":"Small Slimes","floor":3,"turns":3},{"damage":0,"enemies":"2 Louse","floor":5,"turns":1},{"damage":49,"enemies":"Gremlin Nob","floor":8,"turns":6},{"damage":7,"enemies":"Looter","floor":11,"turns":3},{"damage":0,"enemies":"Lagavulin","floor":13,"turns":3},{"damage":5,"enemies":"Exordium Wildlife","floor":14,"turns":6},{"damage":21,"enemies":"Slime Boss","floor":16,"turns":6},{"damage":9,"enemies":"2 Thieves","floor":18,"turns":4},{"damage":0,"enemies":"3 Byrds","floor":19,"turns":4},{"damage":20,"enemies":"Sentry and Sphere","floor":20,"turns":4},{"damage":0,"enemies":"Gremlin Leader","floor":23,"turns":5},{"damage":0,"enemies":"Chosen and Byrds","floor":24,"turns":4},{"damage":0,"enemies":"theDuelist:KaibaA2","floor":25,"turns":5},{"damage":0,"enemies":"3 Cultists","floor":29,"turns":4},{"damage":0,"enemies":"Snecko","floor":30,"turns":5},{"damage":0,"enemies":"Centurion and Healer","floor":31,"turns":4},{"damage":15,"enemies":"Champ","floor":33,"turns":11},{"damage":0,"enemies":"3 Shapes","floor":35,"turns":4},{"damage":10,"enemies":"3 Darklings","floor":37,"turns":8},{"damage":0,"enemies":"Sphere and 2 Shapes","floor":39,"turns":6},{"damage":18,"enemies":"Reptomancer","floor":40,"turns":5},{"damage":0,"enemies":"Jaw Worm Horde","floor":42,"turns":3},{"damage":0,"enemies":"Giant Head","floor":45,"turns":6},{"damage":35,"enemies":"beaked:SuperParasite","floor":47,"turns":7},{"damage":0,"enemies":"Writhing Mass","floor":48,"turns":4},{"damage":0,"enemies":"Replay:Hell Engine","floor":50,"turns":10},{"damage":48,"enemies":"Replay:Hell Engine","floor":51,"turns":9},{"damage":0,"enemies":"Replay:Hell Engine","floor":52,"turns":6},{"damage":25,"enemies":"Replay:Hell Engine","floor":56,"turns":8},{"damage":7,"enemies":"paleoftheancients:N","floor":60,"turns":6}],"seed_played":"-5088336946984432369","potions_obtained":[{"floor":1,"key":"sneckomod:MuddlingPotion"},{"floor":2,"key":"blueLaboratory:TrueEctoplasm"},{"floor":2,"key":"jedi:holywater"},{"floor":8,"key":"blueLaboratory:EnragingPotion"},{"floor":13,"key":"blueLaboratory:BottleOfRum"},{"floor":17,"key":"GamblersBrew"},{"floor":20,"key":"blueLaboratory:LouseDecoction"},{"floor":23,"key":"DeathKnight:RimePotion"},{"floor":25,"key":"Elixir"},{"floor":30,"key":"Adrenaline Potion"},{"floor":31,"key":"blueLaboratory:RecallPotion"},{"floor":37,"key":"blueLaboratory:BottledHope"},{"floor":39,"key":"LiquidBronze"},{"floor":41,"key":"Swift Potion"},{"floor":41,"key":"Strength Potion"},{"floor":42,"key":"Slimebound:ThreeZeroPotion"},{"floor":48,"key":"blueLaboratory:PhilterOfMotion"},{"floor":52,"key":"blueLaboratory:FruitPunch"},{"floor":56,"key":"Guardian:BlockOnCardUsePotion"}],"is_trial":false,"path_per_floor":["M","?","M","$","M","R","?","E","T","?","M","R","E","M","R","B",null,"M","M","M","?","?","E","M","E","T","R","$","M","M","M","R","B",null,"M","T","M","?","M","E","?","M","T","R","E","R","E","M","R","B","M","M","?","$","R","M","R","T","?","B",null],"character_chosen":"THE_WILD_CARD","items_purchased":["theWildCard:ManOfManyFaces","MerchantsRug","TheAbacus","Art of War","hubris:TenFootPole","Happy Flower","theWildCard:PowerOfTheArcana","SnailShell","ReplayTheSpireMod:ShopPack","theWildCard:ArchaicAssault+1","theWildCard:MagicMettle"],"campfire_rested":5,"item_purchase_floors":[4,4,4,4,4,4,28,28,54,54,54],"current_hp_per_floor":[59,59,55,55,55,55,61,12,12,12,5,24,24,19,38,17,71,62,62,42,45,45,45,50,50,50,72,72,72,74,74,74,62,77,77,82,72,72,72,64,48,53,53,77,96,96,61,61,89,96,72,85,85,85,85,87,87,87,87,94],"gold":107,"neow_bonus":"ONE_RANDOM_RARE_CARD","is_daily":false,"chose_seed":false,"campfire_upgraded":2,"win_rate":0.0,"timestamp":1608709691,"path_taken":["M","?","?","?","?","R","?","E","T","?","M","R","E","M","R","BOSS","M","M","M","?","?","E","M","E","T","R","?","M","?","M","R","BOSS","M","?","M","?","M","E","?","?","T","R","E","R","E","M","R","BOSS","M","M","?","$","R","M","R","T","?","BOSS"],"items_purchased_type":["Card","Relic","Relic","Relic","Relic","Relic","Card","Relic","Relic","Card","Card"],"build_version":"2020-12-22","purchased_purges":4,"victory":true,"max_hp_per_floor":[60,60,60,60,60,60,66,66,66,66,66,66,66,66,66,66,71,71,71,71,74,74,74,74,74,74,74,74,74,74,74,74,77,77,77,82,82,82,82,82,82,82,82,82,96,96,96,96,96,96,96,96,96,96,96,101,101,101,101,101],"relic_stats":{"TheAbacus":[786],"Happy Flower":[52],"Gremlin Horn":[15,15],"counters":[31,164],"PreservedInsect":204,"obtain_stats":[{"Ice Cream":50,"SnailShell":28,"Tiny House":17,"Gremlin Horn":50,"sneckomod:BlankCard":22,"Mango":45,"paleoftheancients:SoulOfTheShrineMaiden":56,"Bottled Tornado":26,"theWildCard:MemoriesOfPhantasm":58,"TheAbacus":4,"hubris:Icosahedron":38,"aspiration:ArtOfWarUpgrade":46,"jedi:cryingmask":47,"MerchantsRug":4,"paleoftheancients:KeyRelic":50,"Happy Flower":4,"StuffTheSpire:Expresso":40,"PreservedInsect":41,"aspiration:SecretTechniqueScroll":34,"keyreminder:keyreminder":6,"vexMod:Dragonfruit":36,"paleoftheancients:Timepiece":50,"theWildCard:VelvetContract":0,"Bottled Flame":13,"halation:EternalFortune":21,"Molten Egg 2":8,"Art of War":4,"hubris:TenFootPole":4,"halation:TwoAmDonut":25,"Mirror":43,"Toy Ornithopter":23,"halation:Risk":53,"ReplayTheSpireMod:ShopPack":54},{"Ice Cream":27,"SnailShell":14,"Tiny House":8,"Gremlin Horn":27,"sneckomod:BlankCard":11,"Mango":24,"paleoftheancients:SoulOfTheShrineMaiden":30,"Bottled Tornado":14,"theWildCard:MemoriesOfPhantasm":30,"TheAbacus":2,"hubris:Icosahedron":20,"aspiration:ArtOfWarUpgrade":24,"jedi:cryingmask":25,"MerchantsRug":2,"paleoftheancients:KeyRelic":27,"Happy Flower":2,"StuffTheSpire:Expresso":22,"PreservedInsect":22,"aspiration:SecretTechniqueScroll":18,"keyreminder:keyreminder":3,"vexMod:Dragonfruit":19,"paleoftheancients:Timepiece":27,"theWildCard:VelvetContract":0,"Bottled Flame":6,"halation:EternalFortune":11,"Molten Egg 2":4,"Art of War":2,"hubris:TenFootPole":2,"halation:TwoAmDonut":14,"Mirror":23,"Toy Ornithopter":12,"halation:Risk":29,"ReplayTheSpireMod:ShopPack":29},{"Ice Cream":135,"SnailShell":58,"Tiny House":32,"Gremlin Horn":135,"sneckomod:BlankCard":44,"Mango":114,"paleoftheancients:SoulOfTheShrineMaiden":158,"Bottled Tornado":58,"theWildCard:MemoriesOfPhantasm":158,"TheAbacus":7,"hubris:Icosahedron":94,"aspiration:ArtOfWarUpgrade":114,"jedi:cryingmask":121,"MerchantsRug":7,"paleoftheancients:KeyRelic":135,"Happy Flower":7,"StuffTheSpire:Expresso":105,"PreservedInsect":105,"aspiration:SecretTechniqueScroll":82,"keyreminder:keyreminder":8,"vexMod:Dragonfruit":86,"paleoftheancients:Timepiece":135,"theWildCard:VelvetContract":0,"Bottled Flame":20,"halation:EternalFortune":44,"Molten Egg 2":14,"Art of War":7,"hubris:TenFootPole":7,"halation:TwoAmDonut":58,"Mirror":108,"Toy Ornithopter":49,"halation:Risk":150,"ReplayTheSpireMod:ShopPack":150}],"Toy Ornithopter":35},"card_choices":[{"not_picked":["theWildCard:Impatience","theWildCard:ArcanaArtistry"],"picked":"theWildCard:CryOfAgony","floor":1},{"not_picked":["theWildCard:Proficiency","theWildCard:ArcanaArtistry"],"picked":"theWildCard:ArchaicAssault","floor":3},{"not_picked":["theWildCard:PaleRider","theWildCard:MaskChange"],"picked":"theWildCard:ManOfManyFaces","floor":5},{"not_picked":["theWildCard:PaleRider","theWildCard:Patience"],"picked":"theWildCard:IdentityTheft+1","floor":8},{"not_picked":["theWildCard:ArcanaArtistry","theWildCard:Patience"],"picked":"theWildCard:ArchaicAssault+1","floor":11},{"not_picked":["theWildCard:MagicalMight+1","theWildCard:Lucifer","theWildCard:EnergizedStroke+1"],"picked":"SKIP","floor":13},{"not_picked":["theWildCard:Impatience","theWildCard:Patience","theWildCard:EnergyTheft+1"],"picked":"SKIP","floor":14},{"not_picked":["theWildCard:TheArcanaUnleashed","theWildCard:Thanatos"],"picked":"theWildCard:AllOutAttack+1","floor":16},{"not_picked":["theWildCard:SeveringSlash+1","theWildCard:PaleRider"],"picked":"theWildCard:Alice","floor":17},{"not_picked":["theWildCard:Providence+1","theWildCard:Patience+1"],"picked":"theWildCard:ArcaneArts","floor":18},{"not_picked":["theWildCard:StalwartBlade+1","theWildCard:StingingStrike+1"],"picked":"theWildCard:MaskChange","floor":19},{"not_picked":["theWildCard:Loki","theWildCard:MaskChange"],"picked":"theWildCard:ArchaicAssault+1","floor":20},{"not_picked":["theWildCard:StingingStrike+1","theWildCard:Proficiency"],"picked":"theWildCard:ArcaneArts","floor":23},{"not_picked":["theWildCard:SacrificialStroke+1","theWildCard:EnergyTheft+1"],"picked":"theWildCard:ArchaicAssault+1","floor":24},{"not_picked":["theWildCard:Michael","theWildCard:PaleRider"],"picked":"theWildCard:Caesar","floor":25},{"not_picked":["theWildCard:Michael","theWildCard:BladeOfGenerations+1"],"picked":"theWildCard:Unburden","floor":29},{"not_picked":["theWildCard:StingingStrike+1","theWildCard:Scathach"],"picked":"theWildCard:SacrificialStroke+1","floor":30},{"not_picked":["theWildCard:Polydeuces","theWildCard:Michael","theWildCard:Sakuya"],"picked":"SKIP","floor":31},{"not_picked":["theWildCard:FuelForTheFire","theWildCard:TheUniverse"],"picked":"theWildCard:Deicide","floor":33},{"not_picked":["theWildCard:MagicalMight+1","theWildCard:MaskChange"],"picked":"theWildCard:ArchaicAssault+1","floor":35},{"not_picked":["theWildCard:Sakuya","theWildCard:PaleRider"],"picked":"theWildCard:Metatron","floor":37},{"not_picked":["theWildCard:Providence+1","theWildCard:Scathach"],"picked":"theWildCard:ArchaicAssault+1","floor":39},{"not_picked":["theWildCard:StingingStrike+1","theWildCard:Michael"],"picked":"theWildCard:SacrificialStroke+1","floor":40},{"not_picked":["theWildCard:BladeOfGenerations+1","theWildCard:Sakuya+1"],"picked":"theWildCard:MaskChange","floor":41},{"not_picked":["theWildCard:Michael+1","theWildCard:PaleRider"],"picked":"theWildCard:EnergyTheft+1","floor":42},{"not_picked":["theWildCard:Impatience+1","theWildCard:MagicalMight+1"],"picked":"theWildCard:ArchaicAssault+1","floor":45},{"not_picked":["theWildCard:EnergizedStroke+1","theWildCard:TheGreatSeal+1","theWildCard:Satanael"],"picked":"SKIP","floor":47},{"not_picked":["theWildCard:Proficiency","theWildCard:EnergizedStroke+1","theWildCard:StalwartBlade+1"],"picked":"SKIP","floor":48},{"not_picked":["theWildCard:Attunement","theWildCard:Proficiency+1","theWildCard:StalwartBlade+1"],"picked":"SKIP","floor":51},{"not_picked":["theWildCard:Patience","theWildCard:TheGreatSeal+1"],"picked":"theWildCard:Alice+1","floor":52},{"not_picked":["Exception:ExceptionCard","Sadistic Nature"],"picked":"Mayhem","floor":54},{"not_picked":["expansioncontent:DonusPower","Swift Strike"],"picked":"expansioncontent:DarkVoid","floor":54},{"not_picked":["Bandage Up","ReplayTheSpireMod:Private Reserves"],"picked":"Sadistic Nature","floor":54},{"not_picked":["theWildCard:ShieldOfMany","theWildCard:PaleRider+1","theWildCard:SeveringSlash+1"],"picked":"SKIP","floor":56}],"player_experience":552574,"relics_obtained":[{"floor":8,"key":"Molten Egg 2"},{"floor":13,"key":"Bottled Flame"},{"floor":22,"key":"sneckomod:BlankCard"},{"floor":23,"key":"Toy Ornithopter"},{"floor":25,"key":"halation:TwoAmDonut"},{"floor":26,"key":"Bottled Tornado"},{"floor":33,"key":"halation:EternalFortune"},{"floor":36,"key":"vexMod:Dragonfruit"},{"floor":40,"key":"StuffTheSpire:Expresso"},{"floor":41,"key":"PreservedInsect"},{"floor":43,"key":"Mirror"},{"floor":45,"key":"Mango"},{"floor":47,"key":"jedi:cryingmask"},{"floor":56,"key":"paleoftheancients:SoulOfTheShrineMaiden"},{"floor":56,"key":"halation:EternalFortune"},{"floor":58,"key":"theWildCard:MemoriesOfPhantasm"}],"event_choices":[{"damage_healed":0,"gold_gain":0,"player_choice":"Bought 2 Potions","damage_taken":0,"max_hp_gain":0,"max_hp_loss":0,"event_name":"The Woman in Blue","floor":2,"gold_loss":0},{"damage_healed":0,"gold_gain":0,"player_choice":"RENOUNCE","damage_taken":100,"max_hp_gain":0,"max_hp_loss":0,"event_name":"betterThird:BetterSerpent","floor":7,"gold_loss":100,"cards_obtained":["Enlightenment"]}],"is_beta":false,"boss_relics":[{"not_picked":["theWildCard:Wildcard","vexMod:FluxCapacitor"],"picked":"Tiny House"},{"not_picked":["Empty Cage","hubris:GrandSneckoEye"],"picked":"aspiration:SecretTechniqueScroll"}],"items_purged_floors":[4,4,54,54],"is_endless":false,"potions_floor_spawned":[1,8,13,20,23,25,29,30,31,37,39,42,48,52,56],"ascension_level":0}}