{"host":"qa8cj4hae9rrz4qd","time":1608688688,"event":{"mods":["BaseMod","Colored Map","Conspire","Energized Spire","Halation","Hubris","Infinite Spire","Minty Spire (QoL Compilation)","Replay The Spire","StSLib","The Construct","The Hierophant","The Jungle","The Runesmith","The Servant 0.9.4","TheBandit","vexMod"],"gold_per_floor":[114,33,48,48,48,48,65,81,108,119,119,136,136,156,156,257,257,269,287,287,298,298,298,315,315,315],"floor_reached":25,"playtime":2838,"items_purged":[],"score":222,"play_id":"86ce9403-8263-4550-8d15-5de088c6323b","local_time":"20201223015808","is_ascension_mode":false,"campfire_choices":[{"data":"construct:LaserCore","floor":6,"key":"SMITH"},{"data":"construct:LaserCore+1","floor":13,"key":"SMITH"},{"floor":15,"key":"REST"},{"floor":23,"key":"REST"}],"circlet_count":0,"master_deck":["construct:Strike_Gold","construct:Strike_Gold","construct:Strike_Gold","construct:Strike_Gold","construct:Strike_Gold","construct:Defend_Gold","construct:Defend_Gold","construct:Defend_Gold","construct:Defend_Gold","construct:Defend_Gold","construct:AttackMode","construct:DefenseMode","construct:Hazardproof+1","construct:LaserCore+2","construct:Versatility","construct:Boost","construct:Stasis","construct:HammerDown+1","construct:Disrupt+1","construct:SweepLaser+1","construct:ClockworkEgg+1","construct:Versatility+1","construct:ScopeCore+1","construct:Boost","construct:Analyze"],"relics":["construct:ClockworkPhoenix","hubris:OldNail","vexMod:ImprovementManual","theJungle:WildPear"],"acts_visited":["Exordium","theJungle:Jungle"],"potions_floor_usage":[16,16,16,16],"damage_taken":[{"damage":2,"enemies":"2 Louse","floor":1,"turns":4},{"damage":18,"enemies":"Small Slimes","floor":3,"turns":4},{"damage":2,"enemies":"Cultist","floor":7,"turns":4},{"damage":6,"enemies":"2 Fungi Beasts","floor":8,"turns":4},{"damage":13,"enemies":"Looter","floor":10,"turns":4},{"damage":15,"enemies":"Blue Slaver","floor":12,"turns":4},{"damage":2,"enemies":"2 Fungi Beasts","floor":14,"turns":4},{"damage":95,"enemies":"The Guardian","floor":16,"turns":9},{"damage":12,"enemies":"theJungle:5_Spyders","floor":18,"turns":10},{"damage":33,"enemies":"Shell Parasite","floor":19,"turns":12},{"damage":38,"enemies":"Snake Plant","floor":21,"turns":7},{"damage":28,"enemies":"theJungle:SlimyTreeVines","floor":24,"turns":10},{"damage":19,"enemies":"theJungle:2_Snecko_Cultists","floor":25,"turns":2}],"seed_played":"4169450469045867680","potions_obtained":[{"floor":3,"key":"Toxic Potion"},{"floor":10,"key":"LiquidMemories"},{"floor":11,"key":"EntropicBrew"},{"floor":12,"key":"Regen Potion"},{"floor":18,"key":"Strength Potion"}],"is_trial":false,"path_per_floor":["M","$","M","?","$","R","M","M","T","M","?","M","R","M","R","B",null,"M","M","?","M","?","R","M","M"],"character_chosen":"THE_CONSTRUCT_MOD","items_purchased":["construct:LaserCore"],"campfire_rested":2,"item_purchase_floors":[2],"current_hp_per_floor":[88,88,70,70,70,70,68,62,62,49,49,34,34,32,59,7,90,78,45,55,17,17,47,19,0,0],"gold":315,"neow_bonus":"RANDOM_EVENT","is_daily":false,"chose_seed":false,"campfire_upgraded":2,"win_rate":0.0,"timestamp":1608688688,"path_taken":["M","$","M","?","$","R","M","M","T","M","?","?","R","M","R","BOSS","M","M","?","M","?","R","M","M"],"items_purchased_type":["Card"],"build_version":"2020-12-13","purchased_purges":0,"victory":false,"max_hp_per_floor":[90,90,90,90,90,90,90,90,90,90,90,90,90,90,90,90,90,90,90,100,100,100,100,100,100,100],"card_choices":[{"not_picked":["construct:HeavyBolt","construct:ModeShift"],"picked":"construct:Hazardproof","floor":1},{"not_picked":["construct:FocusedBeam","construct:HeavyBolt"],"picked":"construct:Versatility","floor":3},{"not_picked":["construct:ShiftStrike","construct:FocusedBeam"],"picked":"construct:Boost","floor":7},{"not_picked":["construct:ShiftStrike","construct:OmegaCannon"],"picked":"construct:Stasis","floor":8},{"not_picked":["construct:QuickAttack","construct:Backup"],"picked":"construct:HammerDown","floor":10},{"not_picked":["construct:Reinforce","construct:FierceBash"],"picked":"construct:Disrupt","floor":12},{"not_picked":["construct:ModeShift","construct:HardReboot"],"picked":"construct:SweepLaser","floor":14},{"not_picked":["construct:GoldenBullet","construct:Bunker"],"picked":"construct:ClockworkEgg","floor":16},{"not_picked":["construct:ShiftStrike","construct:Synchronize"],"picked":"construct:Versatility+1","floor":18},{"not_picked":["construct:SuppressiveFire","construct:Dampening"],"picked":"construct:ScopeCore+1","floor":19},{"not_picked":["construct:SuppressiveFire+1","construct:VentSteam"],"picked":"construct:Boost","floor":21},{"not_picked":["construct:FierceBash+1","construct:VentSteam"],"picked":"construct:Analyze","floor":24}],"player_experience":313656,"relics_obtained":[{"floor":9,"key":"hubris:OldNail"}],"event_choices":[{"damage_healed":0,"gold_gain":0,"player_choice":"Donut","damage_taken":0,"max_hp_gain":5,"max_hp_loss":0,"event_name":"Big Fish","floor":0,"gold_loss":0},{"damage_healed":0,"gold_gain":0,"player_choice":"Leave","damage_taken":0,"max_hp_gain":0,"max_hp_loss":0,"event_name":"conspire:Investor","floor":4,"gold_loss":0},{"damage_healed":0,"gold_gain":0,"player_choice":"Got Potions","damage_taken":0,"max_hp_gain":0,"max_hp_loss":0,"event_name":"Lab","floor":11,"gold_loss":0}],"is_beta":false,"boss_relics":[{"not_picked":["Honey Jar","energizedSpire:CursedPentagram"],"picked":"vexMod:ImprovementManual"}],"items_purged_floors":[],"is_endless":false,"potions_floor_spawned":[3,10,12,18],"killed_by":"theJungle:2_Snecko_Cultists","ascension_level":0}}