{"host":"pecumnp00ic55u1k","time":1608720495,"event":{"mods":["Act Like it!","BaseMod","Colored Map","Colored Powertips","Downfall","Hallownest","Hermit","Highlight Path","Hubris","Minty Spire (QoL Compilation)","Quick Restart","Rare Cards Sparkle","Replay The Spire","StSLib","The Blue Laboratory","The Bug Knight","The Cursed","The IronCluck"],"gold_per_floor":[109,122,122,223,242,278,278,318,341,356,356,379,308,327,327,453,516,537,555,555,576,327,358,373,298,298,322,322,322,341,357,357,486,486,502,523,542,558,334,334,334,334],"floor_reached":41,"playtime":2559,"items_purged":["Bash+1"],"score":450,"play_id":"2836c4a0-e435-4c0c-a164-5ae9c0796da4","local_time":"20201223054815","is_ascension_mode":true,"campfire_choices":[{"data":"Perfected Strike","floor":7,"key":"SMITH"},{"data":"Searing Blow","floor":11,"key":"SMITH"},{"data":"Inflame","floor":15,"key":"SMITH"},{"floor":29,"key":"REST"},{"floor":32,"key":"REST"},{"floor":40,"key":"REST"}],"circlet_count":0,"master_deck":["Strike_R","Strike_R","Strike_R","Strike_R+1","Strike_R","Defend_R","Defend_R+1","Defend_R","Defend_R","Thunderclap","Shrug It Off","Anger","Perfected Strike+1","Shrug It Off","Searing Blow+1","Flex","Inflame+1","Barricade","Armaments","Twin Strike","Wild Strike","Perfected Strike","Metallicize","Wild Strike","Parasite","Entrench","Wild Strike+1"],"relics":["Black Blood","Golden Idol","HollowMod:PaleOreRelic","Replay:Wax Seal","hubris:IronBody","Whetstone","Tiny House","MutagenicStrength","Mummified Hand","Replay:Towering Pillar of Hats","Oddly Smooth Stone","Pet Ghost"],"acts_visited":["Exordium","TheCity","TheBeyond"],"potions_floor_usage":[21,24,37,37,41],"damage_taken":[{"damage":7,"enemies":"Jaw Worm","floor":1,"turns":6},{"damage":8,"enemies":"Small Slimes","floor":2,"turns":3},{"damage":0,"enemies":"2 Louse","floor":5,"turns":3},{"damage":6,"enemies":"Gremlin Nob","floor":6,"turns":3},{"damage":21,"enemies":"3 Sentries","floor":8,"turns":6},{"damage":0,"enemies":"Blue Slaver","floor":10,"turns":3},{"damage":2,"enemies":"Exordium Thugs","floor":12,"turns":4},{"damage":0,"enemies":"Gremlin Gang","floor":14,"turns":4},{"damage":13,"enemies":"Slime Boss","floor":16,"turns":7},{"damage":16,"enemies":"Spheric Guardian","floor":18,"turns":7},{"damage":18,"enemies":"Snecko","floor":19,"turns":5},{"damage":15,"enemies":"Centurion and Healer","floor":21,"turns":6},{"damage":10,"enemies":"Gremlin Leader","floor":23,"turns":5},{"damage":25,"enemies":"Sentry and Sphere","floor":24,"turns":7},{"damage":12,"enemies":"Snake Plant","floor":27,"turns":4},{"damage":6,"enemies":"Centurion and Healer","floor":30,"turns":7},{"damage":22,"enemies":"Chosen and Byrds","floor":31,"turns":5},{"damage":28,"enemies":"Champ","floor":33,"turns":14},{"damage":41,"enemies":"3 Darklings","floor":35,"turns":7},{"damage":19,"enemies":"3 Shapes","floor":36,"turns":4},{"damage":60,"enemies":"Writhing Mass","floor":37,"turns":11},{"damage":60,"enemies":"Sphere and 2 Shapes","floor":38,"turns":11},{"damage":44,"enemies":"Nemesis","floor":41,"turns":8}],"seed_played":"-5294341069765888680","potions_obtained":[{"floor":1,"key":"PowerPotion"},{"floor":6,"key":"Block Potion"},{"floor":12,"key":"Weak Potion"},{"floor":18,"key":"Block Potion"},{"floor":21,"key":"blueLaboratory:ForbiddenFruitJuice"},{"floor":24,"key":"GamblersBrew"},{"floor":36,"key":"Regen Potion"},{"floor":38,"key":"Fire Potion"}],"is_trial":false,"path_per_floor":["M","M","?","?","M","E","R","E","T","M","R","M","$","M","R","B",null,"M","M","?","M","$","E","M","$","T","M","T","R","M","M","R","B",null,"M","M","M","M","$","R","E"],"character_chosen":"IRONCLAD","items_purchased":["Inflame","Mummified Hand","Metallicize","Pet Ghost"],"campfire_rested":3,"item_purchase_floors":[13,22,25,39],"current_hp_per_floor":[87,85,81,61,67,67,67,52,52,58,58,62,62,68,68,61,86,76,64,64,55,55,51,32,32,32,26,26,51,51,35,60,38,86,57,50,70,22,22,44,0,0],"gold":334,"neow_bonus":"TEN_PERCENT_HP_BONUS","is_daily":false,"chose_seed":false,"campfire_upgraded":3,"win_rate":0.0,"timestamp":1608720495,"path_taken":["M","M","?","?","M","E","R","E","T","M","R","M","$","M","R","BOSS","M","M","?","M","$","E","M","$","T","M","?","R","M","M","R","BOSS","M","M","M","M","$","R","E"],"items_purchased_type":["Card","Relic","Card","Relic"],"build_version":"2020-12-22","purchased_purges":1,"victory":false,"max_hp_per_floor":[88,88,81,81,81,81,81,81,81,81,81,81,81,81,81,81,86,86,86,86,86,86,86,86,86,86,86,86,86,86,86,86,86,86,86,86,76,76,76,76,76,76],"card_choices":[{"not_picked":["Rupture","Clash","Headbutt"],"picked":"SKIP","floor":1},{"not_picked":["Wild Strike","Dark Embrace"],"picked":"Thunderclap","floor":2},{"not_picked":["Body Slam","ReplayReversal"],"picked":"Shrug It Off","floor":4},{"not_picked":["Carnage","Whirlwind"],"picked":"Anger","floor":4},{"not_picked":["ReplayTheSpireMod:LeadingStrike","Rupture"],"picked":"Perfected Strike","floor":5},{"not_picked":["Dropkick","Cleave"],"picked":"Shrug It Off","floor":6},{"not_picked":["Berserk","Ghostly Armor","Burning Pact"],"picked":"SKIP","floor":8},{"not_picked":["Havoc","Feel No Pain"],"picked":"Searing Blow","floor":10},{"not_picked":["Iron Wave","hubris:ReadiedAction"],"picked":"Flex","floor":12},{"not_picked":["Combust","Sentinel","Dual Wield"],"picked":"SKIP","floor":14},{"not_picked":["hubris:StunningStrike","Limit Break"],"picked":"Barricade","floor":16},{"not_picked":["ReplayTheSpireMod:Strike From Hell","Iron Wave"],"picked":"Armaments","floor":18},{"not_picked":["Replay:Undeath\u0027s Touch","Sever Soul"],"picked":"Twin Strike","floor":19},{"not_picked":["Whirlwind","Cleave","Replay:Undeath\u0027s Touch"],"picked":"SKIP","floor":21},{"not_picked":["Iron Wave","Shockwave"],"picked":"Wild Strike","floor":23},{"not_picked":["Battle Trance","Sword Boomerang"],"picked":"Perfected Strike","floor":24},{"not_picked":["Hemokinesis+1","ReplayTheSpireMod:Corrosion Curse","ReplayTheSpireMod:Strike From Hell+1"],"picked":"SKIP","floor":27},{"not_picked":["Dark Embrace","Hemogenesis","Headbutt+1"],"picked":"SKIP","floor":30},{"not_picked":["Battle Trance+1","Sever Soul+1"],"picked":"Wild Strike","floor":31},{"not_picked":["Defy Death+1","Havoc+1","Rage+1"],"picked":"SKIP","floor":35},{"not_picked":["Shrug It Off+1","Armaments","Heavy Blade"],"picked":"SKIP","floor":36},{"not_picked":["Shrug It Off+1","Fire Breathing"],"picked":"Entrench","floor":37},{"not_picked":["Warcry+1","Clothesline"],"picked":"Wild Strike+1","floor":38}],"player_experience":76077,"relics_obtained":[{"floor":4,"key":"HollowMod:PaleOreRelic"},{"floor":6,"key":"Replay:Wax Seal"},{"floor":8,"key":"hubris:IronBody"},{"floor":9,"key":"Whetstone"},{"floor":23,"key":"Replay:Towering Pillar of Hats"},{"floor":26,"key":"Oddly Smooth Stone"}],"event_choices":[{"damage_healed":0,"gold_gain":0,"player_choice":"Lose Max HP","damage_taken":0,"relics_obtained":["Golden Idol"],"max_hp_gain":0,"max_hp_loss":7,"event_name":"Golden Idol","floor":3,"gold_loss":0},{"damage_healed":0,"gold_gain":0,"player_choice":"Inject Mutagens","damage_taken":0,"relics_obtained":["MutagenicStrength"],"max_hp_gain":0,"max_hp_loss":0,"event_name":"Drug Dealer","floor":20,"gold_loss":0}],"is_beta":false,"boss_relics":[{"not_picked":["hubris:BlackHole","Velvet Choker"],"picked":"Tiny House"},{"not_picked":["Replay:Ancient Bell","Busted Crown"],"picked":"Black Blood"}],"items_purged_floors":[39],"is_endless":false,"potions_floor_spawned":[1,6,12,16,18,19,21,24,30,31,36,38],"killed_by":"Nemesis","ascension_level":1}}