{"host":"nnxvcju6x1qybncj","time":1608752463,"event":{"mods":["BaseMod","Displayed Cursed Tome","Downfall","Jorbs\u0027s Wanderer Trilogy","Minty Spire (QoL Compilation)","Quick Restart","StSLib","The Construct","The Cursed","The Disciple","The Hierophant","The Judge","The Necromancer","The Spell Scribe","TheFirefly"],"gold_per_floor":[99,99,99,99,13,13,88,238,250,282,282,293,176,196,213,213,213,213],"floor_reached":16,"playtime":897,"items_purged":["Guardian:Strike_Guardian"],"score":98,"play_id":"b049bb9c-6bbf-4ca6-b545-59de58faca76","local_time":"20201223204103","is_ascension_mode":false,"campfire_choices":[{"data":"Guardian:TwinSlam","floor":1,"key":"SMITH"},{"data":"Guardian:AncientConstruct","floor":11,"key":"SMITH"}],"circlet_count":0,"master_deck":["Guardian:Strike_Guardian","Guardian:Strike_Guardian","Guardian:Strike_Guardian","Guardian:Defend_Guardian","Guardian:Defend_Guardian","Guardian:Defend_Guardian","Guardian:Defend_Guardian","Guardian:CurlUp","Guardian:TwinSlam+1","Guardian:Harden","Guardian:Harden","Guardian:ShieldSpikes","Guardian:GuardianWhirl","Guardian:Gem_Green","Guardian:DonusPower","Guardian:AncientConstruct+1","Guardian:ShieldSpikes","Guardian:BronzeArmor","Guardian:PrimingBeam","Guardian:Harden","Guardian:EvasiveProtocol"],"relics":["Guardian:ModeShifter","downfall:HeartsMalice","Vajra","Nunchaku"],"acts_visited":["Exordium"],"potions_floor_usage":[16,16,16],"damage_taken":[{"damage":0,"enemies":"Jaw Worm","floor":2,"turns":1},{"damage":0,"enemies":"2 Louse","floor":3,"turns":1},{"damage":0,"enemies":"downfall:FleeingMerchant","floor":5,"turns":1},{"damage":0,"enemies":"Cultist","floor":9,"turns":4},{"damage":14,"enemies":"3 Sentries","floor":10,"turns":8},{"damage":13,"enemies":"Red Slaver","floor":12,"turns":5},{"damage":0,"enemies":"downfall:FleeingMerchant","floor":13,"turns":4},{"damage":14,"enemies":"Exordium Thugs","floor":14,"turns":6},{"damage":0,"enemies":"Exordium Wildlife","floor":15,"turns":3},{"damage":32,"enemies":"downfall:Defect","floor":16,"turns":11}],"seed_played":"-5170680433053975829","potions_obtained":[{"floor":10,"key":"Weak Potion"},{"floor":12,"key":"hexamod:EctoCoolerPotion"},{"floor":14,"key":"Guardian:DefensiveModePotion"}],"is_trial":false,"path_per_floor":["R","M","M","?","$","?","T","?","M","E","R","M","$","M","M","B"],"character_chosen":"GUARDIAN","items_purchased":["Guardian:GuardianWhirl","Guardian:Gem_Green","Guardian:PrimingBeam"],"campfire_rested":0,"item_purchase_floors":[5,5,13],"current_hp_per_floor":[80,80,80,73,73,73,73,73,73,59,59,46,46,32,32,0,0,0],"gold":213,"neow_bonus":"THREE_ENEMY_KILL","is_daily":false,"chose_seed":false,"campfire_upgraded":2,"win_rate":0.0,"timestamp":1608752463,"path_taken":["R","M","M","?","$","?","T","?","M","E","R","M","$","?","M","BOSS"],"items_purchased_type":["Card","Card","Card"],"build_version":"2020-12-22","purchased_purges":1,"victory":false,"max_hp_per_floor":[80,80,80,80,80,80,80,80,80,80,80,80,80,80,80,80,80,80],"card_choices":[{"not_picked":["Guardian:Gem_Lightblue","Guardian:RollAttack"],"picked":"Guardian:Harden","floor":2},{"not_picked":["Guardian:PiercingHide","Guardian:Reroute"],"picked":"Guardian:Harden","floor":3},{"not_picked":["Guardian:Incinerate","Guardian:TimeBomb"],"picked":"Guardian:ShieldSpikes","floor":5},{"not_picked":["Guardian:TimeBomb","Guardian:ChargeUp"],"picked":"Guardian:DonusPower","floor":9},{"not_picked":["Guardian:PrimingBeam","Guardian:RollAttack"],"picked":"Guardian:AncientConstruct","floor":10},{"not_picked":["Guardian:Emergency","Guardian:PrimingBeam"],"picked":"Guardian:ShieldSpikes","floor":12},{"not_picked":["Guardian:PrimingBeam","Guardian:DecasProtection"],"picked":"Guardian:BronzeArmor","floor":13},{"not_picked":["Guardian:GuardianWhirl","Guardian:CrystalBeam"],"picked":"Guardian:Harden","floor":14},{"not_picked":["Guardian:Gem_Red","Guardian:Gem_Green"],"picked":"Guardian:EvasiveProtocol","floor":15}],"player_experience":725206,"relics_obtained":[{"floor":7,"key":"Ornamental Fan"},{"floor":10,"key":"Nunchaku"}],"event_choices":[{"damage_healed":0,"gold_gain":0,"player_choice":"Success","damage_taken":7,"relics_obtained":["Vajra"],"max_hp_gain":0,"max_hp_loss":0,"event_name":"Scrap Ooze","floor":4,"gold_loss":0}],"is_beta":false,"boss_relics":[],"items_purged_floors":[13],"is_endless":false,"potions_floor_spawned":[10,12,14,15],"killed_by":"downfall:Defect","ascension_level":0}}