{"host":"o3b7ow6d1xe49css","time":1608717757,"event":{"mods":["Act Like it!","Aspiration","BaseMod","Bestiary","Better Altar","Better Match","Better Note","Better Sensory Stone","Better Skull","Better Third Choice","Colored Powertips","Conspire","Energized Spire","Force Act Four","GifTheSpireLib","Halation","Hermit","Hubris","Infinite Spire","Lobotomy","Minty Spire (QoL Compilation)","Quick Restart","Replay The Spire","Spicy Shops","Spikes Relics","StSLib","Stuff the Spire","The Blue Laboratory","Wandering Minibosses","vexMod"],"gold_per_floor":[111,127,139,151,211,237,266,266,293,326,326,359,67,93,93,195,195,209,209,209,209,10,37,37,72,97,97,130,130,156,156,156,253,253,267,284,284,284,284,284,310,310,310,539,539,309,309,85,85,190,190,190,109,108,178],"floor_reached":56,"playtime":2878,"items_purged":["ReplayTheSpireMod:Splinters","Strike_B","Strike_B","Strike_B+1","Finesse"],"score":1674,"play_id":"c8d43276-7f19-4f0b-89c2-d33f7679bfe8","local_time":"20201223010237","daily_mods":["Heirloom","Flight","Elite Swarm"],"is_ascension_mode":true,"campfire_choices":[{"data":"Zap","floor":8,"key":"SMITH"},{"data":"Static Discharge","floor":11,"key":"SMITH"},{"floor":15,"key":"REST"},{"floor":24,"key":"REST"},{"data":"infinitespire:NeuralNetwork","floor":27,"key":"SMITH"},{"data":"Seek","floor":29,"key":"SMITH"},{"floor":32,"key":"REST"},{"floor":40,"key":"REST"},{"data":"ReplayTheSpireMod:Reroute Power","floor":40,"key":"SMITH"},{"data":"StuffTheSpire:Plugnplay","floor":42,"key":"SMITH"},{"data":"Seek","floor":45,"key":"SMITH"},{"floor":49,"key":"REST"},{"data":"StuffTheSpire:Synthwave","floor":49,"key":"SMITH"},{"data":"ReplayTheSpireMod:Calculation Training","floor":52,"key":"SMITH"}],"circlet_count":0,"master_deck":["Defend_B","Defend_B","Defend_B+1","Defend_B","Zap+1","Dualcast","Conserve Battery","Ball Lightning","StuffTheSpire:Plugnplay+1","Cold Snap","Electrodynamics","Melter+1","Seek+1","Reinforced Body","infinitespire:NeuralNetwork+1","infinitespire:Gouge+1","hubris:Ukulele+1","Echo Form","Seek+1","Conserve Battery+1","ReplayTheSpireMod:Reroute Power+1","infinitespire:SevenWalls+1","Flash of Steel+1","ReplayTheSpireMod:Calculation Training+1","FIFO Queue","StuffTheSpire:Synthwave+1","hubris:Ukulele+1","Seek"],"relics":["Cracked Core","Ring of Chaos","Durian","vexMod:FocusSash","infinitespire:Beetle Shell","halation:SwordOfLegend","Simple Rune","Molten Egg 2","Bronze Scales","Replay:Towering Pillar of Hats","halation:Prosthetics","halation:BottledLove","hubris:KleinBottle","BargainBundle","CaptainsWheel","vexMod:InvisibilityCloak","conspire:TopHat","Replay:Antivirus Software","halation:BlackBeret","Inserter","infinitespire:Magic Flask","vexMod:CardConverter","vexMod:RedPlottingStone","Bag of Marbles","BicycleWheel","Gremlin Food","aspiration:RitualDagger","Ring of Chaos","Pen Nib"],"acts_visited":["Exordium","TheCity","TheBeyond","Exordium","TheEnding"],"potions_floor_usage":[6,6,6,7,10,25,35,41,41,50,54,55,55,55],"damage_taken":[{"damage":1,"enemies":"Jaw Worm","floor":1,"turns":5},{"damage":6,"enemies":"Small Slimes","floor":2,"turns":3},{"damage":0,"enemies":"Cultist","floor":3,"turns":3},{"damage":3,"enemies":"Blue Slaver","floor":4,"turns":3},{"damage":11,"enemies":"3 Sentries","floor":6,"turns":3},{"damage":6,"enemies":"Replay:BlueRogue","floor":7,"turns":4},{"damage":14,"enemies":"Lagavulin","floor":10,"turns":6},{"damage":0,"enemies":"Gremlin Nob","floor":12,"turns":3},{"damage":13,"enemies":"Lagavulin","floor":14,"turns":4},{"damage":1,"enemies":"Fading Forest","floor":16,"turns":11},{"damage":4,"enemies":"3 Byrds","floor":18,"turns":2},{"damage":5,"enemies":"Replay:Snechameleon","floor":23,"turns":4},{"damage":8,"enemies":"Book of Stabbing","floor":25,"turns":4},{"damage":8,"enemies":"conspire:SneckoGhost","floor":28,"turns":4},{"damage":15,"enemies":"Nightmare","floor":30,"turns":5},{"damage":5,"enemies":"Champ","floor":33,"turns":6},{"damage":10,"enemies":"3 Shapes","floor":35,"turns":3},{"damage":6,"enemies":"Orb Walker","floor":36,"turns":3},{"damage":1,"enemies":"Giant Head","floor":41,"turns":7},{"damage":0,"enemies":"R_Hoarder","floor":44,"turns":6},{"damage":29,"enemies":"Donu and Deca","floor":50,"turns":6},{"damage":80,"enemies":"Shield and Spear","floor":54,"turns":6},{"damage":88,"enemies":"The Heart","floor":55,"turns":8}],"seed_played":"5458429716437229593","potions_obtained":[{"floor":3,"key":"Explosive Potion"},{"floor":4,"key":"Elixir"},{"floor":5,"key":"blueLaboratory:TeslaPotion"},{"floor":5,"key":"blueLaboratory:EmptyBottle"},{"floor":6,"key":"Block Potion"},{"floor":7,"key":"blueLaboratory:RelayPotion"},{"floor":14,"key":"blueLaboratory:NullPotion"},{"floor":23,"key":"Elixir"},{"floor":28,"key":"blueLaboratory:HummingbirdPotion"},{"floor":33,"key":"blueLaboratory:FruitPunch"},{"floor":35,"key":"BlessingOfTheForge"},{"floor":41,"key":"SteroidPotion"},{"floor":44,"key":"blueLaboratory:NullPotion"},{"floor":54,"key":"SteroidPotion"},{"floor":55,"key":"blueLaboratory:HummingbirdPotion"}],"is_trial":true,"path_per_floor":["M","M","M","M","?","E","E","R","T","E","R","E","$","E","R","B",null,"M","AVR","?","$","$","E","R","E","T","R","E","R","NM","?","R","B",null,"M","M","AVR","?","?","R","E","R","T","E","R","$","?","$","R","B",null,"R","$","E","B",null],"character_chosen":"DEFECT","items_purchased":["Bronze Scales","Melter+1","hubris:KleinBottle","BargainBundle","hubris:Ukulele+1","LiquidMemories","SkillPotion","Cursed Concoction","ReplayTheSpireMod:Calculation Training","FIFO Queue","StuffTheSpire:Synthwave","Gremlin Food","hubris:Ukulele+1"],"campfire_rested":5,"item_purchase_floors":[13,13,21,22,22,22,22,22,46,46,48,48,53],"current_hp_per_floor":[79,73,73,70,70,59,53,52,52,38,41,41,41,28,58,79,45,41,41,41,22,22,17,39,31,31,34,26,29,14,17,34,29,43,35,29,29,34,22,46,45,48,48,64,64,68,68,70,70,41,68,70,72,74,74],"gold":178,"neow_bonus":"","is_daily":false,"chose_seed":false,"campfire_upgraded":9,"win_rate":0.0,"timestamp":1608717757,"path_taken":["M","M","M","M","?","E","E","R","T","E","R","E","$","E","R","BOSS","M","AVR","?","?","$","E","R","E","T","R","E","R","NM","?","R","BOSS","M","M","AVR","?","?","R","E","R","T","E","R","$","?","$","R","BOSS","R","$","E","BOSS"],"items_purchased_type":["Relic","Card","Relic","Relic","Card","Potion","Potion","Potion","Card","Card","Card","Relic","Card"],"build_version":"2020-12-22","purchased_purges":5,"victory":true,"max_hp_per_floor":[80,80,80,80,80,80,80,80,80,80,80,80,80,80,80,80,45,45,45,45,45,45,45,45,45,45,45,45,45,45,48,48,48,48,50,50,50,50,50,50,50,50,50,64,64,68,68,70,70,70,70,70,72,74,74],"card_choices":[{"not_picked":["Blizzard","Storm"],"picked":"Conserve Battery","floor":1},{"not_picked":["Rebound","Reprogram"],"picked":"Ball Lightning","floor":2},{"not_picked":["Hologram","Streamline"],"picked":"Static Discharge","floor":3},{"not_picked":["Panic Button","BasicCrystalCard"],"picked":"StuffTheSpire:Plugnplay","floor":4},{"not_picked":["Redo","StuffTheSpire:Coldhearted"],"picked":"Cold Snap","floor":5},{"not_picked":["Amplify","All For One","Multi-Cast"],"picked":"SKIP","floor":6},{"not_picked":["Mirror Shield","hubris:SpecializedCircuitry","hubris:Prefetch"],"picked":"SKIP","floor":7},{"not_picked":["StuffTheSpire:LaunchingStrike","Thunder Strike"],"picked":"Electrodynamics","floor":10},{"not_picked":["Mirror Shield","StuffTheSpire:EventHorizon","Creative AI"],"picked":"SKIP","floor":12},{"not_picked":["hubris:SpecializedCircuitry","StuffTheSpire:LaunchingStrike+1","hubris:Prefetch"],"picked":"SKIP","floor":14},{"not_picked":["Rainbow","StuffTheSpire:ForEach"],"picked":"Seek","floor":16},{"not_picked":["Rip and Tear+1","Panic Button"],"picked":"Reinforced Body","floor":18},{"not_picked":["ReplayTheSpireMod:??????????????????????","Replay:Fractal Strike"],"picked":"infinitespire:Gouge","floor":21},{"not_picked":["hubris:DoWhile","hubris:SpecializedCircuitry"],"picked":"Echo Form","floor":23},{"not_picked":["Thunder Strike+1","hubris:Prefetch","Amplify"],"picked":"SKIP","floor":25},{"not_picked":["Thunder Strike+1","ReplayTheSpireMod:Omega Cannon+1","StuffTheSpire:Purify"],"picked":"SKIP","floor":28},{"not_picked":["ReplayTheSpireMod:Omega Cannon+1","Amplify"],"picked":"Seek","floor":30},{"not_picked":["Stack+1","Reprogram+1"],"picked":"Conserve Battery+1","floor":35},{"not_picked":["Gash+1","FTL+1"],"picked":"ReplayTheSpireMod:Reroute Power","floor":36},{"not_picked":["infinitespire:DeathsTouch","ReplayTheSpireMod:Black Plague"],"picked":"infinitespire:SevenWalls","floor":39},{"not_picked":["Electrodynamics","Reboot","All For One+1"],"picked":"SKIP","floor":41},{"not_picked":["hubris:DoWhile","ReplayTheSpireMod:Fabricate Wheel","hubris:Prefetch"],"picked":"SKIP","floor":44},{"not_picked":["Multi-Cast","All For One+1"],"picked":"Seek","floor":54}],"player_experience":1835789,"relics_obtained":[{"floor":5,"key":"vexMod:FocusSash"},{"floor":6,"key":"infinitespire:Beetle Shell"},{"floor":7,"key":"halation:SwordOfLegend"},{"floor":10,"key":"Simple Rune"},{"floor":12,"key":"Molten Egg 2"},{"floor":14,"key":"Replay:Towering Pillar of Hats"},{"floor":23,"key":"CaptainsWheel"},{"floor":25,"key":"vexMod:InvisibilityCloak"},{"floor":26,"key":"conspire:TopHat"},{"floor":28,"key":"Replay:Antivirus Software"},{"floor":30,"key":"halation:BlackBeret"},{"floor":41,"key":"vexMod:CardConverter"},{"floor":43,"key":"vexMod:RedPlottingStone"},{"floor":44,"key":"BicycleWheel"},{"floor":54,"key":"Pen Nib"}],"event_choices":[{"cards_removed":["Strike_B"],"damage_healed":0,"gold_gain":0,"player_choice":"Give","damage_taken":0,"max_hp_gain":0,"max_hp_loss":0,"event_name":"betterNote:BetterNote","floor":20,"gold_loss":0,"cards_obtained":["Strike_R"]},{"cards_removed":["Static Discharge"],"damage_healed":0,"gold_gain":0,"player_choice":"Removed Power","damage_taken":0,"max_hp_gain":0,"max_hp_loss":0,"event_name":"Falling","floor":47,"gold_loss":0}],"is_beta":false,"boss_relics":[{"not_picked":["StuffTheSpire:ModemDavis","aspiration:RunicSpoon"],"picked":"halation:Prosthetics"},{"not_picked":["halation:Yufonium","Fusion Hammer"],"picked":"Inserter"},{"not_picked":["halation:HeavySnake","StuffTheSpire:Kangaroo"],"picked":"aspiration:RitualDagger"}],"items_purged_floors":[13,19,22,37,46],"is_endless":true,"potions_floor_spawned":[3,4,6,7,14,23,28,33,35,41,44,54,55],"ascension_level":5}}