{"host":"7qwh44rcs0e87z6o","time":1608692729,"event":{"mods":["AchievementEnabler","BaseMod","Better-Laid Plans","Card Forge","Colored Powertips","Curses Come First","Minty Spire (QoL Compilation)","Quick Restart","StSLib"],"gold_per_floor":[118,137,155,225,237,265,265,265,265,276,451,451,467,493,493,591,591,609,621,621,636,654,654,685,269,269,269,184,198,123,143,143,247,247,261,274,292,292,303,333,333,352,352,362,378,378,391,411,411,411],"floor_reached":51,"playtime":3059,"items_purged":[],"score":792,"play_id":"0af34679-9abe-429a-a742-bf98299cd9a3","local_time":"20201222220529","is_ascension_mode":false,"campfire_choices":[{"floor":7,"key":"REST"},{"floor":12,"key":"REST"},{"floor":15,"key":"REST"},{"floor":23,"key":"REST"},{"floor":27,"key":"REST"},{"floor":32,"key":"REST"},{"floor":41,"key":"REST"},{"floor":49,"key":"REST"}],"circlet_count":0,"master_deck":["Barricade+1","Demon Form+1","Metallicize+1","Metallicize+1","Metallicize+1","Bash+1","Defend_R+1","Juggernaut+1","Defend_R+1","Defend_R+1","Defend_R+1","Searing Blow+10","Searing Blow+10","Flame Barrier+1","Fire Breathing+1","Feel No Pain+1","Doubt","Feed+1","Berserk+1","Juggernaut+1","Juggernaut+1","Discovery+1","Body Slam+1","Flame Barrier+1"],"relics":["Burning Blood","Hammer of Thor","Seething Fire","Anvil of the Gods","Ancient Tea Set","Paper Frog","Bottled Lightning","Sozu","Boot","Mercury Hourglass","Omamori","Nunchaku","Incense Burner","Philosopher\u0027s Stone","InkBottle","HornCleat"],"acts_visited":["Exordium","TheCity","TheBeyond"],"potions_floor_usage":[14,21,50,50],"damage_taken":[{"damage":0,"enemies":"Cultist","floor":1,"turns":6},{"damage":9,"enemies":"Small Slimes","floor":2,"turns":4},{"damage":3,"enemies":"2 Louse","floor":3,"turns":3},{"damage":8,"enemies":"Blue Slaver","floor":5,"turns":4},{"damage":12,"enemies":"3 Sentries","floor":6,"turns":6},{"damage":26,"enemies":"2 Fungi Beasts","floor":10,"turns":6},{"damage":7,"enemies":"Exordium Wildlife","floor":13,"turns":4},{"damage":0,"enemies":"Lagavulin","floor":14,"turns":10},{"damage":44,"enemies":"Hexaghost","floor":16,"turns":10},{"damage":32,"enemies":"3 Byrds","floor":18,"turns":6},{"damage":20,"enemies":"Shell Parasite","floor":19,"turns":5},{"damage":21,"enemies":"Shelled Parasite and Fungi","floor":21,"turns":6},{"damage":2,"enemies":"3 Cultists","floor":22,"turns":6},{"damage":23,"enemies":"Slavers","floor":24,"turns":5},{"damage":26,"enemies":"Snake Plant","floor":29,"turns":5},{"damage":18,"enemies":"Sentry and Sphere","floor":31,"turns":5},{"damage":8,"enemies":"Automaton","floor":33,"turns":7},{"damage":14,"enemies":"Orb Walker","floor":35,"turns":5},{"damage":0,"enemies":"3 Shapes","floor":36,"turns":4},{"damage":35,"enemies":"Jaw Worm Horde","floor":37,"turns":5},{"damage":11,"enemies":"Transient","floor":39,"turns":5},{"damage":24,"enemies":"Nemesis","floor":40,"turns":5},{"damage":22,"enemies":"Sphere and 2 Shapes","floor":42,"turns":5},{"damage":48,"enemies":"Spire Growth","floor":44,"turns":6},{"damage":0,"enemies":"Writhing Mass","floor":45,"turns":5},{"damage":11,"enemies":"4 Shapes","floor":47,"turns":5},{"damage":8,"enemies":"Transient","floor":48,"turns":5},{"damage":5,"enemies":"Time Eater","floor":50,"turns":8}],"seed_played":"4732342155815770106","potions_obtained":[{"floor":1,"key":"Regen Potion"},{"floor":5,"key":"DuplicationPotion"},{"floor":14,"key":"Fruit Juice"},{"floor":16,"key":"Swift Potion"}],"is_trial":false,"path_per_floor":["M","M","M","?","M","E","R","$","T","M","?","R","M","E","R","B",null,"M","M","?","M","M","R","E","$","T","R","?","M","?","M","R","B",null,"M","M","M","?","M","E","R","M","T","M","M","?","M","M","R","B",null],"character_chosen":"IRONCLAD","items_purchased":["Mercury Hourglass","Omamori"],"campfire_rested":8,"item_purchase_floors":[25,25],"current_hp_per_floor":[88,85,88,88,86,80,88,88,88,68,68,88,87,93,93,55,93,67,53,53,52,60,89,76,76,76,101,101,85,85,77,109,107,109,101,107,78,78,73,55,87,75,75,33,39,39,38,36,71,76],"gold":411,"neow_bonus":"TEN_PERCENT_HP_BONUS","is_daily":false,"chose_seed":false,"campfire_upgraded":0,"win_rate":0.0,"timestamp":1608692729,"path_taken":["M","M","?","?","M","E","R","$","T","M","?","R","M","E","R","BOSS","M","M","?","M","M","R","E","$","T","R","?","M","?","M","R","BOSS","M","M","M","?","M","E","R","M","T","M","M","?","M","M","R","BOSS"],"items_purchased_type":["Relic","Relic"],"build_version":"2020-12-13","purchased_purges":0,"victory":true,"max_hp_per_floor":[88,88,88,88,88,88,88,88,88,88,88,88,88,93,93,93,93,93,93,93,93,97,97,101,101,101,101,101,105,105,109,109,109,109,109,109,109,109,109,109,109,113,113,113,113,113,117,117,117,121],"card_choices":[{"not_picked":["Second Wind","Shrug It Off","Thunderclap"],"picked":"SKIP","floor":1},{"not_picked":["Shrug It Off","Armaments","Body Slam"],"picked":"SKIP","floor":2},{"not_picked":["Clothesline","Armaments"],"picked":"Flame Barrier","floor":3},{"not_picked":["Shrug It Off","Armaments"],"picked":"Fire Breathing","floor":5},{"not_picked":["Whirlwind","Shrug It Off"],"picked":"Feel No Pain","floor":6},{"not_picked":["Perfected Strike","Rampage","Thunderclap"],"picked":"SKIP","floor":10},{"not_picked":["Clothesline","Pommel Strike"],"picked":"Feed","floor":13},{"not_picked":["Flex","Iron Wave","Armaments"],"picked":"SKIP","floor":14},{"not_picked":["Bludgeon","Double Tap"],"picked":"Berserk","floor":16},{"not_picked":["Flex","Pommel Strike+1"],"picked":"Evolve+1","floor":18},{"not_picked":["Clothesline+1","Intimidate+1","Thunderclap"],"picked":"SKIP","floor":19},{"not_picked":["Twin Strike","Cleave","Flex"],"picked":"SKIP","floor":21},{"not_picked":["Sever Soul","Heavy Blade","Warcry"],"picked":"SKIP","floor":22},{"not_picked":["Combust","Battle Trance","Searing Blow"],"picked":"SKIP","floor":24},{"not_picked":["Clash","Disarm","Sword Boomerang"],"picked":"SKIP","floor":29},{"not_picked":["Feel No Pain","Cleave"],"picked":"Juggernaut","floor":31},{"not_picked":["Limit Break","Immolate"],"picked":"Juggernaut","floor":33},{"not_picked":["Searing Blow","Warcry","Clothesline"],"picked":"SKIP","floor":35},{"not_picked":["Iron Wave+1","Clothesline+1","Thunderclap+1"],"picked":"SKIP","floor":36},{"not_picked":["Fiend Fire","Heavy Blade","Pommel Strike"],"picked":"SKIP","floor":37},{"not_picked":["Thinking Ahead","Good Instincts"],"picked":"Discovery","floor":38},{"not_picked":["Inflame","Clothesline"],"picked":"Body Slam","floor":39},{"not_picked":["Thunderclap+1","Carnage","Iron Wave"],"picked":"SKIP","floor":40},{"not_picked":["Reckless Charge","Iron Wave+1"],"picked":"Flame Barrier","floor":42},{"not_picked":["Disarm","Rupture","Bloodletting+1"],"picked":"SKIP","floor":44},{"not_picked":["Intimidate","Perfected Strike+1","Pommel Strike"],"picked":"SKIP","floor":45},{"not_picked":["Warcry+1","Spot Weakness","Perfected Strike"],"picked":"SKIP","floor":47},{"not_picked":["Clash+1","Armaments+1","Twin Strike+1"],"picked":"SKIP","floor":48}],"player_experience":11626,"relics_obtained":[{"floor":6,"key":"Ancient Tea Set"},{"floor":9,"key":"Paper Frog"},{"floor":14,"key":"Bottled Lightning"},{"floor":24,"key":"Boot"},{"floor":26,"key":"Nunchaku"},{"floor":40,"key":"InkBottle"},{"floor":43,"key":"HornCleat"}],"event_choices":[{"damage_healed":0,"gold_gain":70,"player_choice":"Gained Gold","damage_taken":0,"max_hp_gain":0,"max_hp_loss":0,"event_name":"Golden Wing","floor":4,"gold_loss":0},{"damage_healed":0,"gold_gain":175,"player_choice":"AGREE","damage_taken":0,"max_hp_gain":0,"max_hp_loss":0,"event_name":"Liars Game","floor":11,"gold_loss":0,"cards_obtained":["Doubt"]},{"damage_healed":0,"gold_gain":0,"player_choice":"Ignored","damage_taken":0,"max_hp_gain":0,"max_hp_loss":0,"event_name":"Cursed Tome","floor":20,"gold_loss":0},{"damage_healed":0,"gold_gain":0,"player_choice":"Obtained Relic","damage_taken":0,"relics_obtained":["Incense Burner"],"max_hp_gain":0,"max_hp_loss":0,"event_name":"Addict","floor":28,"gold_loss":85},{"cards_removed":["Evolve"],"damage_healed":0,"gold_gain":0,"player_choice":"Gave Gold","damage_taken":0,"max_hp_gain":0,"max_hp_loss":0,"event_name":"Beggar","floor":30,"gold_loss":75},{"damage_healed":0,"gold_gain":0,"player_choice":"Memory 1","damage_taken":0,"max_hp_gain":0,"max_hp_loss":0,"event_name":"SensoryStone","floor":38,"gold_loss":0},{"cards_removed":["Bash"],"damage_healed":0,"gold_gain":0,"player_choice":"Removed Attack","damage_taken":0,"max_hp_gain":0,"max_hp_loss":0,"event_name":"Falling","floor":46,"gold_loss":0}],"is_beta":false,"boss_relics":[{"not_picked":["Runic Cube","SacredBark"],"picked":"Sozu"},{"not_picked":["Coffee Dripper","Snecko Eye"],"picked":"Philosopher\u0027s Stone"}],"items_purged_floors":[],"is_endless":false,"potions_floor_spawned":[1,5,6,14,16,18,21,22,31,40,42,44,45],"ascension_level":0}}