{"host":"mqhvlr3kpxebko0t","time":1608736112,"event":{"mods":["AchievementEnabler","BaseMod","Colored Map","Keyboard Shortcuts","Minty Spire (QoL Compilation)","StSLib","SuperFastMode"],"gold_per_floor":[118,38,188,199,199,199,226,241,266,286,286,301,323,86,86,86,86],"floor_reached":16,"playtime":208,"items_purged":["Doubt"],"score":219,"play_id":"daf587f2-4a7b-44ba-9d3f-67824628b61f","local_time":"20201224000832","is_ascension_mode":true,"campfire_choices":[{"data":"Hello World","floor":6,"key":"SMITH"},{"data":"Zap","floor":11,"key":"SMITH"},{"data":"Turbo","floor":15,"key":"SMITH"}],"circlet_count":0,"master_deck":["AscendersBane","Strike_B","Strike_B","Strike_B","Strike_B","Defend_B","Defend_B","Defend_B","Defend_B","Zap+1","Dualcast","Hologram","Hello World+1","Glacier","Undo","Scrape","Heatsinks","Steam Power","White Noise","Turbo+1","Ball Lightning"],"relics":["Cracked Core","NeowsBlessing","Boot","Bag of Preparation","Odd Mushroom","Membership Card"],"acts_visited":["Exordium"],"potions_floor_usage":[10],"damage_taken":[{"damage":0,"enemies":"Cultist","floor":1,"turns":1},{"damage":0,"enemies":"2 Louse","floor":4,"turns":1},{"damage":0,"enemies":"Gremlin Nob","floor":7,"turns":1},{"damage":1,"enemies":"Small Slimes","floor":8,"turns":4},{"damage":19,"enemies":"3 Louse","floor":10,"turns":4},{"damage":2,"enemies":"Looter","floor":12,"turns":4},{"damage":23,"enemies":"The Mushroom Lair","floor":13,"turns":6},{"damage":35,"enemies":"Slime Boss","floor":16,"turns":3}],"seed_played":"3199961155863436386","potions_obtained":[{"floor":4,"key":"DuplicationPotion"},{"floor":7,"key":"Block Potion"},{"floor":12,"key":"SpeedPotion"}],"is_trial":false,"path_per_floor":["M","$","?","M","?","R","E","M","T","M","R","M","?","$","R","B"],"character_chosen":"DEFECT","items_purchased":["Hello World","Membership Card","Turbo","Ball Lightning"],"campfire_rested":0,"item_purchase_floors":[2,14,14,14],"current_hp_per_floor":[64,64,64,64,64,64,64,63,63,44,44,42,19,19,19,0,0],"gold":86,"neow_bonus":"THREE_ENEMY_KILL","is_daily":false,"chose_seed":false,"campfire_upgraded":3,"win_rate":0.0,"timestamp":1608736112,"path_taken":["M","$","?","M","?","R","E","?","T","?","R","M","?","$","R","BOSS"],"items_purchased_type":["Card","Relic","Card","Card"],"build_version":"2020-12-22","purchased_purges":1,"victory":false,"max_hp_per_floor":[71,71,71,71,71,71,71,71,71,71,71,71,71,71,71,71,71],"card_choices":[{"not_picked":["Steam","Chaos"],"picked":"Hologram","floor":1},{"not_picked":["Compile Driver","Loop"],"picked":"Glacier","floor":4},{"not_picked":["Doom and Gloom","Static Discharge"],"picked":"Scrape","floor":7},{"not_picked":["Steam","Rebound"],"picked":"Heatsinks","floor":8},{"not_picked":["Loop","Rebound","Doom and Gloom"],"picked":"SKIP","floor":10},{"not_picked":["Ball Lightning","Thunder Strike"],"picked":"Steam Power","floor":12},{"not_picked":["Melter","Defragment"],"picked":"White Noise","floor":13}],"player_experience":680784,"relics_obtained":[{"floor":7,"key":"Boot"},{"floor":9,"key":"Bag of Preparation"},{"floor":13,"key":"Odd Mushroom"}],"event_choices":[{"damage_healed":0,"gold_gain":150,"player_choice":"AGREE","damage_taken":0,"max_hp_gain":0,"max_hp_loss":0,"event_name":"Liars Game","floor":3,"gold_loss":0,"cards_obtained":["Doubt"]},{"damage_healed":0,"gold_gain":0,"player_choice":"1 cards matched","damage_taken":0,"max_hp_gain":0,"max_hp_loss":0,"event_name":"Match and Keep!","floor":5,"gold_loss":0,"cards_obtained":["Undo"]},{"damage_healed":0,"gold_gain":0,"player_choice":"Fought Mushrooms","damage_taken":0,"max_hp_gain":0,"max_hp_loss":0,"event_name":"Mushrooms","floor":13,"gold_loss":0}],"is_beta":false,"boss_relics":[],"items_purged_floors":[14],"is_endless":false,"potions_floor_spawned":[4,7,12,13],"killed_by":"Slime Boss","ascension_level":15}}