{"host":"Dean","time":1608732829,"event":{"mods":["2.2 Compatiblity","AchievementEnabler","BaseMod","Block Reminder","Colored Map","Colored Powertips","Minty Spire (QoL Compilation)","Permanent Neow","Quick Restart","Relic Stats","Replay The Spire","StSLib"],"gold_per_floor":[213,71,83,83,98,133,133,133,182,182,207,220,220,239,239,335,335,349,349,249,278,297,297,326,241,265,290,290,302,302,302,302,337,337,433,433,452,452,467,491,503,534,235,235,235,245,59,89,136,171,171,171,171,171,237,263,263],"floor_reached":58,"playtime":4346,"items_purged":["Doubt","Strike_G+1","Bite+1","Bite+1","Bite+1"],"score":2121,"play_id":"c49b4524-8736-4a64-bc28-a5cae1007efa","local_time":"20201223091349","is_ascension_mode":true,"campfire_choices":[{"data":"Predator","floor":8,"key":"SMITH"},{"data":"Leg Sweep","floor":8,"key":"SMITH"},{"data":"Neutralize","floor":10,"key":"SMITH"},{"data":"Backstab","floor":10,"key":"SMITH"},{"data":"Defend_G","floor":13,"key":"SMITH"},{"data":"Defend_G","floor":13,"key":"SMITH"},{"data":"Dash","floor":15,"key":"SMITH"},{"data":"Defend_G","floor":15,"key":"SMITH"},{"data":"All Out Attack","floor":23,"key":"SMITH"},{"data":"ReplayTheSpireMod:Speed Training","floor":34,"key":"SMITH"},{"data":"RitualDagger","floor":34,"key":"SMITH"},{"data":"Terror","floor":44,"key":"SMITH"},{"data":"Acrobatics","floor":44,"key":"SMITH"},{"floor":51,"key":"RECALL"},{"data":"Sneak Up","floor":54,"key":"SMITH"},{"data":"Calculated Gamble","floor":54,"key":"SMITH"}],"circlet_count":0,"master_deck":["Defend_G+1","Defend_G+1","Defend_G+1","Defend_G+1","Defend_G+1","Survivor+1","Neutralize+1","Leg Sweep+1","Unload+1","PiercingWail+1","Fluid Movement+1","Predator+1","Backstab+1","Dash+1","Storm of Steel+1","Deflect+1","Backflip+1","Escape Plan+1","All Out Attack+1","Terror+1","ReplayTheSpireMod:Speed Training+1","RitualDagger+1","Underhanded Strike+1","Dodge and Roll+1","ReplayTheSpireMod:From All Sides+1","Sneak Up+1","Acrobatics+1","Fluid Movement+1","Wraith Form v2+1","Calculated Gamble+1","Calculated Gamble+1","Footwork+1","Sadistic Nature+1","Envenom+1","Sadistic Nature+1","Blade Dance+1","Blade Dance+1","Adrenaline+1","Quick Slash+1","Escape Plan+1","Caltrops+1","ReplayTheSpireMod:Brewmster+1","Dodge and Roll+1","Blind+1","Pot Of Greed+1","Pot Of Greed+1","Pot Of Greed+1","Pot Of Greed+1","Leg Sweep+1"],"relics":["Ring of the Snake","Golden Egg","Replay:Arrowhead","Membership Card","ReplayTheSpireMod:CursedCoin","Centennial Puzzle","Regal Pillow","Juzu Bracelet","ReplayTheSpireMod:Lightbulb","The Specimen","Replay:Bronze Core","FossilizedHelix","ReplayFunnel","OrangePellets","Red Mask","Tingsha","Snack Pack","StoneCalendar","Boot","Blue Doll","Honey Jar","Bronze Scales","MawBank","Medical Kit","InkBottle","Garlic","Ancient Tea Set","Dead Branch","TungstenRod","Membership Card","Mummified Hand","Toxic Egg 2","Grinning Jar"],"acts_visited":["Exordium","TheCity","TheBeyond","TheEnding"],"potions_floor_usage":[11,18,27,27,29,42,49,56,56,56,56,56,56,57,57,57,57],"damage_taken":[{"damage":0,"enemies":"Jaw Worm","floor":1,"turns":5},{"damage":0,"enemies":"Small Slimes","floor":3,"turns":3},{"damage":0,"enemies":"2 Louse","floor":5,"turns":2},{"damage":12,"enemies":"3 Sentries","floor":6,"turns":12},{"damage":0,"enemies":"Gremlin Nob","floor":11,"turns":3},{"damage":0,"enemies":"Blue Slaver","floor":12,"turns":2},{"damage":0,"enemies":"Large Slime","floor":14,"turns":4},{"damage":0,"enemies":"The Guardian","floor":16,"turns":14},{"damage":0,"enemies":"Spheric Guardian","floor":18,"turns":2},{"damage":7,"enemies":"Masked Bandits","floor":21,"turns":7},{"damage":0,"enemies":"2 Thieves","floor":22,"turns":4},{"damage":0,"enemies":"Gremlin Leader","floor":24,"turns":6},{"damage":6,"enemies":"Book of Stabbing","floor":27,"turns":7},{"damage":0,"enemies":"Chosen and Byrds","floor":29,"turns":4},{"damage":0,"enemies":"Replay:Snechameleon","floor":33,"turns":7},{"damage":56,"enemies":"Champ","floor":35,"turns":13},{"damage":0,"enemies":"3 Shapes","floor":37,"turns":4},{"damage":1,"enemies":"3 Darklings","floor":39,"turns":7},{"damage":2,"enemies":"Spire Growth","floor":41,"turns":5},{"damage":0,"enemies":"Reptomancer","floor":42,"turns":6},{"damage":0,"enemies":"4 Shapes","floor":46,"turns":4},{"damage":0,"enemies":"R_Hoarder","floor":48,"turns":6},{"damage":0,"enemies":"2 Orb Walkers","floor":49,"turns":3},{"damage":0,"enemies":"Donu and Deca","floor":52,"turns":4},{"damage":0,"enemies":"Shield and Spear","floor":56,"turns":8},{"damage":6,"enemies":"The Heart","floor":57,"turns":6}],"seed_played":"-8490806911281012124","potions_obtained":[{"floor":1,"key":"SteroidPotion"},{"floor":5,"key":"Milkshake"},{"floor":11,"key":"Swift Potion"},{"floor":12,"key":"AttackPotion"},{"floor":21,"key":"Languid Potion"},{"floor":24,"key":"Venom Potion"},{"floor":41,"key":"PowerPotion"},{"floor":42,"key":"SkillPotion"},{"floor":48,"key":"SteroidPotion"},{"floor":49,"key":"BlessingOfTheForge"}],"is_trial":false,"path_per_floor":["M","$","M","?","M","E","?","R","T","R","E","M","R","M","R","B",null,"M","?","$","?","M","R","E","?","T","E","?","M","PTL","PTL","?","E","R","B",null,"M","?","M","T","M","E","$","R","T","M","$","E","?","?","R","B",null,"R","$","E","B",null],"character_chosen":"THE_SILENT","items_purchased":["ReplayTheSpireMod:CursedCoin","Centennial Puzzle","Regal Pillow","Unload","PiercingWail","Fluid Movement","FossilizedHelix","ReplayFunnel","OrangePellets","Backflip","Escape Plan","Medical Kit","InkBottle","Calculated Gamble","Footwork","Sadistic Nature","Membership Card","Mummified Hand","Caltrops","ReplayTheSpireMod:Brewmster","ColorlessPotion","SkillPotion","Dodge and Roll+1","Blind"],"campfire_rested":0,"item_purchase_floors":[2,2,2,2,2,2,20,20,20,20,20,43,43,43,47,47,55,55,55,55,55,55,55,55],"current_hp_per_floor":[63,63,63,56,56,44,30,30,30,30,30,30,30,30,30,30,60,60,60,60,53,53,53,53,53,53,49,43,47,47,47,47,64,64,37,62,70,66,66,66,66,66,66,66,66,66,66,66,66,66,66,66,66,66,66,66,62],"gold":263,"neow_bonus":"HUNDRED_GOLD","is_daily":false,"chose_seed":false,"campfire_upgraded":15,"win_rate":0.0,"timestamp":1608732829,"path_taken":["M","$","M","?","M","E","?","R","T","R","E","M","R","M","R","BOSS","M","?","$","?","M","R","E","?","T","E","?","M","PTL","PTL","?","E","R","BOSS","M","?","M","?","M","E","$","R","T","M","?","E","?","?","R","BOSS","R","$","E","BOSS"],"items_purchased_type":["Relic","Relic","Relic","Card","Card","Card","Relic","Relic","Relic","Card","Card","Relic","Relic","Card","Card","Card","Relic","Relic","Card","Card","Potion","Potion","Card","Card"],"build_version":"2020-12-18","purchased_purges":5,"victory":true,"max_hp_per_floor":[70,70,70,70,70,70,70,70,70,70,70,70,70,70,70,70,70,70,70,70,70,70,70,70,70,70,70,70,70,70,70,70,70,70,70,70,70,66,66,66,66,66,66,66,66,66,66,66,66,66,66,66,66,66,66,66,66],"relic_stats":{"Regal Pillow":0,"counters":[26,148],"Dead Branch":[45],"Tingsha":[416],"StoneCalendar":[156],"Juzu Bracelet":1,"Boot":[100],"MawBank":12,"Medical Kit":[10],"OrangePellets":[13],"Centennial Puzzle":[21],"Mummified Hand":[24],"Bronze Scales":[174],"obtain_stats":[{"ReplayFunnel":20,"Golden Egg":0,"Regal Pillow":2,"StoneCalendar":25,"Blue Doll":33,"Juzu Bracelet":6,"Boot":27,"Ancient Tea Set":48,"Centennial Puzzle":2,"Mummified Hand":55,"Replay:Bronze Core":17,"Honey Jar":36,"Red Mask":21,"Toxic Egg 2":56,"InkBottle":43,"Ring of the Snake":0,"The Specimen":11,"ReplayTheSpireMod:CursedCoin":2,"Dead Branch":49,"Tingsha":22,"MawBank":42,"Medical Kit":43,"Replay:Arrowhead":0,"OrangePellets":20,"Bronze Scales":40,"Snack Pack":24,"Garlic":45,"Membership Card":0,"Grinning Jar":56,"ReplayTheSpireMod:Lightbulb":9,"FossilizedHelix":20,"TungstenRod":50},{"ReplayFunnel":9,"Golden Egg":0,"Regal Pillow":1,"StoneCalendar":12,"Blue Doll":15,"Juzu Bracelet":4,"Boot":13,"Ancient Tea Set":22,"Centennial Puzzle":1,"Mummified Hand":24,"Replay:Bronze Core":8,"Honey Jar":16,"Red Mask":10,"Toxic Egg 2":25,"InkBottle":20,"Ring of the Snake":0,"The Specimen":5,"ReplayTheSpireMod:CursedCoin":1,"Dead Branch":23,"Tingsha":11,"MawBank":20,"Medical Kit":20,"Replay:Arrowhead":0,"OrangePellets":9,"Bronze Scales":18,"Snack Pack":12,"Garlic":20,"Membership Card":0,"Grinning Jar":25,"ReplayTheSpireMod:Lightbulb":4,"FossilizedHelix":9,"TungstenRod":23},{"ReplayFunnel":47,"Golden Egg":0,"Regal Pillow":5,"StoneCalendar":64,"Blue Doll":82,"Juzu Bracelet":22,"Boot":71,"Ancient Tea Set":127,"Centennial Puzzle":5,"Mummified Hand":134,"Replay:Bronze Core":45,"Honey Jar":95,"Red Mask":54,"Toxic Egg 2":142,"InkBottle":117,"Ring of the Snake":0,"The Specimen":25,"ReplayTheSpireMod:CursedCoin":5,"Dead Branch":130,"Tingsha":58,"MawBank":117,"Medical Kit":117,"Replay:Arrowhead":0,"OrangePellets":47,"Bronze Scales":106,"Snack Pack":64,"Garlic":117,"Membership Card":0,"Grinning Jar":142,"ReplayTheSpireMod:Lightbulb":22,"FossilizedHelix":47,"TungstenRod":130}],"InkBottle":[20],"TungstenRod":19,"Ring of the Snake":[52]},"card_choices":[{"not_picked":["Draining Mist","Quick Slash"],"picked":"Leg Sweep","floor":1},{"not_picked":["Prepared","ReplayTheSpireMod:Shiv Toss"],"picked":"Predator","floor":3},{"not_picked":["Blade Dance","Catalyst","Dodge and Roll"],"picked":"SKIP","floor":5},{"not_picked":["Heel Hook","Dagger Throw"],"picked":"Backstab","floor":6},{"not_picked":["PiercingWail","Finisher","Blur"],"picked":"SKIP","floor":11},{"not_picked":["Blade Dance","Cloak And Dagger","Prepared"],"picked":"SKIP","floor":12},{"not_picked":["Infinite Blades","Riddle With Holes"],"picked":"Dash","floor":14},{"not_picked":["Unload","ReplayTheSpireMod:Necrosis"],"picked":"Storm of Steel","floor":16},{"not_picked":["Hidden Blade","Accuracy"],"picked":"Deflect+1","floor":18},{"not_picked":["Flying Knee","Blade Dance"],"picked":"All Out Attack","floor":22},{"not_picked":["Cloak And Dagger","Hidden Blade"],"picked":"Terror","floor":24},{"not_picked":["Outmaneuver","Heel Hook"],"picked":"ReplayTheSpireMod:Speed Training","floor":27},{"not_picked":["Dodge and Roll","Bane"],"picked":"Underhanded Strike+1","floor":29},{"not_picked":["Blade Dance","Underhanded Strike"],"picked":"Dodge and Roll+1","floor":33},{"not_picked":["Storm of Steel","Grand Finale"],"picked":"ReplayTheSpireMod:From All Sides","floor":35},{"not_picked":["Dagger Throw+1","Prepared","Underhanded Strike+1"],"picked":"Sneak Up","floor":37},{"not_picked":["Deadly Poison","ReplayTheSpireMod:The Works+1","Infinite Blades+1"],"picked":"Acrobatics","floor":39},{"not_picked":["Blade Dance","Concentrate","Slice"],"picked":"Fluid Movement+1","floor":41},{"not_picked":["Bouncing Flask+1","Crippling Poison+1","Draining Mist+1"],"picked":"Wraith Form v2","floor":42},{"not_picked":["Dash","Flying Knee","Masterful Stab"],"picked":"Calculated Gamble","floor":46},{"not_picked":["ReplayTheSpireMod:The Works","Flechettes+1","Dagger Spray"],"picked":"Adrenaline","floor":48},{"not_picked":["Bane","Outmaneuver","Slice+1"],"picked":"Quick Slash+1","floor":49},{"not_picked":["Dodge and Roll+1","Predator","Prepared+1"],"picked":"Escape Plan+1","floor":50},{"not_picked":["Choke","Die Die Die","Endless Agony"],"picked":"Leg Sweep+1","floor":56}],"player_experience":747478,"relics_obtained":[{"floor":6,"key":"Juzu Bracelet"},{"floor":9,"key":"ReplayTheSpireMod:Lightbulb"},{"floor":11,"key":"The Specimen"},{"floor":21,"key":"Red Mask"},{"floor":24,"key":"Snack Pack"},{"floor":27,"key":"Boot"},{"floor":33,"key":"Blue Doll"},{"floor":40,"key":"Bronze Scales"},{"floor":42,"key":"MawBank"},{"floor":45,"key":"Garlic"},{"floor":48,"key":"Ancient Tea Set"},{"floor":49,"key":"Dead Branch"},{"floor":50,"key":"TungstenRod"},{"floor":56,"key":"Grinning Jar"}],"event_choices":[{"cards_removed":["Strike_G"],"damage_healed":0,"gold_gain":0,"player_choice":"Card Removal","damage_taken":7,"max_hp_gain":0,"max_hp_loss":0,"event_name":"Golden Wing","floor":4,"gold_loss":0},{"damage_healed":0,"gold_gain":0,"player_choice":"Entered Light","damage_taken":14,"max_hp_gain":0,"max_hp_loss":0,"event_name":"Shining Light","floor":7,"gold_loss":0,"cards_upgraded":["Survivor","Defend_G"]},{"damage_healed":0,"gold_gain":0,"player_choice":"Simplicity","damage_taken":0,"max_hp_gain":0,"max_hp_loss":0,"event_name":"Back to Basics","floor":19,"gold_loss":0,"cards_upgraded":["Strike_G","Strike_G","Strike_G","Strike_G","Defend_G"]},{"damage_healed":0,"gold_gain":0,"player_choice":"Fought Bandits","damage_taken":0,"max_hp_gain":0,"max_hp_loss":0,"event_name":"Masked Bandits","floor":21,"gold_loss":0},{"damage_healed":0,"gold_gain":0,"player_choice":"Obtained Relic","damage_taken":0,"relics_obtained":["StoneCalendar"],"max_hp_gain":0,"max_hp_loss":0,"event_name":"Addict","floor":25,"gold_loss":85},{"damage_healed":0,"gold_gain":0,"player_choice":"Joined the Cult","damage_taken":6,"max_hp_gain":0,"max_hp_loss":0,"event_name":"Nest","floor":28,"gold_loss":0,"cards_obtained":["RitualDagger"]},{"damage_healed":0,"gold_gain":0,"player_choice":"Ignored","damage_taken":0,"max_hp_gain":0,"max_hp_loss":0,"event_name":"Vampires","floor":32,"gold_loss":0},{"damage_healed":0,"gold_gain":0,"player_choice":"Max HP","damage_taken":0,"max_hp_gain":0,"max_hp_loss":4,"event_name":"Winding Halls","floor":38,"gold_loss":0},{"damage_healed":0,"gold_gain":0,"player_choice":"Fight","damage_taken":0,"max_hp_gain":0,"max_hp_loss":0,"event_name":"Mysterious Sphere","floor":49,"gold_loss":0}],"is_beta":true,"boss_relics":[{"not_picked":["SlaversCollar","Empty Cage"],"picked":"Replay:Bronze Core"},{"not_picked":["Black Star","Runic Dome"],"picked":"Honey Jar"}],"items_purged_floors":[2,20,43,47,55],"is_endless":false,"potions_floor_spawned":[1,5,11,12,21,22,24,41,42,48,49],"ascension_level":9}}