{"host":"uflv0e3ja7hvnij7","time":1608740649,"event":{"mods":["BaseMod","Conspire","Downfall","Hermit","Hubris","Marisa????????","Minty Spire (QoL Compilation)","Replay The Spire","Shop Mod","StSLib","The Bug Knight","The Runesmith","The Servant 0.9.4"],"gold_per_floor":[112,112,128,142,158,158,158,158],"floor_reached":7,"playtime":563,"items_purged":[],"score":43,"play_id":"05b5e0f6-2c4c-4a2d-ac79-6b4035dfb625","local_time":"20201223112409","is_ascension_mode":false,"campfire_choices":[{"data":"Runesmith:CraftFirestone","floor":6,"key":"SMITH"}],"circlet_count":0,"master_deck":["Runesmith:Strike_RS","Runesmith:Strike_RS","Runesmith:Strike_RS","Runesmith:Strike_RS","Runesmith:Defend_RS","Runesmith:Defend_RS","Runesmith:Defend_RS","Runesmith:Defend_RS","Runesmith:CraftFirestone+1","Runesmith:Fortify","Runesmith:HammerAndChisel","Runesmith:EnergizedChisel","Runesmith:GoWithTheFlow"],"relics":["Runesmith:BrokenRuby","Potion Belt"],"acts_visited":["Exordium"],"potions_floor_usage":[],"damage_taken":[{"damage":0,"enemies":"Small Slimes","floor":1,"turns":4},{"damage":0,"enemies":"Cultist","floor":3,"turns":4},{"damage":6,"enemies":"Jaw Worm","floor":4,"turns":4},{"damage":2,"enemies":"Gremlin Gang","floor":5,"turns":7},{"damage":24,"enemies":"3 Sentries","floor":7,"turns":4}],"seed_played":"7640457293906178245","potions_obtained":[{"floor":5,"key":"Languid Potion"}],"is_trial":false,"path_per_floor":["M","?","M","M","M","R","E"],"character_chosen":"RUNESMITH_CLASS","items_purchased":[],"campfire_rested":0,"item_purchase_floors":[],"current_hp_per_floor":[77,77,77,71,69,69,45,45],"gold":158,"neow_bonus":"TEN_PERCENT_HP_BONUS","is_daily":false,"chose_seed":false,"campfire_upgraded":1,"win_rate":0.0,"timestamp":1608740649,"path_taken":["M","?","?","M","M","R","E"],"items_purchased_type":[],"build_version":"2020-12-22","purchased_purges":0,"victory":false,"max_hp_per_floor":[77,77,77,77,77,77,77,77],"card_choices":[{"not_picked":["Runesmith:Repurpose","Runesmith:ChiselStab"],"picked":"Runesmith:HeatedChisel","floor":1},{"not_picked":["Runesmith:Accelerate","Runesmith:CraftMagma"],"picked":"Runesmith:HammerAndChisel","floor":3},{"not_picked":["Runesmith:Repurpose","Runesmith:HammerAndChisel"],"picked":"Runesmith:EnergizedChisel","floor":4},{"not_picked":["Runesmith:Reinforce","Runesmith:FieryHammer"],"picked":"Runesmith:GoWithTheFlow","floor":5}],"player_experience":310569,"relics_obtained":[],"event_choices":[{"cards_removed":["Runesmith:HeatedChisel"],"damage_healed":0,"gold_gain":0,"player_choice":"Gave Card","damage_taken":0,"relics_obtained":["Potion Belt"],"max_hp_gain":0,"max_hp_loss":0,"event_name":"WeMeetAgain","floor":2,"gold_loss":0}],"is_beta":false,"boss_relics":[],"items_purged_floors":[],"is_endless":false,"potions_floor_spawned":[5],"killed_by":"3 Sentries","ascension_level":0}}