{"host":"sdl5b0uiznq00owb","time":1608750013,"event":{"mods":["BaseMod","Minty Spire (QoL Compilation)","Permanent Neow","Relic Stats"],"gold_per_floor":[115,190,210,225,239,264,279,309,309,309,340,351,351,151,151,151,151],"floor_reached":16,"playtime":837,"items_purged":["Strike_P"],"score":146,"play_id":"3233c70a-4105-4d60-ad14-7493d5fd3e79","local_time":"20201223130013","is_ascension_mode":true,"campfire_choices":[{"floor":10.0,"key":"REST"},{"floor":15.0,"key":"REST"}],"circlet_count":0,"master_deck":["Strike_P","Strike_P","Strike_P","Defend_P","Defend_P","Defend_P","Defend_P","Eruption","Vigilance","ThirdEye","EmptyFist","CrushJoints","FearNoEvil","Vault+1","Consecrate","Wireheading","EmptyMind","WheelKick","Nirvana","Halt"],"relics":["SacredBark","Matryoshka","Blood Vial","Orichalcum","Centennial Puzzle","StrikeDummy"],"acts_visited":["Exordium"],"potions_floor_usage":[16],"damage_taken":[{"damage":0.0,"enemies":"Cultist","floor":1.0,"turns":2.0},{"damage":6.0,"enemies":"2 Louse","floor":3.0,"turns":3.0},{"damage":0.0,"enemies":"Jaw Worm","floor":4.0,"turns":3.0},{"damage":12.0,"enemies":"3 Louse","floor":5.0,"turns":4.0},{"damage":16.0,"enemies":"Gremlin Nob","floor":6.0,"turns":4.0},{"damage":0.0,"enemies":"Large Slime","floor":7.0,"turns":4.0},{"damage":20.0,"enemies":"Lagavulin","floor":8.0,"turns":5.0},{"damage":10.0,"enemies":"Gremlin Nob","floor":11.0,"turns":3.0},{"damage":2.0,"enemies":"Blue Slaver","floor":12.0,"turns":2.0},{"damage":46,"enemies":"Hexaghost","floor":16,"turns":10}],"seed_played":"-6110274813214076201","potions_obtained":[{"floor":3.0,"key":"Dexterity Potion"},{"floor":6.0,"key":"Fire Potion"},{"floor":7.0,"key":"Explosive Potion"},{"floor":11.0,"key":"SpeedPotion"},{"floor":12.0,"key":"ColorlessPotion"}],"is_trial":false,"path_per_floor":["M","?","M","M","M","E","M","E","T","R","E","M","?","$","R","B"],"character_chosen":"WATCHER","items_purchased":["Nirvana","Halt"],"campfire_rested":2,"item_purchase_floors":[14,14],"current_hp_per_floor":[72,61,55,55,43,27,27,7,7,28,20,20,20,20,41,0,0],"gold":151,"neow_bonus":"BOSS_RELIC","is_daily":false,"chose_seed":false,"campfire_upgraded":0,"win_rate":0.0,"timestamp":1608750013,"path_taken":["M","?","M","M","M","E","M","E","T","R","E","M","?","?","R","BOSS"],"items_purchased_type":["Card","Card"],"build_version":"2020-12-22","purchased_purges":1,"victory":false,"max_hp_per_floor":[72,72,72,72,72,72,72,72,72,72,72,72,72,72,72,72,72],"relic_stats":{"Blood Vial":6,"Centennial Puzzle":[9],"counters":[10,40],"Orichalcum":[24],"obtain_stats":[{"Blood Vial":8,"Centennial Puzzle":9,"Matryoshka":6,"SacredBark":0,"PureWater":0,"Orichalcum":9,"StrikeDummy":11},{"Blood Vial":7,"Centennial Puzzle":7,"Matryoshka":5,"SacredBark":0,"PureWater":0,"Orichalcum":7,"StrikeDummy":8},{"Blood Vial":25,"Centennial Puzzle":25,"Matryoshka":16,"SacredBark":0,"PureWater":0,"Orichalcum":25,"StrikeDummy":28}]},"card_choices":[{"not_picked":["Halt","FlyingSleeves"],"picked":"ThirdEye","floor":1.0},{"not_picked":["Collect","Fasting2"],"picked":"EmptyFist","floor":3.0},{"not_picked":["FollowUp","WreathOfFlame"],"picked":"CrushJoints","floor":4.0},{"not_picked":["DeceiveReality","InnerPeace"],"picked":"FearNoEvil","floor":5.0},{"not_picked":["CrushJoints","Omniscience"],"picked":"Vault","floor":6.0},{"not_picked":["CrushJoints","Protect"],"picked":"Consecrate","floor":7.0},{"not_picked":["Worship","PathToVictory"],"picked":"Wireheading","floor":8.0},{"not_picked":["Pray","Halt"],"picked":"EmptyMind","floor":11.0},{"not_picked":["PathToVictory","ThirdEye"],"picked":"WheelKick","floor":12.0}],"player_experience":669208,"relics_obtained":[{"floor":6.0,"key":"Matryoshka"},{"floor":8.0,"key":"Blood Vial"},{"floor":9.0,"key":"Orichalcum"},{"floor":9.0,"key":"Centennial Puzzle"},{"floor":11.0,"key":"StrikeDummy"}],"event_choices":[{"damage_healed":0.0,"max_hp_gain":0.0,"max_hp_loss":0.0,"gold_gain":75.0,"event_name":"World of Goop","player_choice":"Gather Gold","floor":2.0,"gold_loss":0.0,"damage_taken":11.0},{"damage_healed":0.0,"max_hp_gain":0.0,"max_hp_loss":0.0,"gold_gain":0.0,"event_name":"Living Wall","player_choice":"Grow","floor":13.0,"gold_loss":0.0,"damage_taken":0.0,"cards_upgraded":["Vault"]}],"is_beta":false,"boss_relics":[],"items_purged_floors":[14],"is_endless":false,"potions_floor_spawned":[3,6,7,11,12],"killed_by":"Hexaghost","ascension_level":4}}