{"host":"chv1qanoipyt46jc","time":1608742076,"event":{"mods":["2.2 Compatiblity","AchievementEnabler","BaseMod","BetterRewards","CapriCore","Card Filter","Conspire","Gold Saver","Grow up Mod","Minty Spire (QoL Compilation)","Rare Cards Sparkle","Relic Filter","Remove Card Discount Mod","Reorder Act Four","StSLib","The Animator"],"gold_per_floor":[1112,1128,1138,1152,1165,1165,1165,1196,1196,1196,1214,1241,1274,1286,1286,1388,1388,1403,1421,1409,1427,1447,1447,1466,1466,1466,1466,1495,1495,1511,1532,1532,1651,1651,1680,1703,1751,1769,1785,1821,1841,1841,1841,1895,1895,1924,1924,1944,1944,1948,1948,1938,1938,1976,1980],"floor_reached":56,"playtime":5097,"items_purged":["animator:Defend","animator:Defend","animator:Defend","animator:Strike","animator:Strike","animator:Strike","animator:Strike_GoblinSlayer","animator:Defend_GoblinSlayer","animator:WinryRockbell","animator:Sloth","animator:DwarfShaman","animator:LizardPriest","animator:HighElfArcher","animator:CowGirl+1","animator:Witch+1","animator:DwarfShaman+1","animator:SwordMaiden"],"score":1224,"play_id":"96ab9ea8-da72-46ef-8eac-75a547bf3356","local_time":"20201223104756","is_ascension_mode":false,"campfire_choices":[{"data":"animator:DwarfShaman","floor":6.0,"key":"SMITH"},{"data":"animator:DwarfShaman","floor":10.0,"key":"SMITH"},{"data":"animator:DwarfShaman","floor":15.0,"key":"SMITH"},{"data":"animator:Priestess","floor":23.0,"key":"SMITH"},{"data":"animator:Priestess","floor":25.0,"key":"SMITH"},{"floor":27.0,"key":"RECALL"},{"floor":29.0,"key":"REST"},{"data":"animator:LizardPriest","floor":32.0,"key":"SMITH"},{"data":"animator:GoblinSlayer","floor":45,"key":"SMITH"},{"floor":49,"key":"DIG"},{"floor":53,"key":"DIG"}],"circlet_count":0,"master_deck":["animator:LizardPriest+1","animator:DwarfShaman+1","animator:LizardPriest+1","animator:DwarfShaman+1","animator:Priestess+1","animator:GuildGirl+1","animator:Priestess+1","animator:GoblinSlayer+1"],"relics":["animator:LivingPicture","animator:TheMissingPiece","Frozen Egg 2","Unceasing Top","animator:BattleDrones","Ginger","Black Star","animator:WornHelmet","CloakClasp","InkBottle","Mango","Question Card","Shovel","War Paint","Bronze Scales","animator:Buoy","conspire:DeflatedDodgeball","animator:ShionDessert","Bag of Preparation"],"acts_visited":["Exordium","TheCity","TheBeyond","TheEnding"],"potions_floor_usage":[40,55,55,55],"damage_taken":[{"damage":7.0,"enemies":"Jaw Worm","floor":1.0,"turns":4.0},{"damage":0.0,"enemies":"Cultist","floor":2.0,"turns":4.0},{"damage":0.0,"enemies":"conspire:RoseBush","floor":3.0,"turns":3.0},{"damage":16.0,"enemies":"2 Fungi Beasts","floor":4.0,"turns":4.0},{"damage":0.0,"enemies":"Blue Slaver","floor":5.0,"turns":3.0},{"damage":22.0,"enemies":"Lagavulin","floor":8.0,"turns":5.0},{"damage":7.0,"enemies":"3 Louse","floor":11.0,"turns":2.0},{"damage":8.0,"enemies":"Lots of Slimes","floor":12.0,"turns":3.0},{"damage":9.0,"enemies":"3 Sentries","floor":13.0,"turns":4.0},{"damage":11.0,"enemies":"Exordium Wildlife","floor":14.0,"turns":3.0},{"damage":19.0,"enemies":"Slime Boss","floor":16.0,"turns":7.0},{"damage":4.0,"enemies":"3 Byrds","floor":18.0,"turns":2.0},{"damage":10.0,"enemies":"Spheric Guardian","floor":19.0,"turns":3.0},{"damage":5.0,"enemies":"Chosen and Byrds","floor":21.0,"turns":3.0},{"damage":27.0,"enemies":"Centurion and Healer","floor":22.0,"turns":3.0},{"damage":16.0,"enemies":"conspire:HollyBat","floor":24.0,"turns":4.0},{"damage":22.0,"enemies":"conspire:SneckoGhost","floor":28.0,"turns":5.0},{"damage":6.0,"enemies":"Snake Plant","floor":30.0,"turns":3.0},{"damage":0.0,"enemies":"Chosen and Byrds","floor":31.0,"turns":3.0},{"damage":24.0,"enemies":"Champ","floor":33.0,"turns":9.0},{"damage":10,"enemies":"3 Darklings","floor":35,"turns":4},{"damage":0,"enemies":"3 Shapes","floor":36,"turns":4},{"damage":13,"enemies":"Maw","floor":37,"turns":9},{"damage":0,"enemies":"Writhing Mass","floor":38,"turns":9},{"damage":7,"enemies":"Spire Growth","floor":39,"turns":6},{"damage":101,"enemies":"Giant Head","floor":40,"turns":12},{"damage":22,"enemies":"Maw","floor":41,"turns":7},{"damage":0,"enemies":"Mind Bloom Boss Battle","floor":44,"turns":11},{"damage":36,"enemies":"Nemesis","floor":46,"turns":7},{"damage":7,"enemies":"Writhing Mass","floor":48,"turns":5},{"damage":19,"enemies":"Time Eater","floor":50,"turns":12},{"damage":49,"enemies":"Shield and Spear","floor":54,"turns":8},{"damage":99,"enemies":"The Heart","floor":55,"turns":8}],"seed_played":"-6089114242649130536","potions_obtained":[{"floor":1.0,"key":"Fire Potion"},{"floor":5.0,"key":"Ancient Potion"},{"floor":8.0,"key":"DistilledChaos"},{"floor":40,"key":"DistilledChaos"}],"is_trial":false,"path_per_floor":["M","M","M","M","M","R","?","E","T","R","M","M","E","M","R","B",null,"M","M","$","M","M","R","M","R","T","R","E","R","M","M","R","B",null,"M","M","M","M","M","E","M","?","T","?","R","E","$","M","R","B",null,"$","R","E","B",null],"character_chosen":"THE_ANIMATOR","items_purchased":["animator:WinryRockbell","animator:Sloth","Frozen Egg 2","animator:LizardPriest","animator:DwarfShaman","animator:HighElfArcher"],"campfire_rested":1,"item_purchase_floors":[0,0,0,0,0,0],"current_hp_per_floor":[48,58,68,62,72,82,92,80,90,100,103,105,106,105,115,106,246,252,253,263,268,251,261,255,265,275,285,273,367,371,381,391,377,417,417,428,425,435,438,363,351,361,371,381,391,365,375,378,388,379,604,614,624,585,496],"gold":1980,"neow_bonus":"","is_daily":false,"chose_seed":false,"campfire_upgraded":7,"win_rate":0.0,"timestamp":1608742076,"path_taken":["M","M","M","M","M","R","?","E","T","R","M","?","E","M","R","BOSS","M","M","$","M","M","R","M","R","T","R","E","R","M","M","R","BOSS","M","M","M","M","M","E","?","?","T","?","R","E","$","M","R","BOSS","$","R","E","BOSS"],"items_purchased_type":["Card","Card","Relic","Card","Card","Card"],"build_version":"2020-12-22","purchased_purges":17,"victory":true,"max_hp_per_floor":[86,96,106,116,126,136,146,156,166,176,186,196,206,216,226,236,246,256,267,277,287,297,307,317,327,337,347,357,367,377,387,397,407,417,427,438,448,458,468,494,504,514,524,534,544,554,564,574,584,594,604,614,624,634,644],"card_choices":[{"not_picked":["animator:Sonic","animator:Chung","animator:YunYun"],"picked":"SKIP","floor":1.0},{"not_picked":["animator:HighElfArcher","animator:Ciel","animator:Lu"],"picked":"SKIP","floor":2.0},{"not_picked":["animator:Genos","animator:Vanir","animator:Ciel"],"picked":"SKIP","floor":3.0},{"not_picked":["animator:LizardPriest","animator:GoblinSlayer"],"picked":"animator:DwarfShaman","floor":4.0},{"not_picked":["animator:Mitsurugi","animator:Spearman","animator:WinryRockbell+1"],"picked":"SKIP","floor":5.0},{"not_picked":["animator:MaesHughes","animator:Darkness+1","animator:Hans+1"],"picked":"SKIP","floor":8.0},{"not_picked":["animator:YunYun","animator:Millim"],"picked":"animator:DwarfShaman","floor":11.0},{"not_picked":["animator:DwarfShaman","animator:Witch"],"picked":"animator:Priestess","floor":12.0},{"not_picked":["animator:Darkness+1","animator:Mitsurugi","animator:Pride"],"picked":"SKIP","floor":13.0},{"not_picked":["animator:Sloth","animator:Vanir","animator:MaesHughes"],"picked":"SKIP","floor":14.0},{"not_picked":["animator:Benimaru","animator:Tatsumaki"],"picked":"animator:LizardPriest","floor":18.0},{"not_picked":["animator:Priestess","animator:LizardPriest"],"picked":"animator:GuildGirl+1","floor":19.0},{"not_picked":["animator:Shuna","animator:Saitama","animator:Vanir+1"],"picked":"SKIP","floor":21.0},{"not_picked":["animator:MaesHughes+1","animator:Millim","animator:Sloth"],"picked":"SKIP","floor":22.0},{"not_picked":["animator:MumenRider","animator:Jibril"],"picked":"animator:Priestess","floor":24.0},{"not_picked":["animator:Hans+1","animator:IzunaHatsuse","animator:Shion"],"picked":"SKIP","floor":30.0},{"not_picked":["animator:Geryuganshoop","animator:Lu+1","animator:Pride"],"picked":"SKIP","floor":31.0},{"not_picked":["animator:Sora","animator:GoblinSlayer"],"picked":"animator:SwordMaiden","floor":33.0},{"not_picked":["animator:Aqua","animator:DwarfShaman","animator:Geryuganshoop+1"],"picked":"SKIP","floor":35},{"not_picked":["animator:HighElfArcher","animator:LizardPriest"],"picked":"animator:GoblinSlayer","floor":36},{"not_picked":["animator:ElricEdward+1","animator:IzunaHatsuse"],"picked":"animator:Witch+1","floor":37},{"not_picked":["animator:Elsword+1","animator:Sloth","animator:Ara"],"picked":"SKIP","floor":38},{"not_picked":["animator:Kaijin+1","animator:Scar","animator:MetalKnight+1"],"picked":"SKIP","floor":39},{"not_picked":["animator:LizardPriest","animator:Witch"],"picked":"animator:CowGirl","floor":40},{"not_picked":["animator:Ara","animator:Rena","animator:Tatsumaki"],"picked":"SKIP","floor":41},{"not_picked":["animator:SilverFang","animator:GazelDwargon+1","animator:Laby+1","animator:Elesis"],"picked":"SKIP","floor":46},{"not_picked":["animator:Witch+1","animator:ElricEdward","animator:Elsword+1","animator:DolaSchwi+1"],"picked":"SKIP","floor":48}],"player_experience":342242,"relics_obtained":[{"floor":8.0,"key":"Unceasing Top"},{"floor":9.0,"key":"animator:BattleDrones"},{"floor":13.0,"key":"Ginger"},{"floor":28.0,"key":"animator:WornHelmet"},{"floor":28.0,"key":"CloakClasp"},{"floor":40,"key":"InkBottle"},{"floor":40,"key":"Mango"},{"floor":43,"key":"Question Card"},{"floor":44,"key":"Shovel"},{"floor":46,"key":"War Paint"},{"floor":46,"key":"Bronze Scales"},{"floor":49,"key":"animator:Buoy"},{"floor":53,"key":"conspire:DeflatedDodgeball"},{"floor":54,"key":"animator:ShionDessert"},{"floor":54,"key":"Bag of Preparation"}],"event_choices":[{"damage_healed":0.0,"max_hp_gain":0.0,"max_hp_loss":0.0,"gold_gain":0.0,"event_name":"NoteForYourself","player_choice":"Ignored","floor":7.0,"gold_loss":0.0,"damage_taken":0.0},{"damage_healed":0,"gold_gain":0,"player_choice":"Ignored","damage_taken":0,"max_hp_gain":0,"max_hp_loss":0,"event_name":"Tomb of Lord Red Mask","floor":42,"gold_loss":0},{"damage_healed":0,"gold_gain":0,"player_choice":"Fight","damage_taken":0,"max_hp_gain":0,"max_hp_loss":0,"event_name":"MindBloom","floor":44,"gold_loss":0}],"is_beta":false,"boss_relics":[{"not_picked":["conspire:SeveredTorchhead","conspire:RoyalGoblet"],"picked":"Black Star"},{"not_picked":["Calling Bell","animator:CursedBlade","Busted Crown"]}],"items_purged_floors":[0,0,0,0,0,0,20,20,20,20,20,20,52,52,52,52,52],"is_endless":false,"potions_floor_spawned":[1,2,5,8,13,18,28,30,31,33,35,39,40,41,46],"ascension_level":0}}