{"host":"0cnf9zf1gia27zti","time":1608728226,"event":{"mods":["BaseMod","BetterRewards","Card Forge","Colored Map","Colored Powertips","Conspire","Downfall","Minty Spire (QoL Compilation)","Practice Mode","Quick Restart","Replay The Spire","Robot Space Explorer","Shade Mod","Spicy Shops","StSLib"],"gold_per_floor":[112,132,18,29,45,45,45,61,87,87,103,140,160,14,14,85,135,152,164,9,9,9,9,42,92,145,165,165,165,32,32,32,104,104,118,118,131,131,149,149,161,26,26,26,40,40,54,64,64,64,64],"floor_reached":50,"playtime":33890,"items_purged":["Strike_B"],"score":838,"play_id":"b7f2eeb8-6f76-4d07-ab66-a0e8192cc23e","local_time":"20201223125706","is_ascension_mode":true,"campfire_choices":[{"data":"Mayhem","floor":6,"key":"SMITH"},{"data":"Defragment","floor":10,"key":"SMITH"},{"floor":15,"key":"REST"},{"data":"Zap","floor":23,"key":"SMITH"},{"data":"Reinforced Body","floor":29,"key":"SMITH"},{"data":"ReplayRNGCard","floor":32,"key":"SMITH"},{"floor":40,"key":"REST"},{"data":"White Noise","floor":44,"key":"SMITH"},{"floor":49,"key":"REST"}],"circlet_count":0,"master_deck":["AscendersBane","Strike_B","Strike_B","Defend_B+1","Defend_B","Zap+1","Dualcast+1","Mayhem+1","Reinforced Body+1","ReplayRNGCard+1","Heatsinks","Defragment+1","Self Repair+1","ReplayTheSpireMod:Calculation Training+1","Redo+1","Amplify","Mayhem+1","ReplayRNGCard+1","Panic Button","Conserve Battery","Doom and Gloom","Loop+1","Time Bomb+1","ReplayTheSpireMod:Calculation Training+1","Redo","White Noise+1","Meteor Strike","Reboot","Consume+1","Parasite","Storm","Crystallizer","Storm+1"],"relics":["Cracked Core","Hammer of Thor","Seething Fire","Anvil of the Gods","Mummified Hand","Lee\u0027s Waffle","Regal Pillow","Nunchaku","Juzu Bracelet","DollysMirror","Tiny House","Chemical X","Vajra","Orichalcum","Empty Cage","Prayer Wheel","Boot"],"acts_visited":["Exordium","TheCity","TheBeyond"],"potions_floor_usage":[13,16,24,24,50],"damage_taken":[{"damage":0,"enemies":"Cultist","floor":1,"turns":3},{"damage":8,"enemies":"2 Louse","floor":2,"turns":3},{"damage":4,"enemies":"Small Slimes","floor":4,"turns":2},{"damage":8,"enemies":"3 Louse","floor":5,"turns":3},{"damage":11,"enemies":"Looter","floor":8,"turns":3},{"damage":0,"enemies":"Large Slime","floor":11,"turns":5},{"damage":23,"enemies":"conspire:MimicChest","floor":12,"turns":7},{"damage":18,"enemies":"Exordium Thugs","floor":13,"turns":3},{"damage":11,"enemies":"Slime Boss","floor":16,"turns":5},{"damage":22,"enemies":"Shell Parasite","floor":18,"turns":6},{"damage":17,"enemies":"Spheric Guardian","floor":19,"turns":4},{"damage":0,"enemies":"Book of Stabbing","floor":24,"turns":5},{"damage":0,"enemies":"Snake Plant","floor":27,"turns":4},{"damage":7,"enemies":"conspire:MysteriousRune","floor":33,"turns":7},{"damage":4,"enemies":"3 Darklings","floor":35,"turns":5},{"damage":7,"enemies":"Orb Walker","floor":37,"turns":4},{"damage":34,"enemies":"4 Shapes","floor":39,"turns":4},{"damage":3,"enemies":"Jaw Worm Horde","floor":41,"turns":4},{"damage":12,"enemies":"Spire Growth","floor":45,"turns":4},{"damage":15,"enemies":"Writhing Mass","floor":47,"turns":5},{"damage":38,"enemies":"Transient","floor":48,"turns":5},{"damage":92,"enemies":"conspire:OrnateMirror","floor":50,"turns":3}],"seed_played":"2061688949688647706","potions_obtained":[{"floor":1,"key":"FocusPotion"},{"floor":11,"key":"Dexterity Potion"},{"floor":16,"key":"Death Potion"},{"floor":17,"key":"Doom Potion"},{"floor":18,"key":"Swift Potion"},{"floor":19,"key":"Fire Potion"},{"floor":39,"key":"Milkshake"},{"floor":47,"key":"sneckomod:MuddlingPotion"}],"is_trial":false,"path_per_floor":["M","M","$","M","M","R","$","M","T","R","M","?","M","$","R","B",null,"M","M","$","?","$","R","E","?","T","M","?","R","$","?","R","B",null,"M","$","M","?","M","R","M","$","T","R","M","$","M","M","R","B"],"character_chosen":"DEFECT","items_purchased":["Mummified Hand","Lee\u0027s Waffle","Mayhem","Reinforced Body","Regal Pillow","Elixir","Self Repair","ReplayTheSpireMod:Calculation Training","DollysMirror","Chemical X","Time Bomb+1","Meteor Strike"],"campfire_rested":3,"item_purchase_floors":[0,0,0,0,0,0,3,3,14,20,30,42],"current_hp_per_floor":[78,70,70,73,72,72,72,68,68,68,78,65,57,57,78,77,83,71,64,64,64,64,64,74,74,74,83,83,83,83,83,83,83,83,83,83,83,83,59,83,83,83,83,83,81,81,76,48,83,0,0],"gold":64,"neow_bonus":"","is_daily":false,"chose_seed":false,"campfire_upgraded":6,"win_rate":0.0,"timestamp":1608728226,"path_taken":["M","M","$","M","M","R","$","?","T","R","?","?","M","$","R","BOSS","M","M","?","?","$","R","E","?","T","M","?","R","$","?","R","BOSS","M","$","M","?","M","R","M","$","T","R","M","$","M","M","R","BOSS"],"items_purchased_type":["Relic","Relic","Card","Card","Relic","Potion","Card","Card","Relic","Relic","Card","Card"],"build_version":"2020-12-13","purchased_purges":1,"victory":false,"max_hp_per_floor":[78,78,78,78,78,78,78,78,78,78,78,78,78,78,78,78,83,83,83,83,83,83,83,83,83,83,83,83,83,83,83,83,83,83,83,83,83,83,83,83,83,83,83,83,83,83,83,83,83,83,83],"card_choices":[{"not_picked":["Genetic Algorithm","Go for the Eyes"],"picked":"Heatsinks","floor":1},{"not_picked":["Rebound","Beam Cell"],"picked":"Defragment","floor":2},{"not_picked":["Steam Power","Go for the Eyes","Barrage"],"picked":"SKIP","floor":4},{"not_picked":["Darkness","Turbo","Lockon"],"picked":"SKIP","floor":5},{"not_picked":["Scrape","Go for the Eyes","ReplayGash"],"picked":"SKIP","floor":8},{"not_picked":["Steam","Compile Driver"],"picked":"Redo","floor":11},{"not_picked":["Panic Button","Reprogram"],"picked":"Amplify","floor":12},{"not_picked":["Go for the Eyes","Steam Power","Beam Cell"],"picked":"SKIP","floor":13},{"not_picked":["Fission","Meteor Strike"],"picked":"ReplayRNGCard","floor":16},{"not_picked":["Beam Cell","Streamline"],"picked":"Panic Button","floor":17},{"not_picked":["Gash","Consume"],"picked":"Conserve Battery","floor":18},{"not_picked":["Go for the Eyes","Sweeping Beam"],"picked":"Doom and Gloom","floor":19},{"not_picked":["Coolheaded+1","Amplify"],"picked":"Loop","floor":24},{"not_picked":["Go for the Eyes","ReplayTheSpireMod:Reroute Power","Rebound"],"picked":"SKIP","floor":27},{"not_picked":["Machine Learning","Core Surge"],"picked":"ReplayTheSpireMod:Fabricate Wheel","floor":33},{"not_picked":["Compile Driver","Streamline"],"picked":"ReplayTheSpireMod:Calculation Training","floor":35},{"not_picked":["Cold Snap","Beam Cell","Steam"],"picked":"SKIP","floor":35},{"not_picked":["Steam+1","conspire:SharedLibrary"],"picked":"Redo","floor":37},{"not_picked":["Sweeping Beam","Streamline+1","ReplayTheSpireMod:System Scan"],"picked":"SKIP","floor":37},{"not_picked":["Chaos","Reprogram","Stack"],"picked":"SKIP","floor":39},{"not_picked":["Steam+1","Coolheaded","Hologram"],"picked":"SKIP","floor":39},{"not_picked":["Go for the Eyes","Time Bomb+1"],"picked":"White Noise","floor":41},{"not_picked":["Stack","Cold Snap+1","BasicCrystalCard"],"picked":"SKIP","floor":41},{"not_picked":["Stack","Cold Snap+1"],"picked":"Reboot","floor":45},{"not_picked":["BasicCrystalCard","Conserve Battery+1"],"picked":"Consume+1","floor":45},{"not_picked":["Rip and Tear","Compile Driver"],"picked":"Storm","floor":47},{"not_picked":["Hologram","FTL","conspire:Rain"],"picked":"SKIP","floor":47},{"not_picked":["Stack+1","Auto Shields+1"],"picked":"Crystallizer","floor":48},{"not_picked":["BasicCrystalCard","Darkness"],"picked":"Storm+1","floor":48}],"player_experience":2370323,"relics_obtained":[{"floor":9,"key":"Nunchaku"},{"floor":12,"key":"Juzu Bracelet"},{"floor":24,"key":"Vajra"},{"floor":26,"key":"Orichalcum"},{"floor":43,"key":"Boot"}],"event_choices":[{"damage_healed":0,"gold_gain":50,"player_choice":"Stole From Cult","damage_taken":0,"max_hp_gain":0,"max_hp_loss":0,"event_name":"Nest","floor":25,"gold_loss":0},{"damage_healed":0,"gold_gain":0,"player_choice":"Ignored","damage_taken":0,"max_hp_gain":0,"max_hp_loss":0,"event_name":"Ghosts","floor":28,"gold_loss":0},{"damage_healed":0,"gold_gain":0,"player_choice":"Forge","damage_taken":0,"max_hp_gain":0,"max_hp_loss":0,"event_name":"Accursed Blacksmith","floor":31,"gold_loss":0,"cards_upgraded":["Redo"]},{"damage_healed":0,"gold_gain":0,"player_choice":"Ignored","damage_taken":0,"max_hp_gain":0,"max_hp_loss":0,"event_name":"Tomb of Lord Red Mask","floor":38,"gold_loss":0}],"is_beta":false,"boss_relics":[{"not_picked":["Painkiller Herb","ReplayTheSpireMod:DimensionalGlitch"],"picked":"Tiny House"},{"not_picked":["Cursed Key","SlaversCollar"],"picked":"Empty Cage"}],"items_purged_floors":[30],"is_endless":false,"potions_floor_spawned":[1,11,12,16,18,19,39,47],"killed_by":"conspire:OrnateMirror","ascension_level":15}}