{"host":"95i1gxnztdrdyvhi","time":1608689461,"event":{"mods":["AchievementEnabler","Act Like it!","BaseMod","Downfall","Minty Spire (QoL Compilation)","Quick Restart","StSLib"],"gold_per_floor":[99,111,125,125,141,169,169,169,186,205,240,73,223,223,237,341,341,266,278,293,312,327,327,327,327,327,327,327],"floor_reached":26,"playtime":1370,"items_purged":["Guardian:Strike_Guardian"],"score":245,"play_id":"f4fa39f7-6896-4018-b6f0-df741ca29083","local_time":"20201223021101","is_ascension_mode":false,"campfire_choices":[{"data":"Guardian:FierceBash","floor":1,"key":"SMITH"},{"data":"Guardian:Emergency","floor":8,"key":"SMITH"},{"data":"Guardian:Orbwalk","floor":18,"key":"SMITH"},{"floor":23,"key":"RECALL"}],"circlet_count":0,"master_deck":["Guardian:Strike_Guardian","Guardian:Strike_Guardian","Guardian:Strike_Guardian","Guardian:Defend_Guardian","Guardian:Defend_Guardian","Guardian:Defend_Guardian","Guardian:Defend_Guardian","Guardian:CurlUp","Guardian:TwinSlam","Guardian:FierceBash+1","Guardian:Orbwalk+1","Guardian:Emergency+1","Guardian:FloatingOrbs","Guardian:Incinerate","Guardian:FuturePlans+1","Guardian:Preprogram","Guardian:FloatingOrbs","Slimebound:Icky","Guardian:StasisField","Guardian:Incinerate"],"relics":["Guardian:ModeShifter","Pear","Pantograph","Gremlin Horn","SacredBark","downfall:HeartBlessingGreen","Incense Burner","downfall:KnowingSkull"],"acts_visited":["Exordium","TheCity"],"potions_floor_usage":[12],"damage_taken":[{"damage":0,"enemies":"Small Slimes","floor":2,"turns":2},{"damage":3,"enemies":"2 Louse","floor":3,"turns":2},{"damage":0,"enemies":"Cultist","floor":5,"turns":1},{"damage":16,"enemies":"Lagavulin","floor":6,"turns":6},{"damage":8,"enemies":"Lots of Slimes","floor":9,"turns":4},{"damage":0,"enemies":"Large Slime","floor":10,"turns":5},{"damage":0,"enemies":"Gremlin Nob","floor":11,"turns":2},{"damage":5,"enemies":"downfall:FleeingMerchant","floor":12,"turns":4},{"damage":0,"enemies":"Exordium Wildlife","floor":15,"turns":2},{"damage":26,"enemies":"downfall:Watcher","floor":16,"turns":6},{"damage":12,"enemies":"Spheric Guardian","floor":19,"turns":4},{"damage":12,"enemies":"Centurion and Healer","floor":20,"turns":6},{"damage":24,"enemies":"Snake Plant","floor":21,"turns":6},{"damage":21,"enemies":"Shelled Parasite and Fungi","floor":22,"turns":6},{"damage":9,"enemies":"Snecko","floor":26,"turns":3}],"seed_played":"9212974444512283499","potions_obtained":[{"floor":2,"key":"Energy Potion"},{"floor":9,"key":"Fire Potion"},{"floor":15,"key":"Strength Potion"},{"floor":20,"key":"champ:CounterPotion"}],"is_trial":false,"path_per_floor":["R","M","M","?","M","E","T","R","M","M","E","$","?","?","M","B",null,"R","M","M","M","M","R","T","?","M"],"character_chosen":"GUARDIAN","items_purchased":["Guardian:FloatingOrbs"],"campfire_rested":0,"item_purchase_floors":[12],"current_hp_per_floor":[80,80,77,77,77,71,71,71,63,63,63,58,58,58,58,57,90,90,78,66,42,21,21,21,13,4,4,4],"gold":327,"neow_bonus":"ONE_RANDOM_RARE_CARD","is_daily":false,"chose_seed":false,"campfire_upgraded":3,"win_rate":0.0,"timestamp":1608689461,"path_taken":["R","M","M","?","M","E","T","R","M","M","E","$","?","?","M","BOSS","R","M","M","M","M","R","T","?","?"],"items_purchased_type":["Card"],"build_version":"2020-12-13","purchased_purges":1,"victory":false,"max_hp_per_floor":[80,80,80,80,80,90,90,90,90,90,90,90,90,90,90,90,90,90,90,90,90,90,90,90,90,90,90,90],"card_choices":[{"not_picked":["Guardian:ArmoredProtocol","Guardian:TemporalStrike"],"picked":"Guardian:Orbwalk","floor":2},{"not_picked":["Guardian:Planning","Guardian:SpikerProtocol"],"picked":"Guardian:Emergency","floor":3},{"not_picked":["Guardian:EvasiveProtocol","Guardian:Gem_Cyan"],"picked":"Guardian:FloatingOrbs","floor":5},{"not_picked":["Guardian:Gem_Green","Guardian:RefractedBeam"],"picked":"Guardian:Incinerate","floor":6},{"not_picked":["Guardian:RollAttack","Guardian:SentryBeam","Guardian:ConstructionForm"],"picked":"SKIP","floor":9},{"not_picked":["Guardian:PiercingHide","Guardian:Harden"],"picked":"Guardian:FuturePlans","floor":10},{"not_picked":["Guardian:ConstructionForm","Guardian:PiercingHide"],"picked":"Guardian:Preprogram","floor":11},{"not_picked":["Guardian:RollAttack","Guardian:BronzeArmor","Guardian:RefractedBeam"],"picked":"SKIP","floor":12},{"not_picked":["Guardian:ChargeCore","Guardian:Preprogram","Guardian:GuardianWhirl"],"picked":"SKIP","floor":15},{"not_picked":["Guardian:FastForward","Guardian:Gem_Synthetic"],"picked":"Guardian:StasisField","floor":16},{"not_picked":["Guardian:Gem_Lightblue","Guardian:TemporalShield","Guardian:DecasProtection"],"picked":"SKIP","floor":19},{"not_picked":["Guardian:TemporalStrike","Guardian:VentSteam","Guardian:CrystalBeam"],"picked":"SKIP","floor":20},{"not_picked":["Guardian:TemporalStrike","Guardian:VentSteam"],"picked":"Guardian:Gem_Crimson","floor":21},{"not_picked":["Guardian:PiercingHide","Guardian:EvasiveProtocol"],"picked":"Guardian:Incinerate","floor":22}],"player_experience":784978,"relics_obtained":[{"floor":6,"key":"Pear"},{"floor":7,"key":"Pantograph"},{"floor":11,"key":"Gremlin Horn"},{"floor":24,"key":"Incense Burner"}],"event_choices":[{"damage_healed":0,"gold_gain":0,"player_choice":"Upgraded","damage_taken":0,"max_hp_gain":0,"max_hp_loss":0,"event_name":"Upgrade Shrine","floor":14,"gold_loss":0,"cards_upgraded":["Guardian:FuturePlans"]}],"is_beta":false,"boss_relics":[{"not_picked":["Fusion Hammer","Cursed Key"],"picked":"SacredBark"}],"items_purged_floors":[12],"is_endless":false,"potions_floor_spawned":[2,9,15,20,22],"killed_by":"Snecko","ascension_level":0}}