{"host":"h5acbxt0wmjo1kpm","time":1608724155,"event":{"mods":["2.2 Compatiblity","Act Like it!","AlwaysNeverKeys","Aspiration","Bartender","BaseMod","Better Third Choice","Colored Map","Elementarium","Gensokyo","GifTheSpireLib","Hallownest","Marisa????????","Minty Spire (QoL Compilation)","Permanent Neow","Potionbrewer","Relic Filter","Replay The Spire","Robot Space Explorer","RumiaBox-????????","Shade Mod","Spicy Shops","StSLib","Strawberry Spire","The Blackbeard","The Dragon Tamer","The Forsaken","The Gatherer","The Problem Sleuth","The Servant 0.9.4","Wandering Minibosses","vexMod"],"gold_per_floor":[111,131,206,206,206,206,285,299,322,341,341,322,322,356,356,356,356],"floor_reached":16,"playtime":942,"items_purged":[],"score":253,"play_id":"233344fd-e7e9-489b-9c30-0a950f65ac0c","local_time":"20201223034915","is_ascension_mode":true,"campfire_choices":[{"data":"Cloak And Dagger","floor":6,"key":"SMITH"},{"data":"strawberrySpire:HotShot","floor":13,"key":"SMITH"},{"data":"Seek","floor":15,"key":"SMITH"}],"circlet_count":0,"master_deck":["AscendersBane","Strike_G","Strike_G","Strike_G","Strike_G","Strike_G","Defend_G","Defend_G+1","Defend_G","Defend_G","Defend_G","Survivor","Neutralize","Footwork","Cloak And Dagger+1","Seek+1","Poisoned Stab","Dash","Dash+1","strawberrySpire:HotShot+1","Backflip"],"relics":["Silver_Glasses","Baka","Mango","Mango","Tiny House","Potion Belt"],"acts_visited":["Exordium"],"potions_floor_usage":[7,7,10,14,16,16],"damage_taken":[{"damage":1,"enemies":"Cultist","floor":1,"turns":4},{"damage":2,"enemies":"Small Slimes","floor":2,"turns":6},{"damage":22,"enemies":"Lagavulin","floor":7,"turns":12},{"damage":0,"enemies":"2 Louse","floor":8,"turns":2},{"damage":7,"enemies":"Lots of Slimes","floor":10,"turns":4},{"damage":0,"enemies":"Looter","floor":12,"turns":6},{"damage":0,"enemies":"3 Sentries","floor":14,"turns":5},{"damage":58,"enemies":"Fading Forest","floor":16,"turns":7}],"seed_played":"3645931829631875013","potions_obtained":[{"floor":1,"key":"FearPotion"},{"floor":2,"key":"Weak Potion"},{"floor":10,"key":"Explosive Potion"},{"floor":11,"key":"LiquidBronze"},{"floor":11,"key":"ColorlessPotion"},{"floor":11,"key":"potionbrewer:MidasPotion"},{"floor":14,"key":"Poison Potion"}],"is_trial":false,"path_per_floor":["M","M","?","?","?","R","E","M","T","M","?","M","R","E","R","B"],"character_chosen":"THE_SILENT","items_purchased":[],"campfire_rested":0,"item_purchase_floors":[],"current_hp_per_floor":[62,88,77,77,69,69,52,52,52,45,45,45,45,47,47,0,0],"gold":356,"neow_bonus":"BOSS_RELIC","is_daily":false,"chose_seed":false,"campfire_upgraded":3,"win_rate":0.0,"timestamp":1608724155,"path_taken":["M","M","?","?","?","R","E","M","T","M","?","M","R","E","R","BOSS"],"items_purchased_type":[],"build_version":"2020-12-22","purchased_purges":0,"victory":false,"max_hp_per_floor":[70,98,98,98,98,98,103,103,103,103,103,103,103,103,103,103,103],"card_choices":[{"not_picked":["strawberrySpire:Urgency","ReplayTheSpireMod:Exploit Weakness"],"picked":"Footwork","floor":1},{"not_picked":["Bane","Riddle With Holes"],"picked":"Cloak And Dagger","floor":2},{"not_picked":["strawberrySpire:HopSkipAndJump","Cloak And Dagger"],"picked":"Poisoned Stab","floor":7},{"not_picked":["strawberrySpire:Urgency","Eviscerate"],"picked":"Dash","floor":8},{"not_picked":["Quick Slash","strawberrySpire:Rummage","Sucker Punch"],"picked":"SKIP","floor":10},{"not_picked":["Dodge and Roll","strawberrySpire:Slide"],"picked":"strawberrySpire:HotShot","floor":12},{"not_picked":["All Out Attack","ReplayTheSpireMod:Scrap Shanks"],"picked":"Backflip","floor":14}],"player_experience":1924205,"relics_obtained":[{"floor":1,"key":"Baka"},{"floor":2,"key":"Mango"},{"floor":2,"key":"Mango"},{"floor":7,"key":"Tiny House"},{"floor":9,"key":"Potion Belt"}],"event_choices":[{"damage_healed":0,"gold_gain":75,"player_choice":"Gold","damage_taken":11,"max_hp_gain":0,"max_hp_loss":0,"event_name":"betterThird:BetterGoop","floor":3,"gold_loss":0},{"damage_healed":0,"gold_gain":0,"player_choice":"Ignored","damage_taken":206,"max_hp_gain":0,"max_hp_loss":0,"event_name":"betterThird:BetterSerpent","floor":4,"gold_loss":0},{"damage_healed":0,"gold_gain":0,"player_choice":"Got Potions","damage_taken":0,"max_hp_gain":0,"max_hp_loss":0,"event_name":"Lab","floor":11,"gold_loss":0}],"is_beta":false,"boss_relics":[],"items_purged_floors":[],"is_endless":false,"potions_floor_spawned":[1,2,10,14],"killed_by":"Fading Forest","ascension_level":10}}