{"host":"rwzz6mk6bpmb57ql","time":1608762609,"event":{"mods":["AchievementEnabler","BaseMod","BetterRewards","Colored Map","Highlight Path","Hubris","Minty Spire (QoL Compilation)","Replay The Spire","StSLib"],"gold_per_floor":[6520,5801,5815,5815,5815,5833,5849,5878,5878,5878,5878,5878,5911,5927,5958,5972,5972,6077,6077,6094,6111,6111,6026,6037,6037,5428,5428,5501,5519,5550,4725,4751,4751,4751,4848,4848,4863,4878,4894,4081,4092,4092,4092,4092,4092,4109,3615,3615,3225,3241,3241,3241,3241,3241,2862,2895,2895],"floor_reached":58,"playtime":3323,"items_purged":["Strike_G","Strike_G","Strike_G","Defend_G","Defend_G","Defend_G"],"score":2006,"play_id":"92628afc-f788-4639-881b-dc7efaca2037","local_time":"20201223163009","is_ascension_mode":true,"campfire_choices":[{"floor":9,"key":"RECALL"},{"data":"Dodge and Roll","floor":12,"key":"SMITH"},{"data":"Outmaneuver","floor":17,"key":"SMITH"},{"data":"Adrenaline","floor":25,"key":"SMITH"},{"data":"Backflip","floor":27,"key":"SMITH"},{"data":"Footwork","floor":34,"key":"SMITH"},{"data":"Venomology","floor":42,"key":"SMITH"},{"data":"ReplayUltimateDefense","floor":51,"key":"SMITH"},{"data":"After Image","floor":54,"key":"SMITH"}],"circlet_count":0,"master_deck":["Strike_G+1","Defend_G","Survivor","Neutralize+1","Noxious Fumes","Backflip","Dodge and Roll+1","Deadly Poison","Backflip+1","Crippling Poison","Outmaneuver+1","Adrenaline+1","Replay:Poison Smokescreen","ReplayTheSpireMod:Speed Training","Noxious Fumes","Replay:Poison Smokescreen","Footwork+1","Footwork","Fluid Movement+1","Venomology+1","Bouncing Flask","ReplayUltimateDefense+1","hubris:NaturalOne","Fluid Movement","After Image+1","hubris:EnhanceAbility","Fluid Movement+1","hubris:EnhanceAbility","Fluid Movement"],"relics":["Ring of the Snake","Potion Belt","Lee\u0027s Waffle","Basket Of Snakes","Whetstone","Unceasing Top","hubris:GlazedTorus","Bronze Scales","Black Star","hubris:Icosahedron","Toy Ornithopter","hubris:CrystalStatue","Strange Spoon","Mercury Hourglass","Pear","hubris:Potato","Medical Kit","hubris:64BitClover","Juzu Bracelet","Replay:Towering Pillar of Hats","Bag of Preparation","SacredBark","SacredBark","hubris:SlimyHat","Toolbox","Pantograph","Membership Card","Replay:Bottled Snecko","Ancient Tea Set","Chemical X","hubris:Metronome","ReplayFunnel","Byrd Skull","Orrery","Snake Skull","Bird Faced Urn"],"acts_visited":["Exordium","TheCity","TheBeyond","TheEnding"],"potions_floor_usage":[8,13,16,29,32,35,37,38,38,39,39,39,41,46,46,46,46,46,46,46,50,50,50,52,52,56,56,56,57,57,57,57,57,57],"damage_taken":[{"damage":1,"enemies":"Jaw Worm","floor":1,"turns":4},{"damage":0,"enemies":"Cultist","floor":3,"turns":5},{"damage":0,"enemies":"Small Slimes","floor":6,"turns":3},{"damage":0,"enemies":"2 Fungi Beasts","floor":7,"turns":6},{"damage":19,"enemies":"Lagavulin","floor":8,"turns":7},{"damage":16,"enemies":"Gremlin Nob","floor":13,"turns":6},{"damage":7,"enemies":"Exordium Wildlife","floor":14,"turns":6},{"damage":12,"enemies":"Lagavulin","floor":15,"turns":9},{"damage":8,"enemies":"Looter","floor":16,"turns":3},{"damage":4,"enemies":"The Guardian","floor":18,"turns":9},{"damage":9,"enemies":"Shell Parasite","floor":20,"turns":5},{"damage":30,"enemies":"2 Thieves","floor":21,"turns":4},{"damage":22,"enemies":"Cultist and Chosen","floor":24,"turns":8},{"damage":6,"enemies":"Shelled Parasite and Fungi","floor":29,"turns":4},{"damage":7,"enemies":"Book of Stabbing","floor":30,"turns":5},{"damage":0,"enemies":"Replay:Snechameleon","floor":32,"turns":5},{"damage":18,"enemies":"Pondfish","floor":35,"turns":8},{"damage":13,"enemies":"3 Darklings","floor":37,"turns":5},{"damage":74,"enemies":"3 Shapes","floor":38,"turns":4},{"damage":22,"enemies":"Writhing Mass","floor":39,"turns":6},{"damage":23,"enemies":"4 Shapes","floor":41,"turns":5},{"damage":0,"enemies":"Transient","floor":46,"turns":5},{"damage":2,"enemies":"Sphere and 2 Shapes","floor":50,"turns":6},{"damage":0,"enemies":"Time Eater","floor":52,"turns":13},{"damage":30,"enemies":"Shield and Spear","floor":56,"turns":7},{"damage":0,"enemies":"The Heart","floor":57,"turns":10}],"seed_played":"4187640392137683145","potions_obtained":[{"floor":6,"key":"Block Potion"},{"floor":8,"key":"Reflective Coating"},{"floor":15,"key":"Adrenaline Potion"},{"floor":18,"key":"FairyPotion"},{"floor":20,"key":"FairyPotion"},{"floor":21,"key":"Milkshake"},{"floor":30,"key":"Elixir"},{"floor":32,"key":"DistilledChaos"},{"floor":39,"key":"Swift Potion"},{"floor":43,"key":"EssenceOfSteel"},{"floor":43,"key":"Regen Potion"},{"floor":46,"key":"Explosive Potion"}],"is_trial":false,"path_per_floor":["M","$","M","PTL","PTL","M","M","E","R","?","T","R","E","M","E","M","R","B",null,"M","M","?","?","M","R","$","R","T","M","E","$","E","?","R","B",null,"M","M","M","$","M","R","?","?","T","M","$","?","$","M","R","B",null,"R","$","E","B",null],"character_chosen":"THE_SILENT","items_purchased":["Lee\u0027s Waffle","Basket Of Snakes","Backflip","Whetstone","Noxious Fumes","hubris:CrystalStatue","Strange Spoon","EssenceOfSteel","Footwork","Medical Kit","hubris:64BitClover","Juzu Bracelet","PowerPotion","hubris:SlimyHat","Toolbox","ReplayUltimateDefense","Poison Potion","AttackPotion","LiquidBronze","Membership Card","Replay:Bottled Snecko","Ancient Tea Set","After Image","AttackPotion","Chemical X","hubris:Metronome","hubris:EnhanceAbility","Byrd Skull","Orrery","hubris:EnhanceAbility","SpeedPotion","Weak Potion"],"campfire_rested":0,"item_purchase_floors":[2,2,2,2,26,26,26,26,31,31,31,31,31,40,40,40,40,40,40,47,47,47,47,47,49,49,49,55,55,55,55,55],"current_hp_per_floor":[139,147,147,147,147,147,147,128,128,128,128,128,112,105,93,85,85,81,147,138,108,108,108,86,86,86,86,86,85,88,88,93,93,93,80,157,149,83,76,76,58,58,58,58,58,133,133,133,133,146,146,149,149,149,149,124,149],"gold":2895,"neow_bonus":"REMOVE_TWO","is_daily":false,"chose_seed":false,"campfire_upgraded":8,"win_rate":0.0,"timestamp":1608762609,"path_taken":["M","$","M","PTL","PTL","M","M","E","R","?","T","R","E","M","E","M","R","BOSS","M","?","?","?","M","R","$","R","T","M","E","$","E","?","R","BOSS","M","M","M","$","M","R","?","?","T","M","$","?","$","M","R","BOSS","R","$","E","BOSS"],"items_purchased_type":["Relic","Relic","Card","Relic","Card","Relic","Relic","Potion","Card","Relic","Relic","Relic","Potion","Relic","Relic","Card","Potion","Potion","Potion","Relic","Relic","Relic","Card","Potion","Relic","Relic","Card","Relic","Relic","Card","Potion","Potion"],"build_version":"2020-12-22","purchased_purges":6,"victory":true,"max_hp_per_floor":[140,147,147,147,147,147,147,147,147,147,147,147,147,147,147,147,147,147,147,147,147,147,147,147,147,147,147,147,147,157,157,157,157,157,157,157,157,157,157,157,157,157,157,149,149,149,149,149,149,149,149,149,149,149,149,149,149],"card_choices":[{"not_picked":["Outmaneuver","hubris:Sniper"],"picked":"Noxious Fumes","floor":1},{"not_picked":["Acrobatics","Backflip"],"picked":"Dodge and Roll","floor":3},{"not_picked":["Flying Knee","hubris:Sniper","Blade Dance"],"picked":"SKIP","floor":6},{"not_picked":["Skewer","Night Terror"],"picked":"Deadly Poison","floor":7},{"not_picked":["Draining Mist","Riddle With Holes"],"picked":"Backflip","floor":8},{"not_picked":["A Thousand Cuts","Bane","Hidden Blade"],"picked":"SKIP","floor":13},{"not_picked":["Masterful Stab","Slice"],"picked":"Crippling Poison","floor":14},{"not_picked":["hubris:SlightOfHand","Backflip"],"picked":"Outmaneuver","floor":15},{"not_picked":["Quick Slash","Bane","Hidden Blade"],"picked":"SKIP","floor":16},{"not_picked":["ReplayTheSpireMod:Necrosis","Night Terror"],"picked":"Adrenaline","floor":18},{"not_picked":["Eviscerate","Dagger Spray","Flying Knee"],"picked":"SKIP","floor":20},{"not_picked":["PiercingWail","Backflip+1"],"picked":"Replay:Poison Smokescreen","floor":21},{"not_picked":["Quick Slash","ReplayTheSpireMod:Shiv Toss+1"],"picked":"ReplayTheSpireMod:Speed Training","floor":24},{"not_picked":["Doppelganger","Poisoned Stab"],"picked":"Replay:Poison Smokescreen","floor":29},{"not_picked":["Finisher","Adrenaline"],"picked":"Footwork","floor":30},{"not_picked":["Toxin Wave","Poisoned Stab"],"picked":"Fluid Movement+1","floor":32},{"not_picked":["Glass Knife","Night Terror"],"picked":"Venomology","floor":35},{"not_picked":["Deadly Poison","Poisoned Stab","Dagger Throw+1"],"picked":"SKIP","floor":37},{"not_picked":["Dagger Throw","Infinite Blades+1","Terror+1"],"picked":"SKIP","floor":38},{"not_picked":["Finisher+1","Slice"],"picked":"Bouncing Flask","floor":39},{"not_picked":["Dash+1","Underhanded Strike","Distraction+1"],"picked":"SKIP","floor":41},{"not_picked":["Dodge and Roll","Prepared"],"picked":"Fluid Movement","floor":46},{"not_picked":["Cloak And Dagger","Leg Sweep","Blade Dance"],"picked":"SKIP","floor":50},{"not_picked":["Underhanded Strike","Prepared+1"],"picked":"Fluid Movement+1","floor":55},{"not_picked":["Acrobatics+1","Eviscerate+1"],"picked":"Fluid Movement","floor":56}],"player_experience":107101,"relics_obtained":[{"floor":8,"key":"Unceasing Top"},{"floor":13,"key":"hubris:GlazedTorus"},{"floor":15,"key":"Bronze Scales"},{"floor":28,"key":"Mercury Hourglass"},{"floor":30,"key":"Pear"},{"floor":30,"key":"hubris:Potato"},{"floor":32,"key":"Replay:Towering Pillar of Hats"},{"floor":32,"key":"Bag of Preparation"},{"floor":45,"key":"Pantograph"},{"floor":50,"key":"ReplayFunnel"},{"floor":56,"key":"Snake Skull"},{"floor":56,"key":"Bird Faced Urn"}],"event_choices":[{"damage_healed":0,"gold_gain":0,"player_choice":"0 cards matched","damage_taken":0,"max_hp_gain":0,"max_hp_loss":0,"event_name":"Match and Keep!","floor":10,"gold_loss":0,"cards_obtained":[]},{"damage_healed":0,"gold_gain":0,"player_choice":"Obtained Relic","damage_taken":0,"relics_obtained":["Toy Ornithopter"],"max_hp_gain":0,"max_hp_loss":0,"event_name":"Addict","floor":23,"gold_loss":85},{"damage_healed":0,"gold_gain":0,"player_choice":"Ignored","damage_taken":0,"max_hp_gain":0,"max_hp_loss":0,"event_name":"The Mausoleum","floor":33,"gold_loss":0},{"damage_healed":0,"gold_gain":0,"player_choice":"Got Potions","damage_taken":0,"max_hp_gain":0,"max_hp_loss":0,"event_name":"Lab","floor":43,"gold_loss":0},{"damage_healed":0,"gold_gain":0,"player_choice":"Max HP","damage_taken":0,"max_hp_gain":0,"max_hp_loss":8,"event_name":"Winding Halls","floor":44,"gold_loss":0},{"damage_healed":0,"gold_gain":0,"player_choice":"Ignored","damage_taken":0,"max_hp_gain":0,"max_hp_loss":0,"event_name":"SecretPortal","floor":48,"gold_loss":0}],"is_beta":false,"boss_relics":[{"not_picked":["hubris:HollowSoul","Calling Bell"],"picked":"Black Star"},{"not_picked":["hubris:TerracottaHorce","Empty Cage"],"picked":"SacredBark"}],"items_purged_floors":[2,26,31,40,47,49],"is_endless":false,"potions_floor_spawned":[6,8,15,18,20,21,30,32,39,46],"ascension_level":2}}