{"host":"3y2rtlgteqp2nuo3","time":1608711972,"event":{"mods":["2.2 Compatiblity","AchievementEnabler","BaseMod","Colored Map","DeckTracker","Highlight Path","Keyboard Shortcuts","Minty Spire (QoL Compilation)","Permanent Neow","Quick Restart","StSLib","SuperFastMode","everything is the same but u backflip on backflip"],"gold_per_floor":[113,129,140,140,152,152,165,165,240,165,208,288,288,313,313,436,436,456,483,499,518,543,543,4,4,4,4,4,25,25,40,40,159,159,174,83,102,0,0,0,39,51,63,75,103,136,9,24,24,24],"floor_reached":51,"playtime":1786,"items_purged":["Regret"],"score":754,"play_id":"68d53be9-26df-46ed-8584-ff0f2df57a75","local_time":"20201223172612","is_ascension_mode":false,"campfire_choices":[{"data":"Zap","floor":6.0,"key":"SMITH"},{"data":"Coolheaded","floor":15.0,"key":"SMITH"},{"data":"Defragment","floor":23.0,"key":"SMITH"},{"data":"Thunder Strike","floor":28.0,"key":"SMITH"},{"data":"Transmutation","floor":30.0,"key":"SMITH"},{"floor":32.0,"key":"DIG"},{"floor":40.0,"key":"DIG"},{"floor":42.0,"key":"REST"},{"floor":44.0,"key":"DIG"},{"floor":49,"key":"DIG"}],"circlet_count":0,"master_deck":["Defend_B","Defend_B","Defend_B","Zap+1","Dualcast","Machine Learning","Compile Driver","Conserve Battery","Gash","Coolheaded+1","Glacier","Injury","Beam Cell","Ball Lightning","Rebound","Thunder Strike+1","Defragment+1","Auto Shields+1","Cold Snap+1","Genetic Algorithm","Transmutation+1","Hologram","Writhe","Gash","Genetic Algorithm+1","Echo Form","Reboot+1","All For One+1","BootSequence+1","Gash","Dramatic Entrance","Defragment+1","Chill","Recycle+1","Trip","Dark Shackles"],"relics":["Cracked Core","Shovel","Golden Idol","Ornamental Fan","MealTicket","Regal Pillow","Matryoshka","Empty Cage","DataDisk","Lantern","Dead Branch","Kunai","Art of War","Mercury Hourglass","Unceasing Top","Astrolabe","Red Mask","Orichalcum","MawBank","The Courier","Pen Nib","White Beast Statue"],"acts_visited":["Exordium","TheCity","TheBeyond"],"potions_floor_usage":[],"damage_taken":[{"damage":2.0,"enemies":"Small Slimes","floor":1.0,"turns":4.0},{"damage":13.0,"enemies":"2 Louse","floor":2.0,"turns":2.0},{"damage":1.0,"enemies":"Cultist","floor":3.0,"turns":3.0},{"damage":12.0,"enemies":"Red Slaver","floor":5.0,"turns":4.0},{"damage":4.0,"enemies":"Blue Slaver","floor":7.0,"turns":3.0},{"damage":4.0,"enemies":"3 Sentries","floor":11.0,"turns":12.0},{"damage":9.0,"enemies":"Gremlin Nob","floor":12.0,"turns":4.0},{"damage":5.0,"enemies":"Looter","floor":14.0,"turns":4.0},{"damage":19.0,"enemies":"The Guardian","floor":16.0,"turns":12.0},{"damage":16.0,"enemies":"3 Byrds","floor":18.0,"turns":6.0},{"damage":0.0,"enemies":"Shell Parasite","floor":20.0,"turns":5.0},{"damage":4.0,"enemies":"Snecko","floor":21.0,"turns":4.0},{"damage":10.0,"enemies":"Centurion and Healer","floor":22.0,"turns":8.0},{"damage":17.0,"enemies":"Snake Plant","floor":29.0,"turns":4.0},{"damage":15.0,"enemies":"Snecko","floor":31.0,"turns":6.0},{"damage":26.0,"enemies":"Champ","floor":33.0,"turns":14.0},{"damage":11.0,"enemies":"3 Shapes","floor":35.0,"turns":7.0},{"damage":25.0,"enemies":"3 Darklings","floor":37.0,"turns":3.0},{"damage":37.0,"enemies":"Reptomancer","floor":41.0,"turns":6.0},{"damage":10.0,"enemies":"Transient","floor":45.0,"turns":5.0},{"damage":0.0,"enemies":"Sphere and 2 Shapes","floor":46.0,"turns":5.0},{"damage":2,"enemies":"Spire Growth","floor":48,"turns":6},{"damage":0,"enemies":"Donu and Deca","floor":50,"turns":9}],"seed_played":"3782686074482799830","potions_obtained":[{"floor":1.0,"key":"DuplicationPotion"},{"floor":5.0,"key":"Fire Potion"},{"floor":12.0,"key":"Fire Potion"},{"floor":16.0,"key":"Energy Potion"},{"floor":20.0,"key":"Weak Potion"},{"floor":31.0,"key":"Strength Potion"},{"floor":33.0,"key":"ColorlessPotion"},{"floor":48,"key":"ColorlessPotion"}],"is_trial":false,"path_per_floor":["M","M","M","?","M","R","M","?","T","$","E","?","T","M","R","B",null,"M","T","M","M","M","R","$","?","T","$","R","M","R","M","R","B",null,"M","$","M","?","?","R","E","R","T","R","M","M","$","M","R","B",null],"character_chosen":"DEFECT","items_purchased":["Dead Branch","Transmutation","Hologram","Dramatic Entrance","Trip","Dark Shackles"],"campfire_rested":1,"item_purchase_floors":[24,24,24,36,47,47],"current_hp_per_floor":[73,60,59,59,47,47,43,43,43,43,39,30,30,25,25,6,75,59,59,59,55,45,45,60,60,60,75,75,58,58,43,43,17,75,64,75,50,50,50,50,13,50,50,50,40,40,55,53,53,53],"gold":24,"neow_bonus":"ONE_RANDOM_RARE_CARD","is_daily":false,"chose_seed":false,"campfire_upgraded":5,"win_rate":0.0,"timestamp":1608711972,"path_taken":["M","M","M","?","M","R","M","?","T","$","E","?","?","M","R","BOSS","M","?","M","?","M","R","$","?","T","$","R","M","R","M","R","BOSS","M","$","M","?","?","R","E","R","T","R","M","M","$","M","R","BOSS"],"items_purchased_type":["Relic","Card","Card","Card","Card","Card"],"build_version":"2020-12-22","purchased_purges":1,"victory":true,"max_hp_per_floor":[75,75,75,75,75,75,75,75,75,75,75,75,75,75,75,75,75,75,75,75,75,75,75,75,75,75,75,75,75,75,75,75,75,75,75,75,75,75,75,75,75,75,75,75,75,75,75,75,75,75],"card_choices":[{"not_picked":["Force Field","Go for the Eyes"],"picked":"Compile Driver","floor":1.0},{"not_picked":["Steam","Redo"],"picked":"Conserve Battery","floor":2.0},{"not_picked":["Double Energy","Conserve Battery"],"picked":"Gash","floor":3.0},{"not_picked":["Rebound","Hologram"],"picked":"Coolheaded","floor":5.0},{"not_picked":["Reinforced Body","Stack"],"picked":"Glacier","floor":7.0},{"not_picked":["Compile Driver","Storm"],"picked":"Beam Cell","floor":11.0},{"not_picked":["Compile Driver","Gash"],"picked":"Ball Lightning","floor":12.0},{"not_picked":["Meteor Strike","Leap"],"picked":"Rebound","floor":14.0},{"not_picked":["Meteor Strike","Biased Cognition"],"picked":"Thunder Strike","floor":16.0},{"not_picked":["Beam Cell","BootSequence"],"picked":"Defragment","floor":18.0},{"not_picked":["Steam","Stack"],"picked":"Auto Shields+1","floor":20.0},{"not_picked":["Sweeping Beam","Beam Cell"],"picked":"Cold Snap+1","floor":21.0},{"not_picked":["Leap+1","Go for the Eyes"],"picked":"Genetic Algorithm","floor":22.0},{"not_picked":["Scrape","Doom and Gloom"],"picked":"Gash","floor":29.0},{"not_picked":["Conserve Battery","Rip and Tear+1"],"picked":"Genetic Algorithm+1","floor":31.0},{"not_picked":["Reboot","Thunder Strike"],"picked":"Echo Form","floor":33.0},{"not_picked":["Compile Driver","Rebound"],"picked":"Gash","floor":35.0},{"not_picked":["Force Field","Go for the Eyes","Stack"],"picked":"SKIP","floor":37.0},{"not_picked":["Leap","Cold Snap+1"],"picked":"Chill","floor":41.0},{"not_picked":["Steam Power","Ball Lightning","Storm+1"],"picked":"SKIP","floor":45.0},{"not_picked":["Steam+1","Coolheaded"],"picked":"Recycle+1","floor":46.0},{"not_picked":["Redo+1","Hologram+1","Compile Driver"],"picked":"SKIP","floor":48}],"player_experience":639392,"relics_obtained":[{"floor":9.0,"key":"Ornamental Fan"},{"floor":11.0,"key":"MealTicket"},{"floor":12.0,"key":"Regal Pillow"},{"floor":13.0,"key":"Matryoshka"},{"floor":19.0,"key":"DataDisk"},{"floor":19.0,"key":"Lantern"},{"floor":26.0,"key":"Art of War"},{"floor":26.0,"key":"Mercury Hourglass"},{"floor":32.0,"key":"Unceasing Top"},{"floor":40.0,"key":"Orichalcum"},{"floor":41.0,"key":"MawBank"},{"floor":43.0,"key":"The Courier"},{"floor":44.0,"key":"Pen Nib"},{"floor":49,"key":"White Beast Statue"}],"event_choices":[{"damage_healed":0.0,"max_hp_gain":0.0,"max_hp_loss":0.0,"gold_gain":0.0,"event_name":"Big Fish","player_choice":"Box","floor":4.0,"gold_loss":0.0,"damage_taken":0.0,"relics_obtained":["Shovel"],"cards_obtained":["Regret"]},{"damage_healed":0.0,"max_hp_gain":0.0,"max_hp_loss":0.0,"gold_gain":0.0,"event_name":"Golden Idol","player_choice":"Take Wound","floor":8.0,"gold_loss":0.0,"damage_taken":0.0,"relics_obtained":["Golden Idol"],"cards_obtained":["Injury"]},{"damage_healed":0.0,"max_hp_gain":0.0,"max_hp_loss":0.0,"gold_gain":0.0,"event_name":"Dead Adventurer","player_choice":"Searched \u00272\u0027 times","floor":12.0,"gold_loss":0.0,"damage_taken":0.0},{"damage_healed":0.0,"max_hp_gain":0.0,"max_hp_loss":0.0,"gold_gain":0.0,"event_name":"The Mausoleum","player_choice":"Opened","floor":25.0,"gold_loss":0.0,"damage_taken":0.0,"relics_obtained":["Kunai"],"cards_obtained":["Writhe"]},{"damage_healed":0.0,"max_hp_gain":0.0,"max_hp_loss":0.0,"gold_gain":0.0,"event_name":"Tomb of Lord Red Mask","player_choice":"Paid","floor":38.0,"gold_loss":102.0,"damage_taken":0.0,"relics_obtained":["Red Mask"]},{"damage_healed":0.0,"max_hp_gain":0.0,"max_hp_loss":0.0,"gold_gain":0.0,"event_name":"Duplicator","player_choice":"Copied","floor":39.0,"gold_loss":0.0,"damage_taken":0.0,"cards_obtained":["Defragment"]}],"is_beta":false,"boss_relics":[{"not_picked":["Busted Crown","Tiny House"],"picked":"Empty Cage"},{"not_picked":["Fusion Hammer","FrozenCore"],"picked":"Astrolabe"}],"items_purged_floors":[10],"is_endless":false,"potions_floor_spawned":[1,5,12,16,20,31,33,37,48],"ascension_level":0}}