{"host":"ky7z67tg8zpdk0g7","time":1608750931,"event":{"mods":["BaseMod","Beaked The Cultist","Better Third Choice","CapriCore","Displayed Cursed Tome","Energized Spire","Fireblade Mod","Hubris","Lobotomy","LobotomyExtend","Minty Spire (QoL Compilation)","Replay The Spire","SOS???????","Shop Mod","StSLib","Td1madao Mod","The Dragon Tamer","The Hayseed","The Hierophant","The Immortal","The Marked","The Necromancer","TheBandit","TheWitcher"],"gold_per_floor":[115,115,115,41,41,41,41,57,82,7,39,39,4,25,25,154,154,174,174,192,205,229,270,283,283,307,7,7,46,46,69,69,199,199,217,238,238,261,594,594,613,645,645,660,389,407,407,434,434,434,434,434,434,81,107,107],"floor_reached":57,"playtime":2246,"items_purged":["theMarked:Strike","Injury","theMarked:Static"],"score":1590,"play_id":"187e7150-e24a-4044-ae31-4d374477ab51","local_time":"20201224021531","is_ascension_mode":true,"campfire_choices":[{"data":"theMarked:GodGivenPower","floor":6,"key":"SMITH"},{"data":"theMarked:MaelstromOfLightning","floor":15,"key":"SMITH"},{"data":"theMarked:SoldierOfQuellstein","floor":25,"key":"SMITH"},{"floor":28,"key":"REST"},{"data":"theMarked:StartUp","floor":30,"key":"SMITH"},{"data":"theMarked:Parkour","floor":32,"key":"SMITH"},{"floor":40,"key":"RECALL"},{"floor":49,"key":"REST"},{"data":"theMarked:SummonStrength","floor":53,"key":"SMITH"}],"circlet_count":0,"master_deck":["theMarked:Defend","theMarked:Defend+1","theMarked:Defend","theMarked:Defend","theMarked:SoldierOfQuellstein+1","theMarked:Overcharge","theMarked:Static","theMarked:GodGivenPower+1","Reboot+1","theMarked:MaelstromOfLightning+1","theMarked:Overcharge","theMarked:SummonStrength+1","theMarked:GodGivenPower","theMarked:PowerFlow+1","theMarked:StartUp+1","theMarked:TwofoldDefense","theMarked:HeightenedSenses","theMarked:Overcharge","theMarked:Parkour+1","theMarked:ThrowWeapon","AbeCurse","theMarked:Indomitable+1","theMarked:MagicAdept+1","theMarked:Polarize+1","theMarked:WardOff+1","theMarked:RepellingDischarge","theMarked:TakeOffHeels"],"relics":["theMarked:ArtifactOfAir","LetterFromLob","ReplayFunnel","hubris:Icosahedron","PreservedInsect","Centennial Puzzle","Replay:Drink Me","Blood Vial","Pen Nib","Strawberry","Replay:Accelerometer","Abe\u0027s Treasure","Regal Pillow","ClockworkSouvenir","Potion Belt","hubris:EmptyBottle","ReplayTheSpireMod:Lightbulb"],"acts_visited":["Exordium","TheCity","TheBeyond","TheEnding"],"potions_floor_usage":[11,16,20,21,29,50,50,55,55,56,56,56,56,56,56],"damage_taken":[{"damage":2,"enemies":"Jaw Worm","floor":1,"turns":3},{"damage":1,"enemies":"2 Louse","floor":8,"turns":3},{"damage":0,"enemies":"Gremlin Nob","floor":11,"turns":4},{"damage":4,"enemies":"Small Slimes","floor":14,"turns":3},{"damage":0,"enemies":"Fading Forest","floor":16,"turns":10},{"damage":0,"enemies":"2 Thieves","floor":18,"turns":2},{"damage":0,"enemies":"Shell Parasite","floor":20,"turns":2},{"damage":0,"enemies":"Snake Plant","floor":21,"turns":2},{"damage":0,"enemies":"Shelled Parasite and Fungi","floor":22,"turns":3},{"damage":39,"enemies":"Book of Stabbing","floor":23,"turns":3},{"damage":0,"enemies":"Chosen and Byrds","floor":24,"turns":3},{"damage":14,"enemies":"Gremlin Leader","floor":29,"turns":3},{"damage":0,"enemies":"3 Cultists","floor":31,"turns":3},{"damage":32,"enemies":"Collector","floor":33,"turns":4},{"damage":2,"enemies":"Orb Walker","floor":35,"turns":2},{"damage":10,"enemies":"3 Darklings","floor":36,"turns":3},{"damage":0,"enemies":"Transient","floor":38,"turns":5},{"damage":20,"enemies":"Jaw Worm Horde","floor":41,"turns":3},{"damage":0,"enemies":"Nemesis","floor":42,"turns":3},{"damage":1,"enemies":"Spire Growth","floor":44,"turns":3},{"damage":0,"enemies":"4 Shapes","floor":46,"turns":3},{"damage":0,"enemies":"beaked:SuperParasite","floor":48,"turns":2},{"damage":4,"enemies":"Time Eater","floor":50,"turns":4},{"damage":0,"enemies":"Shield and Spear","floor":55,"turns":3},{"damage":31,"enemies":"The Heart","floor":56,"turns":7}],"seed_played":"303850844238193727","potions_obtained":[{"floor":1,"key":"Milkshake"},{"floor":8,"key":"Ancient Potion"},{"floor":14,"key":"Block Potion"},{"floor":21,"key":"Strength Potion"},{"floor":23,"key":"AttackPotion"},{"floor":29,"key":"Energy Potion"},{"floor":38,"key":"Dexterity Potion"},{"floor":46,"key":"Swift Potion"}],"is_trial":false,"path_per_floor":["M","?","?","$","?","R","?","M","T","$","E","?","?","M","R","B",null,"M","?","M","M","M","E","M","R","T","$","R","E","R","M","R","B",null,"M","M","?","M","?","R","M","E","T","M","$","M","?","E","R","B",null,null,"R","$","E","B",null],"character_chosen":"THE_DEFAULT","items_purchased":["theMarked:GodGivenPower","Strawberry","theMarked:HeightenedSenses","ClockworkSouvenir","hubris:EmptyBottle","Block Potion","Fire Potion","SkillPotion","theMarked:RepellingDischarge"],"campfire_rested":2,"item_purchase_floors":[4,27,27,45,54,54,54,54,54],"current_hp_per_floor":[68,61,61,61,44,44,44,43,43,43,43,43,60,56,56,64,53,53,53,53,53,53,14,16,16,16,23,41,29,29,31,31,1,60,58,50,50,52,52,52,34,36,36,37,37,39,39,41,60,56,56,60,60,60,60,29],"gold":107,"neow_bonus":"RANDOM_EVENT","is_daily":false,"chose_seed":false,"campfire_upgraded":6,"win_rate":0.0,"timestamp":1608750931,"path_taken":["M","?","?","$","?","R","?","?","T","$","E","?","?","M","R","BOSS","M","?","?","M","?","E","M","R","T","$","R","E","R","?","R","BOSS","M","M","?","M","?","R","M","E","T","M","$","M","?","E","R","BOSS","R","$","E","BOSS"],"items_purchased_type":["Card","Relic","Card","Relic","Relic","Potion","Potion","Potion","Card"],"build_version":"2020-12-22","purchased_purges":3,"victory":true,"max_hp_per_floor":[70,70,70,70,70,70,70,70,70,70,70,70,70,70,70,70,53,53,53,53,53,53,53,53,53,53,60,60,60,60,60,60,60,60,60,60,60,60,60,60,60,60,60,60,60,60,60,60,60,60,60,60,60,60,60,60],"card_choices":[{"not_picked":["theMarked:Reabsorb","theMarked:Static"],"picked":"theMarked:Overcharge","floor":1},{"not_picked":["theMarked:ResourceFulStrike","theMarked:ElectricStrings"],"picked":"theMarked:MaelstromOfLightning","floor":8},{"not_picked":["theMarked:Parkour","theMarked:Seal","theMarked:Frustration"],"picked":"SKIP","floor":11},{"not_picked":["theMarked:RepellingDischarge","theMarked:ElectricStrings"],"picked":"theMarked:Overcharge","floor":14},{"not_picked":["theMarked:BindingBlade","theMarked:TurnInvisible"],"picked":"theMarked:SummonStrength","floor":16},{"not_picked":["theMarked:ElectricStrings","theMarked:WastefulDefense+1"],"picked":"theMarked:Static","floor":18},{"not_picked":["theMarked:Parkour+1","theMarked:RepellingDischarge+1"],"picked":"theMarked:PowerFlow+1","floor":20},{"not_picked":["theMarked:LightningStrikesTwice","theMarked:TakeCover"],"picked":"theMarked:RepellingDischarge","floor":21},{"not_picked":["theMarked:WastefulAttack","theMarked:TurnInvisible","theMarked:WardOff"],"picked":"SKIP","floor":22},{"not_picked":["theMarked:LightningStrikesTwice","theMarked:PowerFlow"],"picked":"theMarked:StartUp","floor":23},{"not_picked":["theMarked:Panic","theMarked:Electrify"],"picked":"theMarked:TwofoldDefense","floor":24},{"not_picked":["theMarked:HeightenedSenses+1","theMarked:ElectricStrings"],"picked":"theMarked:Overcharge","floor":29},{"not_picked":["theMarked:Frustration+1","theMarked:ElectricStrings+1"],"picked":"theMarked:Parkour","floor":31},{"not_picked":["theMarked:Levitate","theMarked:FavorableWinds"],"picked":"theMarked:ThrowWeapon","floor":33},{"not_picked":["theMarked:WastefulAttack","theMarked:ElectricStrings+1","theMarked:Parkour"],"picked":"SKIP","floor":35},{"not_picked":["theMarked:Convert+1","theMarked:ContemptForTheProud","theMarked:Opportunist"],"picked":"SKIP","floor":36},{"not_picked":["theMarked:SwordAndMagic","theMarked:Convert+1"],"picked":"theMarked:Indomitable+1","floor":38},{"not_picked":["theMarked:EnhanceMovement","theMarked:WardOff","theMarked:Frustration"],"picked":"SKIP","floor":41},{"not_picked":["theMarked:BanishingWave+1","theMarked:BanishingStrike+1"],"picked":"theMarked:MagicAdept+1","floor":42},{"not_picked":["theMarked:Reabsorb+1","theMarked:MagicAdept+1"],"picked":"theMarked:Polarize+1","floor":44},{"not_picked":["theMarked:Seal+1","theMarked:ContemptForTheProud+1","theMarked:ChainLightning"],"picked":"SKIP","floor":46},{"not_picked":["theMarked:SoldierForm","theMarked:Electrify+1"],"picked":"theMarked:WardOff+1","floor":48},{"not_picked":["theMarked:ResourceFulStrike+1","theMarked:Electrify"],"picked":"theMarked:TakeOffHeels","floor":55}],"player_experience":296571,"relics_obtained":[{"floor":1,"key":"LetterFromLob"},{"floor":9,"key":"PreservedInsect"},{"floor":11,"key":"Centennial Puzzle"},{"floor":23,"key":"Blood Vial"},{"floor":26,"key":"Pen Nib"},{"floor":29,"key":"Replay:Accelerometer"},{"floor":42,"key":"Regal Pillow"},{"floor":48,"key":"Potion Belt"},{"floor":55,"key":"ReplayTheSpireMod:Lightbulb"}],"event_choices":[{"cards_removed":["theMarked:Strike"],"damage_healed":0,"gold_gain":0,"player_choice":"Card Removal","damage_taken":7,"max_hp_gain":0,"max_hp_loss":0,"event_name":"Golden Wing","floor":2,"gold_loss":0},{"damage_healed":0,"gold_gain":0,"player_choice":"Take Wound","damage_taken":0,"relics_obtained":["Golden Idol"],"max_hp_gain":0,"max_hp_loss":0,"event_name":"Golden Idol","floor":12,"gold_loss":0,"cards_obtained":["Injury"]},{"damage_healed":17,"gold_gain":0,"player_choice":"Healed","damage_taken":0,"max_hp_gain":0,"max_hp_loss":0,"event_name":"The Cleric","floor":13,"gold_loss":35},{"damage_healed":0,"gold_gain":0,"player_choice":"1 cards matched","damage_taken":0,"max_hp_gain":0,"max_hp_loss":0,"event_name":"Match and Keep!","floor":19,"gold_loss":0,"cards_obtained":["theMarked:GodGivenPower"]},{"cards_removed":["theMarked:RepellingDischarge"],"damage_healed":0,"gold_gain":0,"player_choice":"Removed Skill","damage_taken":0,"max_hp_gain":0,"max_hp_loss":0,"event_name":"Falling","floor":37,"gold_loss":0},{"damage_healed":0,"gold_gain":333,"player_choice":"Gave Idol","damage_taken":0,"max_hp_gain":0,"max_hp_loss":0,"event_name":"The Moai Head","floor":39,"relics_lost":["Golden Idol"],"gold_loss":0}],"is_beta":false,"boss_relics":[{"not_picked":["Philosopher\u0027s Stone","ChewingGum"],"picked":"Replay:Drink Me"},{"not_picked":["hubris:Stopwatch","energizedSpire:StickyHand"],"picked":"Abe\u0027s Treasure"}],"items_purged_floors":[10,27,45],"is_endless":false,"potions_floor_spawned":[1,8,14,16,18,21,23,29,31,38,41,44,46],"ascension_level":3}}