{"host":"h8l1uc7c2i19r904","time":1608765447,"event":{"mods":["AchievementEnabler","BaseMod","Colored Map","Colored Powertips","Downfall","Minty Spire (QoL Compilation)","Quick Restart","Replay The Spire","StSLib","SuperFastMode"],"gold_per_floor":[113,56,56,74,74,104,104,104,128,128,142,41,41,41,41,161,161,186,52,52,15,30,30,51,312,387,426,426,451,494,507,507,632,632,647,666,687,707,707,707,750,750,750,775,775,810,826,846,846,846],"floor_reached":51,"playtime":2969,"items_purged":["Looming Evil","Regret"],"score":745,"play_id":"18bacaf5-03bb-4bbf-bc7a-eef4c651e009","local_time":"20201223151727","is_ascension_mode":false,"campfire_choices":[{"data":"Deadly Poison","floor":8,"key":"SMITH"},{"data":"Predator","floor":10,"key":"SMITH"},{"data":"Quick Slash","floor":15,"key":"SMITH"},{"data":"Hidden Blade","floor":23,"key":"SMITH"},{"data":"Blade Dance","floor":28,"key":"SMITH"},{"floor":32,"key":"REST"},{"data":"Replay:SS_hec_2","floor":40,"key":"SMITH"},{"data":"Backflip","floor":42,"key":"SMITH"},{"data":"Neutralize","floor":45,"key":"SMITH"}],"circlet_count":0,"master_deck":["Strike_G","Strike_G","Strike_G","Strike_G","Strike_G","Defend_G","Defend_G","Defend_G","Defend_G","Defend_G","Survivor","Neutralize+1","Noxious Fumes+1","Predator+1","Predator+1","Dagger Throw","Deadly Poison+1","Quick Slash+1","Poisoned Stab+1","Adrenaline+1","Prepared+1","ReplayTheSpireMod:Scrap Shanks+1","Bane+1","Hidden Blade+1","Envenom+1","Blade Dance+1","Terror+1","Flying Knee+1","Finisher","Wraith Form v2+1","CurseOfTheBell","Backstab","Bullet Time+1","Crow Ritual+1","Replay:SS_hec_2+1","Backflip+1","Pot Of Greed","Pot Of Greed","Pot Of Greed","Pot Of Greed","Night Terror+1","Accuracy+1"],"relics":["Ring of the Snake","NeowsBlessing","MealTicket","Golden Egg","Ring of Panic","ReplayTheSpireMod:Ring of Exchange","Potion Belt","Golden Idol","Painkiller Herb","Du-Vu Doll","Letter Opener","PreservedInsect","Peace Pipe","Replay:Grab Bag","Coffee Dripper","Sozu","SlaversCollar","Calling Bell","Blue Doll","Iron Hammer","Replay:Kaleidoscope","Replay:Accelerometer","Pondfish Scales","Grinning Jar"],"acts_visited":["Exordium","TheCity","TheBeyond"],"potions_floor_usage":[30,30,30,33,33,41],"damage_taken":[{"damage":0,"enemies":"2 Louse","floor":1,"turns":1},{"damage":0,"enemies":"Jaw Worm","floor":4,"turns":1},{"damage":0,"enemies":"Gremlin Nob","floor":6,"turns":1},{"damage":0,"enemies":"Small Slimes","floor":11,"turns":3},{"damage":38,"enemies":"Hexaghost","floor":16,"turns":6},{"damage":13,"enemies":"Spheric Guardian","floor":18,"turns":3},{"damage":5,"enemies":"Chosen","floor":22,"turns":2},{"damage":21,"enemies":"Centurion and Healer","floor":24,"turns":4},{"damage":19,"enemies":"Gremlin Leader","floor":27,"turns":5},{"damage":10,"enemies":"Chosen and Byrds","floor":29,"turns":3},{"damage":0,"enemies":"Book of Stabbing","floor":30,"turns":2},{"damage":5,"enemies":"Snecko","floor":31,"turns":3},{"damage":17,"enemies":"Collector","floor":33,"turns":5},{"damage":1,"enemies":"Orb Walker","floor":35,"turns":3},{"damage":22,"enemies":"3 Shapes","floor":36,"turns":3},{"damage":27,"enemies":"Writhing Mass","floor":37,"turns":5},{"damage":1,"enemies":"Maw","floor":38,"turns":5},{"damage":0,"enemies":"Nemesis","floor":41,"turns":5},{"damage":0,"enemies":"Jaw Worm Horde","floor":44,"turns":3},{"damage":0,"enemies":"R_Hoarder","floor":46,"turns":5},{"damage":0,"enemies":"Transient","floor":47,"turns":5},{"damage":0,"enemies":"Maw","floor":48,"turns":5},{"damage":7,"enemies":"Replay:Hell Engine","floor":50,"turns":11}],"seed_played":"187743723065906789","potions_obtained":[{"floor":1,"key":"Elixir"},{"floor":4,"key":"Regen Potion"},{"floor":16,"key":"Explosive Potion"},{"floor":22,"key":"Dexterity Potion"},{"floor":30,"key":"SteroidPotion"},{"floor":31,"key":"sneckomod:MuddlingPotion"}],"is_trial":false,"path_per_floor":["M","$","?","M","?","E","?","R","T","R","M","$","?","$","R","B",null,"?","T","?","T","?","T","?","?","T","E","T","?","E","?","T","B",null,"?","?","?","?","?","T","E","T","T","?","T","E","?","?","T","B",null],"character_chosen":"THE_SILENT","items_purchased":["Predator","Poisoned Stab","ReplayTheSpireMod:Scrap Shanks","Bane+1"],"campfire_rested":1,"item_purchase_floors":[2,12,19,21],"current_hp_per_floor":[70,70,70,70,70,70,70,70,70,70,70,70,53,68,68,30,70,57,70,70,70,65,65,44,44,44,25,25,15,24,19,40,23,70,69,47,20,19,9,9,9,9,9,9,9,9,9,9,30,23],"gold":846,"neow_bonus":"THREE_ENEMY_KILL","is_daily":false,"chose_seed":false,"campfire_upgraded":8,"win_rate":0.0,"timestamp":1608765447,"path_taken":["M","$","?","M","?","E","?","R","T","R","M","$","?","?","R","BOSS","?","T","?","T","?","T","?","?","T","E","T","?","E","?","T","BOSS","?","?","?","?","?","T","E","T","T","?","T","E","?","?","T","BOSS"],"items_purchased_type":["Card","Card","Card","Card"],"build_version":"2020-12-22","purchased_purges":2,"victory":true,"max_hp_per_floor":[70,70,70,70,70,70,70,70,70,70,70,70,70,70,70,70,70,70,70,70,70,70,70,70,70,70,70,70,70,70,70,70,70,70,70,70,70,70,70,70,70,70,70,70,70,70,70,70,70,70],"card_choices":[{"not_picked":["Leg Sweep","Toxin Wave"],"picked":"Noxious Fumes","floor":1},{"not_picked":["Setup","Dodge and Roll"],"picked":"Dagger Throw","floor":4},{"not_picked":["Hidden Blade","Flying Knee"],"picked":"Deadly Poison","floor":6},{"not_picked":["ReplayTheSpireMod:Shiv Toss","Dagger Throw"],"picked":"Quick Slash","floor":11},{"not_picked":["Tools of the Trade","Atom Bomb"],"picked":"Adrenaline","floor":16},{"not_picked":["Underhanded Strike","Backflip"],"picked":"Prepared+1","floor":18},{"not_picked":["Dodge and Roll","Quick Slash"],"picked":"Hidden Blade","floor":22},{"not_picked":["Hidden Blade","ReplayTheSpireMod:Speed Training"],"picked":"Envenom","floor":24},{"not_picked":["Deflect","Slice"],"picked":"Blade Dance","floor":25},{"not_picked":["Caltrops","Prepared"],"picked":"Terror+1","floor":27},{"not_picked":["Sucker Punch","Acrobatics"],"picked":"Flying Knee+1","floor":29},{"not_picked":["Deadly Poison","PiercingWail","Dodge and Roll"],"picked":"SKIP","floor":30},{"not_picked":["Heel Hook","Terror"],"picked":"Finisher","floor":31},{"not_picked":["Atom Bomb","ReplayTheSpireMod:Necrosis"],"picked":"Wraith Form v2","floor":33},{"not_picked":["Prepared+1","Dodge and Roll+1"],"picked":"Backstab","floor":35},{"not_picked":["Masterful Stab+1","PiercingWail","Bouncing Flask"],"picked":"SKIP","floor":36},{"not_picked":["Prepared+1","Dodge and Roll","PiercingWail"],"picked":"SKIP","floor":37},{"not_picked":["Slice","Well Laid Plans"],"picked":"Bullet Time","floor":38},{"not_picked":["Dramatic Entrance","PanicButton"],"picked":"Crow Ritual","floor":39},{"not_picked":["expansioncontent:DecasProtection","Panacea"],"picked":"Replay:SS_hec_2","floor":39},{"not_picked":["Blur","Well Laid Plans+1"],"picked":"Backflip","floor":41},{"not_picked":["Dagger Spray+1","Backflip","Cloak And Dagger"],"picked":"SKIP","floor":44},{"not_picked":["Predator+1","Fluid Movement"],"picked":"Night Terror","floor":46},{"not_picked":["Dodge and Roll+1","ReplayTheSpireMod:Speed Training","PiercingWail"],"picked":"SKIP","floor":47},{"not_picked":["Calculated Gamble","Poisoned Stab"],"picked":"Accuracy+1","floor":48}],"player_experience":118578,"relics_obtained":[{"floor":6,"key":"Golden Egg"},{"floor":7,"key":"Ring of Panic"},{"floor":7,"key":"ReplayTheSpireMod:Ring of Exchange"},{"floor":9,"key":"Potion Belt"},{"floor":26,"key":"Letter Opener"},{"floor":27,"key":"PreservedInsect"},{"floor":30,"key":"Peace Pipe"},{"floor":34,"key":"Blue Doll"},{"floor":34,"key":"Iron Hammer"},{"floor":34,"key":"Replay:Kaleidoscope"},{"floor":41,"key":"Replay:Accelerometer"},{"floor":43,"key":"Pondfish Scales"},{"floor":46,"key":"Grinning Jar"}],"event_choices":[{"damage_healed":0,"gold_gain":0,"player_choice":"Box","damage_taken":0,"relics_obtained":["MealTicket"],"max_hp_gain":0,"max_hp_loss":0,"event_name":"Big Fish","floor":3,"gold_loss":0,"cards_obtained":["Regret"]},{"damage_healed":0,"gold_gain":0,"player_choice":"Grow","damage_taken":0,"max_hp_gain":0,"max_hp_loss":0,"event_name":"Living Wall","floor":5,"gold_loss":0,"cards_upgraded":["Noxious Fumes"]},{"damage_healed":0,"gold_gain":0,"player_choice":"Take Damage","damage_taken":17,"relics_obtained":["Golden Idol"],"max_hp_gain":0,"max_hp_loss":0,"event_name":"Golden Idol","floor":13,"gold_loss":0},{"damage_healed":0,"gold_gain":0,"player_choice":"Memory 3","damage_taken":10,"max_hp_gain":0,"max_hp_loss":0,"event_name":"SensoryStone","floor":39,"gold_loss":0}],"is_beta":false,"boss_relics":[{"not_picked":["Strange Spoon","DollysMirror"],"picked":"Painkiller Herb"},{"not_picked":["ReplayTheSpireMod:ShopPack","HoveringKite"],"picked":"Replay:Grab Bag"},{"not_picked":["ReplayTheSpireMod:Onyx Gauntlets","Replay:Bronze Core"],"picked":"Coffee Dripper"},{"not_picked":["Velvet Choker","ReplayTheSpireMod:DimensionalGlitch"],"picked":"Sozu"},{"not_picked":["Astrolabe","Snecko Eye"],"picked":"SlaversCollar"},{"not_picked":["Ring of Chaos","Snecko Scales"],"picked":"Calling Bell"}],"items_purged_floors":[12,19],"is_endless":false,"potions_floor_spawned":[1,4,16,22,30,31,36,38,46,47],"ascension_level":0}}