{"host":"17j25xn3vk5d1e3v","time":1608751022,"event":{"mods":["AchievementEnabler","Act Like it!","BaseMod","GifTheSpireLib","Hermit","HexUI Lib","Hubris","Minty Spire (QoL Compilation)","Replay The Spire","StSLib"],"gold_per_floor":[119,119,166,183,183,210,210,227,227,253,271,271,281,135,135,235,235,251,30,44,44,62,62,62,62,62,78,96,130,130,130,130],"floor_reached":31,"playtime":1252,"items_purged":["Strike_B"],"score":317,"play_id":"ebaf0e59-0362-4501-b8b7-f7d0cc4f96d1","local_time":"20201223201702","is_ascension_mode":true,"campfire_choices":[{"floor":7.0,"key":"REST"},{"floor":12.0,"key":"REST"},{"data":"Defragment","floor":15.0,"key":"SMITH"},{"floor":23.0,"key":"REST"},{"floor":30,"key":"REST"}],"circlet_count":0,"master_deck":["Defend_B","Defend_B","Defend_B","Defend_B+1","Zap+1","Dualcast+1","Replay:Sssssssssstrike","Panic Button","White Noise","BootSequence","Glacier","ReplayTheSpireMod:Calculation Training+1","Defragment+1","BootSequence","Compile Driver","Creative AI+1","Storm+1","Go for the Eyes+1","Leap+1","Panic Button","Redo"],"relics":["Cracked Core","hubris:CrystalStatue","Singing Bowl","Lantern","ReplayTheSpireMod:Ninjato","Lee\u0027s Waffle","Astrolabe","Tiny Chest","hubris:Towel","Bottled Lightning","Pantograph","War Paint"],"acts_visited":["Exordium","TheCity"],"potions_floor_usage":[31,31],"damage_taken":[{"damage":0.0,"enemies":"Small Slimes","floor":1.0,"turns":3.0},{"damage":2.0,"enemies":"Jaw Worm","floor":4.0,"turns":3.0},{"damage":52.0,"enemies":"Gremlin Nob","floor":6.0,"turns":5.0},{"damage":0.0,"enemies":"Cultist","floor":8.0,"turns":3.0},{"damage":9.0,"enemies":"3 Sentries","floor":10.0,"turns":10.0},{"damage":7.0,"enemies":"2 Fungi Beasts","floor":11.0,"turns":4.0},{"damage":12.0,"enemies":"Exordium Wildlife","floor":13.0,"turns":5.0},{"damage":21.0,"enemies":"The Guardian","floor":16.0,"turns":15.0},{"damage":22.0,"enemies":"Spheric Guardian","floor":18.0,"turns":4.0},{"damage":23.0,"enemies":"Chosen","floor":20.0,"turns":7.0},{"damage":26.0,"enemies":"Snecko","floor":22.0,"turns":5.0},{"damage":15.0,"enemies":"Centurion and Healer","floor":27.0,"turns":9.0},{"damage":2.0,"enemies":"Snake Plant","floor":28.0,"turns":4.0},{"damage":24.0,"enemies":"Book of Stabbing","floor":29.0,"turns":8.0},{"damage":34,"enemies":"Gremlin Leader","floor":31,"turns":7}],"seed_played":"732505484767888210","potions_obtained":[{"floor":4.0,"key":"DuplicationPotion"},{"floor":13.0,"key":"SteroidPotion"},{"floor":16.0,"key":"SkillPotion"},{"floor":20.0,"key":"Block Potion"}],"is_trial":false,"path_per_floor":["M","?","?","M","?","E","R","M","T","E","M","R","M","$","R","B",null,"M","$","M","?","M","R","?","T","T","M","M","E","R","E"],"character_chosen":"DEFECT","items_purchased":["Lee\u0027s Waffle","Tiny Chest"],"campfire_rested":4,"item_purchase_floors":[14,19],"current_hp_per_floor":[75,75,57,55,55,3,25,25,25,18,11,34,22,84,84,63,84,64,64,43,43,17,43,43,43,43,30,30,6,33,0,0],"gold":130,"neow_bonus":"RANDOM_COLORLESS","is_daily":false,"chose_seed":false,"campfire_upgraded":1,"win_rate":0.0,"timestamp":1608751022,"path_taken":["M","?","?","?","?","E","R","M","T","E","M","R","M","?","R","BOSS","M","$","M","?","?","R","?","?","T","M","M","E","R","E"],"items_purchased_type":["Relic","Relic"],"build_version":"2020-12-22","purchased_purges":1,"victory":false,"max_hp_per_floor":[75,75,75,75,75,75,75,75,75,77,77,77,77,84,84,84,84,86,86,88,88,88,88,88,88,88,90,92,92,92,92,92],"card_choices":[{"not_picked":["Impatience","ReplayTheSpireMod:Trickstab"],"picked":"Replay:Sssssssssstrike","floor":0.0},{"not_picked":["Sweeping Beam","Rebound"],"picked":"Panic Button","floor":1.0},{"not_picked":["Redo","Rebound"],"picked":"White Noise","floor":3.0},{"not_picked":["Go for the Eyes","Rip and Tear"],"picked":"BootSequence","floor":3.0},{"not_picked":["Turbo","Beam Cell"],"picked":"Glacier","floor":4.0},{"not_picked":["Go for the Eyes","Static Discharge"],"picked":"ReplayTheSpireMod:Calculation Training","floor":6.0},{"not_picked":["Turbo","Time Bomb"],"picked":"Defragment","floor":8.0},{"not_picked":["Stack","Leap","Rebound"],"picked":"Singing Bowl","floor":10.0},{"not_picked":["Cold Snap","Stack"],"picked":"BootSequence","floor":11.0},{"not_picked":["Reinforced Body","Darkness"],"picked":"Compile Driver","floor":13.0},{"not_picked":["Machine Learning","Seek"],"picked":"Creative AI","floor":16.0},{"not_picked":["Rebound","Leap","hubris:PowerSurge"],"picked":"Singing Bowl","floor":18.0},{"not_picked":["Coolheaded+1","Ball Lightning+1","Melter+1"],"picked":"Singing Bowl","floor":20.0},{"not_picked":["Conserve Battery","Skim"],"picked":"Panic Button","floor":22.0},{"not_picked":["Scrape","Sweeping Beam+1","Cold Snap"],"picked":"Singing Bowl","floor":27.0},{"not_picked":["Steam Power+1","Coolheaded+1","FTL"],"picked":"Singing Bowl","floor":28.0},{"not_picked":["Streamline","Panic Button"],"picked":"Redo","floor":29}],"player_experience":190384,"relics_obtained":[{"floor":3.0,"key":"hubris:CrystalStatue"},{"floor":6.0,"key":"Singing Bowl"},{"floor":9.0,"key":"Lantern"},{"floor":10.0,"key":"ReplayTheSpireMod:Ninjato"},{"floor":25.0,"key":"Bottled Lightning"},{"floor":26.0,"key":"Pantograph"},{"floor":29,"key":"War Paint"}],"event_choices":[{"damage_healed":0.0,"max_hp_gain":0.0,"max_hp_loss":0.0,"gold_gain":0.0,"event_name":"Living Wall","player_choice":"Grow","floor":2.0,"gold_loss":0.0,"damage_taken":0.0,"cards_upgraded":["Zap"]},{"damage_healed":0.0,"max_hp_gain":0.0,"max_hp_loss":0.0,"gold_gain":0.0,"event_name":"Accursed Blacksmith","player_choice":"Forge","floor":21.0,"gold_loss":0.0,"damage_taken":0.0,"cards_upgraded":["Creative AI"]}],"is_beta":false,"boss_relics":[{"not_picked":["Sozu","Replay:Wanted Poster"],"picked":"Astrolabe"}],"items_purged_floors":[19],"is_endless":false,"potions_floor_spawned":[4,13,16,20,22,29],"killed_by":"Gremlin Leader","ascension_level":2}}