{"host":"dftyqn972q7tuon4","time":1608755926,"event":{"mods":["AchievementEnabler","BaseMod","Better Altar","Better Match","Better Note","Better Sensory Stone","Better Skull","Better Third Choice","Colored Powertips","Highlight Path","Minty Spire (QoL Compilation)","Permanent Neow","Quick Restart","StSLib"],"gold_per_floor":[113,113,113,123,143,171,171,206,241,253,284,308,320,346,358,370,370],"floor_reached":16,"playtime":1267,"items_purged":[],"score":146,"play_id":"3d6357a3-5406-4da3-a9d5-d1ebc4df70c6","local_time":"20201223213846","is_ascension_mode":true,"campfire_choices":[{"data":"Coolheaded","floor":7,"key":"SMITH"},{"data":"Zap","floor":10,"key":"SMITH"},{"floor":15,"key":"REST"}],"circlet_count":0,"master_deck":["Strike_B","Strike_B","Strike_B","Strike_B","Defend_B","Defend_B+1","Defend_B","Defend_B","Zap+1","Dualcast","Aggregate+1","Trip","Leap","Coolheaded+1","Undo","Double Energy","Compile Driver"],"relics":["Cracked Core","NeowsBlessing","Blood Vial","Art of War","MawBank","War Paint"],"acts_visited":["Exordium"],"potions_floor_usage":[6,8,16],"damage_taken":[{"damage":0,"enemies":"2 Louse","floor":1,"turns":1},{"damage":0,"enemies":"Small Slimes","floor":4,"turns":1},{"damage":0,"enemies":"Cultist","floor":5,"turns":1},{"damage":26,"enemies":"3 Sentries","floor":6,"turns":10},{"damage":18,"enemies":"Lagavulin","floor":8,"turns":9},{"damage":11,"enemies":"2 Fungi Beasts","floor":11,"turns":4},{"damage":0,"enemies":"Looter","floor":12,"turns":3},{"damage":9,"enemies":"Red Slaver","floor":14,"turns":3},{"damage":29,"enemies":"Hexaghost","floor":16,"turns":16}],"seed_played":"1597712591597051627","potions_obtained":[{"floor":1,"key":"AttackPotion"},{"floor":6,"key":"SkillPotion"},{"floor":8,"key":"SpeedPotion"}],"is_trial":false,"path_per_floor":["M","?","?","M","M","E","R","E","T","R","M","M","?","M","R","B"],"character_chosen":"DEFECT","items_purchased":[],"campfire_rested":1,"item_purchase_floors":[],"current_hp_per_floor":[68,68,68,70,72,48,48,32,32,32,23,25,25,18,40,13,13],"gold":370,"neow_bonus":"THREE_ENEMY_KILL","is_daily":false,"chose_seed":false,"campfire_upgraded":2,"win_rate":0.0,"timestamp":1608755926,"path_taken":["M","?","?","M","?","E","R","E","T","R","M","M","?","M","R","BOSS"],"items_purchased_type":[],"build_version":"2020-12-22","purchased_purges":0,"victory":false,"max_hp_per_floor":[75,75,75,75,75,75,75,75,75,75,75,75,75,75,75,75,75],"card_choices":[{"not_picked":["Go for the Eyes","Barrage"],"picked":"Aggregate","floor":1},{"not_picked":["PanicButton","Discovery"],"picked":"Trip","floor":3},{"not_picked":["Aggregate","Stack"],"picked":"Leap","floor":4},{"not_picked":["Glacier","Beam Cell"],"picked":"Coolheaded","floor":5},{"not_picked":["Rebound","Sweeping Beam"],"picked":"Undo","floor":6},{"not_picked":["Scrape","Doom and Gloom","Compile Driver"],"picked":"SKIP","floor":8},{"not_picked":["Lockon","Ball Lightning"],"picked":"Double Energy","floor":11},{"not_picked":["Beam Cell","Turbo"],"picked":"Compile Driver","floor":12},{"not_picked":["Redo","Leap","Double Energy"],"picked":"SKIP","floor":14}],"player_experience":518360,"relics_obtained":[{"floor":6,"key":"Art of War"},{"floor":8,"key":"MawBank"},{"floor":9,"key":"War Paint"}],"event_choices":[{"damage_healed":0,"gold_gain":0,"player_choice":"Box","damage_taken":0,"relics_obtained":["Blood Vial"],"max_hp_gain":0,"max_hp_loss":0,"event_name":"Big Fish","floor":2,"gold_loss":0,"cards_obtained":["Regret"]},{"damage_healed":0,"gold_gain":1,"player_choice":"1","damage_taken":0,"max_hp_gain":0,"max_hp_loss":0,"event_name":"betterStone:BetterStone","floor":3,"gold_loss":0},{"cards_removed":["Regret"],"damage_healed":0,"gold_gain":0,"player_choice":"Forget","damage_taken":0,"max_hp_gain":0,"max_hp_loss":0,"event_name":"Living Wall","floor":13,"gold_loss":0}],"is_beta":false,"boss_relics":[],"items_purged_floors":[],"is_endless":false,"potions_floor_spawned":[1,6,8],"killed_by":"Hexaghost","ascension_level":6}}