{"host":"weghyrtrhzwgovqi","time":1608713660,"event":{"mods":["Act Like it!","BaseMod","Defuse TimeMaze Blight","Dota2Spire","Gensokyo","Lobotomy","LobotomyExtend","Minty Spire (QoL Compilation)","RumiaBox-Â¶Ã×æ«µÄÉñÃØºÐ×Ó","StSLib","Thieving Mod","Uncapped","UnlockEverythingMod","Youmu£¨»êÆÇÑýÃÎ£©","[IsaacMod]ÒÔÈö¼âËþ","noobMod"],"gold_per_floor":[137,155,167,182,197,226,251,280,303,319,336,336,411,431,431,453,80,80,80,100,119,141,160,171,171,272,272,314,325,343,105,34,72,72,93,170,189,213,233,257,288,288,385,403,403,100,100,111,140,171,182,182,208,208,208,271,271],"floor_reached":46,"playtime":1756,"items_purged":["DeadlyForm","Doubt"],"score":1253,"play_id":"ad2df366-8ba8-489b-99ca-d39a4e7daa60","local_time":"20201223165420","daily_mods":["Shiny","Vintage","Diverse","Heirloom","Time Dilation","Flight","Lethality"],"is_ascension_mode":false,"campfire_choices":[{"data":"Seek","floor":15,"key":"SMITH"}],"circlet_count":0,"master_deck":["CENSORED","WhiteNight","LongBird","Funeral","BodiesMountain","Woodsman","TheSmile","Justitia","GoldRush","CENSORED_ego","Pinks","DaCapo","Twilight","ParadiseLost","Adoration","SoundOfStar+1","Mimicry","FastingOfTheYoungPreta","MatsuyoiReflectingSatelliteSlash","GreatEnlightenmentAppearingAndDisappearing","IrresoluteSoul","ReincarnationSword+1","SlashOfTheEternalFuture+1","WickedSoul+1","HellRealmSword+1","AsuraSword","CelestialStarSword+1","Dazed","SuddenDivineSeveringOfKarmicWind","CherryBlossomSword","HeavenSword+1","VoidnessSword","SlashOfSaigyouSpringWind+1","HereticApostle","Brilliance","Devotion","LessonLearned","Vault","Alpha+1","Establishment","DeusExMachina","Judgement","ConjureBlade","MasterReality","Blasphemy","Ragnarok","Scrawl","Wish","Omniscience+1","SpiritShield","DevaForm","Hyperbeam+1","Machine Learning","Buffer","Seek+1","Echo Form","All For One","Reboot","Fission+1","Core Surge","Multi-Cast+1","Dazed","Biased Cognition","ElectricPowerLearning","Electrodynamics","Rainbow","Meteor Strike","Amplify+1","Creative AI","Corpse Explosion","Die Die Die+1","Adrenaline","Envenom","Doppelganger+1","Burst","Wraith Form v2","Tools of the Trade","After Image","A Thousand Cuts","Venomology","Malaise","Phantasmal Killer","Night Terror","Unload+1","Bullet Time","Storm of Steel+1","Glass Knife+1","Grand Finale+1","Double Tap","Demon Form","Fiend Fire+1","Berserk","Impervious","Juggernaut","Dazed","Exhume","Offering","Bludgeon","Feed","Limit Break","Corruption+1","Barricade","Reaper","Immolate","DisciplinaryCode","SecurityCode","InformationCode","Coolheaded","FieryBird","PunishingBird","Gensokyo:GreaterSplit","Quick Slash+1","Gensokyo:CustomPotion","Static Discharge+1","Freischutz","RecordCode","Deep Breath","Parasite","Parasite","Parasite","Parasite","Parasite","Parasite","Parasite"],"relics":["CogitoBucket","ice","HushsDoor","BookofShadows","Gambling Chip","Nunchaku","Dota2Spire:MantaStyle","Dota2Spire:PowerTreads","Akabeko","Logging_r","TheBible","Dota2Spire:Desolator","Dota2Spire:EchoSabre","GuppysHead","Vajra","SkinProphecy","CeramicFish","ice","DeathBook","Centennial Puzzle","LetterFromLob","PokeGo","Ccalipers","HandDrill","HonorFeather","Sundial","Dota2Spire:AghanimScepter","BackwardClock","Dota2Spire:ShadowBlade","TheSmile_r","Dota2Spire:PhaseBoots","SolemnVow_r","Dota2Spire:BlackKingBar","Bottled Lightning","MagicMushroom","SatanicBible","GuppysPaw","TreeSap","AtMidnight","SecretRecord","Strawberry","Orrery","Dota2Spire:Dagon","Dota2Spire:Butterfly","MagicDraw4","Ornamental Fan","Justitia_r","Bottled Flame","Potion Belt","Dota2Spire:DivineRapier","Whetstone","Letter Opener","Calling Bell","Regal Pillow","Singing Bowl","Dota2Spire:Satanic","ice","DeathAngel","Chemical X","Dota2Spire:ArcaneBoots","Art of War","Ancient Tea Set","CENSORED_r","Juzu Bracelet","Dota2Spire:MaskOfMadness","ShedSkin_r","ShedSkin_r"],"acts_visited":["Exordium","Exordium","Exordium"],"potions_floor_usage":[],"damage_taken":[{"damage":16.0,"enemies":"Gensokyo:Python","floor":1.0,"turns":3.0},{"damage":0.0,"enemies":"Gensokyo:2_Kodama","floor":2.0,"turns":1.0},{"damage":0.0,"enemies":"Gensokyo:Gryphon","floor":3.0,"turns":1.0},{"damage":0.0,"enemies":"Gensokyo:VengefulSpirit","floor":4.0,"turns":1.0},{"damage":25.0,"enemies":"Gensokyo:Kitsune","floor":5.0,"turns":2.0},{"damage":0,"enemies":"Gensokyo:Mamizou","floor":6,"turns":4},{"damage":34,"enemies":"Gensokyo:Cirno","floor":7,"turns":6},{"damage":0,"enemies":"Gensokyo:Aya","floor":8,"turns":1},{"damage":28,"enemies":"Gensokyo:5_Fairies","floor":10,"turns":2},{"damage":0,"enemies":"2 Louse","floor":1,"turns":1},{"damage":0,"enemies":"Small Slimes","floor":4,"turns":1},{"damage":0,"enemies":"Jaw Worm","floor":6,"turns":1},{"damage":0,"enemies":"Gremlin Nob","floor":8,"turns":1},{"damage":0,"enemies":"3 Louse","floor":10,"turns":1},{"damage":42,"enemies":"Red Slaver","floor":11,"turns":1},{"damage":0,"enemies":"Exordium Thugs","floor":12,"turns":1},{"damage":0,"enemies":"Blue Slaver","floor":13,"turns":1},{"damage":0,"enemies":"Exordium Wildlife","floor":14,"turns":1},{"damage":0,"enemies":"Hexaghost","floor":16,"turns":1},{"damage":0,"enemies":"Gensokyo:AncientGuardian","floor":18,"turns":1},{"damage":0,"enemies":"Gensokyo:3_Boulders","floor":19,"turns":2},{"damage":1,"enemies":"Gensokyo:Kasen","floor":23,"turns":2},{"damage":0,"enemies":"Gensokyo:Sharpion","floor":25,"turns":1},{"damage":0,"enemies":"Gensokyo:AtlasGolem","floor":27,"turns":1},{"damage":0,"enemies":"Gensokyo:Dusk_and_Dawn","floor":28,"turns":1},{"damage":0,"enemies":"Gensokyo:Rafflesia","floor":29,"turns":1},{"damage":0,"enemies":"Gensokyo:AtlasGolem","floor":30,"turns":1},{"damage":0,"enemies":"Gensokyo:Marisa","floor":31,"turns":1},{"damage":0,"enemies":"Gensokyo:Yuyuko","floor":33,"turns":1},{"damage":0,"enemies":"Small Slimes","floor":35,"turns":1},{"damage":0,"enemies":"Small Slimes","floor":38,"turns":1},{"damage":0,"enemies":"2 Louse","floor":39,"turns":1},{"damage":0,"enemies":"Lagavulin","floor":40,"turns":1},{"damage":0,"enemies":"Cultist","floor":41,"turns":3}],"seed_played":"-6834373239746224167","potions_obtained":[{"floor":16,"key":"PowerPotion"},{"floor":33,"key":"LiquidMemories"}],"is_trial":true,"path_per_floor":["M","M","M","M","M","E","E","E","T","M","M","M","?","?","M","?","M","$","E","T","M","M","M","M","M","R","B",null,"M","M","?","$","?","E","?","M","T","M","M","M","M","E","R","B",null,"M","$","?","M","M","E","M","?","T","R","R","?"],"character_chosen":"Angela","items_purchased":["Ccalipers","HandDrill","SatanicBible","GuppysPaw","Orrery","Deep Breath","Chemical X","Dota2Spire:ArcaneBoots"],"campfire_rested":0,"item_purchase_floors":[7,7,17,17,21,34,36,36],"current_hp_per_floor":[62,70,70,70,53,67,41,59,59,57,76,61,48,76,61,84,84,36,36,88,96,102,104,106,106,108,95,99,108,108,108,108,110,66,116,116,122,124,126,132,134,134,136,134,138,138,138,139,140,145,155,155,155,155,155,0,0],"gold":271,"neow_bonus":"","is_daily":false,"chose_seed":false,"campfire_upgraded":1,"win_rate":0.0,"timestamp":1608713660,"path_taken":["M","M","M","M","M","E","E","E","T","M","M","M","?","?","M","?","?","?","E","T","M","M","M","M","M","R","BOSS","M","?","?","?","?","E","?","?","T","M","M","?","?","E","R","BOSS","M","$","?","M","M","E","M","?","T","R","R","?"],"items_purchased_type":["Relic","Relic","Relic","Relic","Relic","Card","Relic","Relic"],"build_version":"2020-12-22","purchased_purges":2,"victory":false,"max_hp_per_floor":[70,70,70,70,70,70,70,74,74,74,76,76,76,78,78,84,84,86,86,88,96,102,104,106,106,108,95,99,108,108,108,108,110,110,116,116,122,124,126,132,134,134,136,134,140,140,140,142,148,152,155,155,155,155,155,155,155],"card_choices":[{"not_picked":["ShyLook","OSAHOGD"],"picked":"Woodsman","floor":4.0},{"not_picked":["BowlingBash","RapturousDream"],"picked":"SKIP","floor":6},{"not_picked":["Havoc"],"picked":"Coolheaded","floor":7},{"not_picked":["CrumblingArmor","OldLady"],"picked":"FieryBird","floor":8},{"not_picked":["SwordOfBindingDesires","Deadly Poison"],"picked":"SKIP","floor":8},{"not_picked":["HeroicMonk","CherryBlossoms"],"picked":"PunishingBird","floor":6},{"not_picked":["QueenBee","LittleHelper"],"picked":"BodiesMountain","floor":11},{"not_picked":["QueenBee","FairyFestival"],"picked":"Funeral","floor":12},{"not_picked":["ThreeKonsSevenHakus+1"],"picked":"Quick Slash+1","floor":21},{"not_picked":["InTheNameOfLoveAndHate"],"picked":"Static Discharge+1","floor":23},{"not_picked":["LaLuna","Laetitia"],"picked":"LongBird","floor":25},{"not_picked":["MHz","Rudolta"],"picked":"Freischutz","floor":27},{"not_picked":["GreedKing","HeroicMonk"],"picked":"WhiteNight","floor":30},{"not_picked":["Streamline","Wingbeat"],"picked":"SKIP","floor":31},{"not_picked":["Anger","GrinderMk4"],"picked":"Singing Bowl","floor":35},{"not_picked":["NothingThere","CherryBlossoms"],"picked":"CENSORED","floor":39},{"not_picked":["HesitationCuttingSword","HeavenlyHaloSlash"],"picked":"Singing Bowl","floor":40}],"player_experience":242867,"relics_obtained":[{"floor":1.0,"key":"LetterFromLob"},{"floor":1.0,"key":"Nunchaku"},{"floor":2.0,"key":"Dota2Spire:MantaStyle"},{"floor":3.0,"key":"Dota2Spire:PowerTreads"},{"floor":4.0,"key":"Akabeko"},{"floor":5.0,"key":"TheBible"},{"floor":6,"key":"Dota2Spire:Desolator"},{"floor":7,"key":"Dota2Spire:EchoSabre"},{"floor":8,"key":"GuppysHead"},{"floor":9,"key":"Vajra"},{"floor":10,"key":"CeramicFish"},{"floor":1,"key":"DeathBook"},{"floor":4,"key":"Centennial Puzzle"},{"floor":4,"key":"LetterFromLob"},{"floor":6,"key":"PokeGo"},{"floor":9,"key":"Sundial"},{"floor":10,"key":"Dota2Spire:AghanimScepter"},{"floor":11,"key":"Dota2Spire:ShadowBlade"},{"floor":12,"key":"Dota2Spire:PhaseBoots"},{"floor":13,"key":"Dota2Spire:BlackKingBar"},{"floor":14,"key":"Bottled Lightning"},{"floor":18,"key":"AtMidnight"},{"floor":18,"key":"SecretRecord"},{"floor":19,"key":"Strawberry"},{"floor":23,"key":"Dota2Spire:Dagon"},{"floor":25,"key":"MagicDraw4"},{"floor":26,"key":"Ornamental Fan"},{"floor":27,"key":"Bottled Flame"},{"floor":28,"key":"Potion Belt"},{"floor":29,"key":"Dota2Spire:DivineRapier"},{"floor":30,"key":"Whetstone"},{"floor":31,"key":"Letter Opener"},{"floor":34,"key":"Regal Pillow"},{"floor":34,"key":"Singing Bowl"},{"floor":34,"key":"Dota2Spire:Satanic"},{"floor":35,"key":"DeathAngel"},{"floor":38,"key":"Art of War"},{"floor":39,"key":"Ancient Tea Set"},{"floor":41,"key":"Juzu Bracelet"},{"floor":43,"key":"Dota2Spire:MaskOfMadness"}],"event_choices":[{"damage_healed":0,"gold_gain":75,"player_choice":"Gather Gold","damage_taken":11,"max_hp_gain":0,"max_hp_loss":0,"event_name":"World of Goop","floor":3,"gold_loss":0},{"damage_healed":0,"gold_gain":0,"player_choice":"Entered Light","damage_taken":16,"max_hp_gain":0,"max_hp_loss":0,"event_name":"Shining Light","floor":5,"gold_loss":0,"cards_upgraded":["Corruption","Fission"]},{"damage_healed":0,"gold_gain":0,"player_choice":"Ignored","damage_taken":0,"max_hp_gain":0,"max_hp_loss":0,"event_name":"Transmorgrifier","floor":42,"gold_loss":0}],"is_beta":false,"boss_relics":[{"not_picked":["Runic Dome","Snecko Eye"],"picked":"MagicMushroom"},{"not_picked":[]},{"not_picked":["ChampionBelt","Runic Pyramid"],"picked":"Calling Bell"},{"not_picked":[]}],"items_purged_floors":[7,21],"is_endless":true,"potions_floor_spawned":[8,16,33],"ascension_level":0}}