{"host":"9i65z0zqo49crzwy","time":1608691749,"event":{"mods":["AchievementEnabler","Aspiration","Bard","BaseMod","Beaked The Cultist","Bestiary","Better Altar","Better Match","Better Note","Better Sensory Stone","Better Skull","Better Third Choice","BetterRewards","CCEM","Clawfect","Colored Map","Conspire","Downfall","GifTheSpireLib","Halation","Hermit","Highlight Path","Hubris","Hunter ??","Infinite Spire","Jedi Mod","Jorbs\u0027s Wanderer Trilogy","Mad Scientist","Marisa????????","Mimic Mod","Minty Spire (QoL Compilation)","Permanent Neow","Replay The Spire","Shade Mod","Shop Mod","Spicy Shops","StSLib","Stuff the Spire","The Administrix","The Blackbeard","The Bug Knight","The Construct","The Cursed","The Disciple","The Gatherer","The Hierophant","The IronCluck","The Jungle","The Mystic","The Necromancer","The Problem Sleuth","The Runesmith","The Servant 0.9.4","The Spell Scribe","The Witch","TheHero","Unceasing Turn Reminder"],"gold_per_floor":[99,119,132,152,152,152,176,176,189,189,208,226,246,279,293,390,390,240,240,267,286,305,317,385,385,405,415,340,354,20,37,54,54,54],"floor_reached":33,"playtime":4383,"items_purged":[],"score":257,"play_id":"a711e2f2-1420-4c68-a98a-03405185a425","local_time":"20201222184909","is_ascension_mode":false,"campfire_choices":[{"data":"animeID:TodorokiShoto","floor":8,"key":"SMITH"},{"data":"animeID:Hatsume","floor":10,"key":"SMITH"},{"data":"animeID:PlusUltra","floor":18,"key":"SMITH"},{"floor":25,"key":"RECALL"},{"data":"animeID:Rei","floor":28,"key":"SMITH"}],"circlet_count":0,"master_deck":["animeID:Deku+1","animeID:Bakugo","animeID:Smash","animeID:Smash","animeID:Smash","animeID:DefendMH","animeID:DefendMH","animeID:DefendMH","animeID:DefendMH","animeID:Mina","animeID:TodorokiShoto+1","animeID:Tomura","animeID:Iida","Sickly","animeID:Hatsume+1","animeID:Crystallize","animeID:Nomu","animeID:Rei+1","animeID:Kirishima","animeID:PlusUltra+1","animeID:Endeavor","hubris:Wrath","animeID:Mineta","animeID:FullCowl","animeID:Dabi","CommonCold","animeID:GranTorino+1","animeID:Momo","animeID:Iida","animeID:Momo+1"],"relics":["animeID:HeroCostume","Ring of Hypnosis","ReplayTheSpireMod:Ring of Addiction","Potion Belt","Toy Ornithopter","Cursed Key","downfall:HeartBlessingGreen","downfall:HeartBlessingBlue","aspiration:EmptySkull","Replay:Ringing Soul","downfall:HeartBlessingRed","aspiration:SeaSaltIceCream","aspiration:Nostalgia","m_SlimeRing"],"acts_visited":["Exordium","TheCity"],"potions_floor_usage":[9,13,14,16,21,22,26,29,31,32,33],"damage_taken":[{"damage":0,"enemies":"Cultist","floor":2,"turns":4},{"damage":0,"enemies":"Small Slimes","floor":3,"turns":1},{"damage":0,"enemies":"conspire:RoseBush","floor":4,"turns":5},{"damage":13,"enemies":"Large Slime","floor":9,"turns":6},{"damage":0,"enemies":"2 Fungi Beasts","floor":11,"turns":2},{"damage":3,"enemies":"Exordium Wildlife","floor":12,"turns":3},{"damage":14,"enemies":"Gremlin Gang","floor":13,"turns":4},{"damage":21,"enemies":"Lagavulin","floor":14,"turns":7},{"damage":14,"enemies":"Exordium Thugs","floor":15,"turns":4},{"damage":30,"enemies":"downfall:Watcher","floor":16,"turns":8},{"damage":23,"enemies":"Spheric Guardian","floor":21,"turns":6},{"damage":17,"enemies":"conspire:FuzzyDice","floor":22,"turns":5},{"damage":22,"enemies":"Chosen and Byrds","floor":23,"turns":10},{"damage":22,"enemies":"Snake Plant","floor":26,"turns":6},{"damage":10,"enemies":"Shelled Parasite and Fungi","floor":27,"turns":7},{"damage":0,"enemies":"3 Cultists","floor":29,"turns":5},{"damage":0,"enemies":"downfall:FleeingMerchant","floor":30,"turns":4},{"damage":16,"enemies":"Snecko","floor":31,"turns":6},{"damage":9,"enemies":"Centurion and Healer","floor":32,"turns":7},{"damage":48,"enemies":"downfall:Silent","floor":33,"turns":7}],"seed_played":"3486447561474568682","potions_obtained":[{"floor":3,"key":"Doom Potion"},{"floor":4,"key":"sneckomod:MuddlingPotion"},{"floor":5,"key":"Weak Potion"},{"floor":5,"key":"SkillPotion"},{"floor":5,"key":"FearPotion"},{"floor":12,"key":"DuplicationPotion"},{"floor":14,"key":"LiquidBronze"},{"floor":21,"key":"Ancient Potion"},{"floor":22,"key":"Elixir"},{"floor":27,"key":"champ:CounterPotion"},{"floor":31,"key":"DistilledChaos"},{"floor":32,"key":"DistilledChaos"}],"is_trial":false,"path_per_floor":["R_BF","M","M","M","?","?","T","R","M","R","M","M","M","E","M","B",null,"R","?","T","M","M","M","T","R","M","M","R","M","$","M","M","B"],"character_chosen":"THE_HERO","items_purchased":["aspiration:SeaSaltIceCream","animeID:Iida"],"campfire_rested":0,"item_purchase_floors":[30,30],"current_hp_per_floor":[75,75,75,75,75,75,75,75,67,67,67,66,59,49,37,18,71,81,81,79,59,51,35,35,35,22,18,18,30,37,30,37,0,0],"gold":54,"neow_bonus":"UPGRADE_CARD","is_daily":false,"chose_seed":false,"campfire_upgraded":4,"win_rate":0.0,"timestamp":1608691749,"path_taken":["R_BF","M","M","?","?","?","T","R","M","R","M","M","M","E","M","BOSS","R","?","?","M","M","M","T","R","M","?","R","M","$","M","M","BOSS"],"items_purchased_type":["Relic","Card"],"build_version":"2020-12-13","purchased_purges":0,"victory":false,"max_hp_per_floor":[75,75,75,75,75,75,75,75,73,73,73,73,71,71,71,71,71,81,81,79,79,79,79,79,79,77,77,77,80,83,83,86,86,86],"card_choices":[{"not_picked":["animeID:Kaminari","animeID:Muscular"],"picked":"animeID:TodorokiShoto","floor":2},{"not_picked":["animeID:Ojiro","animeID:Bakugo"],"picked":"animeID:Tomura","floor":3},{"not_picked":["animeID:Kurono","animeID:Thirteen"],"picked":"animeID:Iida","floor":4},{"not_picked":["animeID:Deku","animeID:SkinnyGum"],"picked":"animeID:Hatsume","floor":9},{"not_picked":["animeID:MtLady","animeID:EraserHead"],"picked":"animeID:Crystallize","floor":11},{"not_picked":["animeID:Aoyama","animeID:Endeavor","animeID:Iida"],"picked":"SKIP","floor":12},{"not_picked":["animeID:Mezo","animeID:Ojiro"],"picked":"animeID:Nomu","floor":13},{"not_picked":["animeID:Momo","animeID:HighFive"],"picked":"animeID:Rei","floor":14},{"not_picked":["animeID:Bakugo","animeID:Aoyama"],"picked":"animeID:Kirishima","floor":15},{"not_picked":["animeID:PresentMic","animeID:RedRiot"],"picked":"animeID:PlusUltra","floor":16},{"not_picked":["animeID:Rappa","animeID:Tsuyu"],"picked":"animeID:Mineta","floor":21},{"not_picked":["animeID:Aoyama+1","animeID:Hatsume"],"picked":"animeID:FullCowl","floor":22},{"not_picked":["animeID:Mezo+1","animeID:FullCowl"],"picked":"animeID:Dabi","floor":23},{"not_picked":["animeID:DelawareSmash","animeID:Aoyama+1","animeID:Mineta"],"picked":"SKIP","floor":26},{"not_picked":["animeID:Muscular","animeID:Kirishima","animeID:Mineta"],"picked":"SKIP","floor":27},{"not_picked":["animeID:Twice","animeID:Crystallize"],"picked":"animeID:GranTorino+1","floor":29},{"not_picked":["animeID:Bakugo+1","animeID:Iida"],"picked":"animeID:Momo","floor":30},{"not_picked":["animeID:Himiko","animeID:Kirishima","animeID:Mineta"],"picked":"SKIP","floor":31},{"not_picked":["animeID:ToruHagakure","Deadly Poison"],"picked":"animeID:Momo+1","floor":32}],"player_experience":117262,"relics_obtained":[{"floor":5,"key":"Ring of Hypnosis"},{"floor":5,"key":"ReplayTheSpireMod:Ring of Addiction"},{"floor":5,"key":"Potion Belt"},{"floor":5,"key":"Toy Ornithopter"},{"floor":14,"key":"Replay:Rubber Ducky"},{"floor":20,"key":"aspiration:EmptySkull"},{"floor":24,"key":"Replay:Ringing Soul"}],"event_choices":[],"is_beta":false,"boss_relics":[{"not_picked":["aspiration:RunicSpoon","halation:HeavySnake"],"picked":"Cursed Key"}],"items_purged_floors":[],"is_endless":false,"potions_floor_spawned":[3,4,12,14,21,22,27,31,32],"killed_by":"downfall:Silent","ascension_level":0}}