{"host":"hz7oro4zaett5eh9","time":1608763099,"event":{"mods":["BaseMod","BetterRewards","Infinite Spire","Minty Spire (QoL Compilation)","Replay The Spire","StSLib","The Jungle"],"gold_per_floor":[118,118,118,134,154,154,183,183,183,214,225,259,259,272,272,368,368,383,400,400,415,427,458,458,458,508,522,535,563,563,592,592,592,592],"floor_reached":33,"playtime":2990,"items_purged":[],"score":637,"play_id":"63b830a2-8e81-4a39-af07-2a716e28d254","local_time":"20201223223819","is_ascension_mode":true,"campfire_choices":[{"data":"ReplayTheSpireMod:Muscle Training","floor":6,"key":"SMITH"},{"floor":8,"key":"RECALL"},{"data":"Bash","floor":15,"key":"SMITH"},{"data":"Body Slam","floor":24,"key":"SMITH"},{"data":"infinitespire:NeuralNetwork","floor":30,"key":"SMITH"},{"floor":32,"key":"REST"}],"circlet_count":0,"master_deck":["Strike_R","Strike_R","Strike_R","Strike_R","Strike_R","Defend_R","Defend_R","Defend_R","Bash+1","Metallicize","Clothesline","Shrug It Off","Anger","Headbutt","Whirlwind","Regret","ReplayTheSpireMod:Muscle Training+1","Headbutt","Intimidate","Pot Of Greed","Pot Of Greed","Feed","Headbutt","Shrug It Off+1","Replay:Many Hands+1","Pot Of Greed+1","Pommel Strike","Shrug It Off+1","infinitespire:NeuralNetwork+1","Thunderclap","Body Slam+1","Run Through+1","Flex+1","Battle Trance+1","ReplayTheSpireMod:Muscle Training+1"],"relics":["Black Blood","Blood Vial","Ooze Armor","StoneCalendar","Divine Protection","Grinning Jar","Thread and Needle","HornCleat","Toxic Egg 2","Self Forming Clay","Red Mask","Replay:Accelerometer"],"acts_visited":["Exordium","TheCity"],"potions_floor_usage":[31,33,33],"damage_taken":[{"damage":4,"enemies":"Jaw Worm","floor":1,"turns":2},{"damage":0,"enemies":"Small Slimes","floor":4,"turns":2},{"damage":0,"enemies":"2 Louse","floor":5,"turns":1},{"damage":9,"enemies":"Lagavulin","floor":7,"turns":5},{"damage":0,"enemies":"Gremlin Nob","floor":10,"turns":3},{"damage":0,"enemies":"2 Fungi Beasts","floor":11,"turns":2},{"damage":0,"enemies":"3 Sentries","floor":12,"turns":3},{"damage":0,"enemies":"Lots of Slimes","floor":14,"turns":1},{"damage":0,"enemies":"Slime Boss","floor":16,"turns":7},{"damage":3,"enemies":"Spheric Guardian","floor":18,"turns":4},{"damage":0,"enemies":"Chosen","floor":19,"turns":4},{"damage":8,"enemies":"3 Cultists","floor":21,"turns":4},{"damage":0,"enemies":"Chosen and Byrds","floor":22,"turns":6},{"damage":32,"enemies":"Slavers","floor":23,"turns":5},{"damage":0,"enemies":"Snecko","floor":27,"turns":5},{"damage":4,"enemies":"Centurion and Healer","floor":28,"turns":6},{"damage":0,"enemies":"Masked Bandits","floor":29,"turns":3},{"damage":77,"enemies":"Nightmare","floor":31,"turns":11},{"damage":59,"enemies":"Automaton","floor":33,"turns":10}],"seed_played":"5927177447041951980","potions_obtained":[{"floor":1,"key":"SteroidPotion"},{"floor":5,"key":"FearPotion"},{"floor":7,"key":"Dexterity Potion"},{"floor":10,"key":"Swift Potion"},{"floor":18,"key":"Doom Potion"}],"is_trial":false,"path_per_floor":["M","?","?","M","M","R","E","R","T","E","M","E","?","M","R","B",null,"M","M","AVR","M","M","E","R","?","T","M","M","?","R","NM","R","B"],"character_chosen":"IRONCLAD","items_purchased":["Blood Vial","Metallicize","Clothesline","Shrug It Off","Headbutt"],"campfire_rested":1,"item_purchase_floors":[0,0,0,0,0],"current_hp_per_floor":[68,61,61,69,77,77,76,76,76,80,80,80,80,80,80,80,80,80,80,80,80,83,66,66,66,66,80,86,86,86,21,46,0,0],"gold":592,"neow_bonus":"","is_daily":false,"chose_seed":false,"campfire_upgraded":4,"win_rate":0.0,"timestamp":1608763099,"path_taken":["M","?","?","M","M","R","E","R","T","E","M","E","?","M","R","BOSS","M","M","AVR","M","M","E","R","?","T","M","M","?","R","NM","R","BOSS"],"items_purchased_type":["Relic","Card","Card","Card","Card"],"build_version":"2020-12-22","purchased_purges":0,"victory":false,"max_hp_per_floor":[80,80,80,80,80,80,80,80,80,80,80,80,80,80,80,80,80,80,80,80,80,83,86,86,86,86,86,86,86,86,86,86,86,86],"card_choices":[{"not_picked":["Replay:Undeath\u0027s Touch","Power Through"],"picked":"Whirlwind","floor":1},{"not_picked":["Headbutt","Carnage"],"picked":"ReplayTheSpireMod:Muscle Training","floor":4},{"not_picked":["Dark Embrace","True Grit"],"picked":"Headbutt","floor":5},{"not_picked":["Burning Pact","Wild Strike"],"picked":"Intimidate","floor":7},{"not_picked":["Perfected Strike","True Grit"],"picked":"Feed","floor":10},{"not_picked":["Clothesline","Heavy Blade"],"picked":"Headbutt","floor":11},{"not_picked":["Anger","Clothesline"],"picked":"Shrug It Off+1","floor":12},{"not_picked":["ReplayTheSpireMod:Limb From Limb","Second Wind+1","ReplayTheSpireMod:LeadingStrike"],"picked":"SKIP","floor":14},{"not_picked":["Juggernaut","Brutality"],"picked":"Replay:Many Hands+1","floor":16},{"not_picked":["Blood for Blood","Sever Soul"],"picked":"Pommel Strike","floor":18},{"not_picked":["Second Wind+1","Armaments+1"],"picked":"Shrug It Off+1","floor":19},{"not_picked":["Warcry+1","ReplayTheSpireMod:Strike From Hell"],"picked":"Thunderclap","floor":21},{"not_picked":["Twin Strike","Dropkick+1","Rupture"],"picked":"SKIP","floor":22},{"not_picked":["ReplayReversal+1","Heavy Blade"],"picked":"Body Slam","floor":23},{"not_picked":["Pommel Strike","Replay:Undeath\u0027s Touch+1"],"picked":"Run Through+1","floor":27},{"not_picked":["Iron Wave+1","Body Slam+1"],"picked":"Flex+1","floor":28},{"not_picked":["ReplayTheSpireMod:Limb From Limb+1","Heavy Blade"],"picked":"Battle Trance+1","floor":29},{"not_picked":["Dropkick","Burning Pact+1"],"picked":"ReplayTheSpireMod:Muscle Training+1","floor":31}],"player_experience":590867,"relics_obtained":[{"floor":7,"key":"Grinning Jar"},{"floor":9,"key":"Thread and Needle"},{"floor":10,"key":"HornCleat"},{"floor":12,"key":"Toxic Egg 2"},{"floor":23,"key":"Self Forming Clay"},{"floor":29,"key":"Red Mask"},{"floor":31,"key":"Replay:Accelerometer"}],"event_choices":[{"damage_healed":0,"gold_gain":0,"player_choice":"Success","damage_taken":7,"relics_obtained":["StoneCalendar"],"max_hp_gain":0,"max_hp_loss":0,"event_name":"Scrap Ooze","floor":2,"gold_loss":0},{"damage_healed":0,"gold_gain":0,"player_choice":"Box","damage_taken":0,"relics_obtained":["Divine Protection"],"max_hp_gain":0,"max_hp_loss":0,"event_name":"Big Fish","floor":3,"gold_loss":0,"cards_obtained":["Regret"]},{"damage_healed":0,"gold_gain":0,"player_choice":"Fought Bandits","damage_taken":0,"max_hp_gain":0,"max_hp_loss":0,"event_name":"Masked Bandits","floor":29,"gold_loss":0}],"is_beta":false,"boss_relics":[{"not_picked":["Painkiller Herb","Cursed Key"],"picked":"Black Blood"}],"items_purged_floors":[],"is_endless":true,"potions_floor_spawned":[1,5,7,10,18,21,22,27,28],"killed_by":"Automaton","ascension_level":3}}