{"host":"8e68pzgs4bln6t6e","time":1608688148,"event":{"mods":["AchievementEnabler","Act Like it!","BaseMod","Better Note","BetterRewards","Colored Powertips","Googly Eyes","Hallownest","Hubris","Jorbs\u0027s Wanderer Trilogy","Marisa????????","Minty Spire (QoL Compilation)","Quick Restart","Rare Cards Sparkle","Replay The Spire","Shop Mod","StSLib","The Animator","The Bug Knight","The Cursed","The Disciple","The Hierophant","The Servant 0.9.4"],"gold_per_floor":[363,638,648,168,182,207,207,217,268,268,279,308,323,336,336,336,336],"floor_reached":16,"playtime":1013,"items_purged":["Regret"],"score":114,"play_id":"fdb09ab0-8514-4dbe-bb72-d4bc4f3e1e1d","local_time":"20201223024908","is_ascension_mode":false,"campfire_choices":[{"floor":7,"key":"REST"},{"floor":15,"key":"DIG"}],"circlet_count":0,"master_deck":["Strike_G","Strike_G","Strike_G","Strike_G","Strike_G","Defend_G","Defend_G","Defend_G","Defend_G","Defend_G","Survivor","Neutralize","Apotheosis","Storm of Steel","hubris:DuctTapeCard","Outmaneuver","Flying Knee","Reaper","ReplayTheSpireMod:Necrosis","Hidden Blade","Reflex"],"relics":["Ring of the Snake","hubris:DisguiseKit","hubris:DuctTape","Dream Catcher","Mummified Hand","Vajra"],"acts_visited":["Exordium"],"potions_floor_usage":[8,16],"damage_taken":[{"damage":0,"enemies":"Small Slimes","floor":1,"turns":3},{"damage":5,"enemies":"Cultist","floor":3,"turns":4},{"damage":1,"enemies":"2 Louse","floor":5,"turns":3},{"damage":20,"enemies":"Gremlin Nob","floor":6,"turns":4},{"damage":0,"enemies":"Exordium Wildlife","floor":8,"turns":5},{"damage":12,"enemies":"Large Slime","floor":11,"turns":6},{"damage":7,"enemies":"Lagavulin","floor":12,"turns":5},{"damage":1,"enemies":"2 Fungi Beasts","floor":13,"turns":4},{"damage":4,"enemies":"Gremlin Gang","floor":14,"turns":4},{"damage":58,"enemies":"Slime Boss","floor":16,"turns":5}],"seed_played":"4881893654299655723","potions_obtained":[{"floor":1,"key":"SteroidPotion"},{"floor":5,"key":"EssenceOfSteel"},{"floor":6,"key":"Elixir"},{"floor":13,"key":"SpeedPotion"}],"is_trial":false,"path_per_floor":["M","?","M","$","M","E","R","M","T","?","M","E","M","M","R","B"],"character_chosen":"THE_SILENT","items_purchased":["Apotheosis","hubris:DisguiseKit"],"campfire_rested":1,"item_purchase_floors":[4,4],"current_hp_per_floor":[63,63,58,58,57,37,55,55,55,55,43,36,45,45,45,0,0],"gold":336,"neow_bonus":"TWO_FIFTY_GOLD","is_daily":false,"chose_seed":false,"campfire_upgraded":0,"win_rate":0.0,"timestamp":1608688148,"path_taken":["M","?","M","$","M","E","R","?","T","?","M","E","M","M","R","BOSS"],"items_purchased_type":["Card","Relic"],"build_version":"2020-12-13","purchased_purges":1,"victory":false,"max_hp_per_floor":[63,63,63,63,63,63,63,63,63,63,63,63,63,63,63,63,63],"card_choices":[{"not_picked":["All Out Attack","Dagger Spray"],"picked":"Toxin Wave","floor":1},{"not_picked":["Prepared","PiercingWail"],"picked":"Bouncing Flask","floor":3},{"not_picked":["Blade Dance","Underhanded Strike","Clash"],"picked":"Storm of Steel","floor":5},{"not_picked":["ReplayTheSpireMod:The Works","Backflip","Pommel Strike"],"picked":"Outmaneuver","floor":6},{"not_picked":["ReplayTheSpireMod:The Works","Infinite Blades","Anger"],"picked":"Flying Knee","floor":8},{"not_picked":["Dagger Throw","Underhanded Strike","Cloak And Dagger"],"picked":"Reaper","floor":11},{"not_picked":["Backflip","Storm of Steel","Armaments"],"picked":"ReplayTheSpireMod:Necrosis","floor":12},{"not_picked":["ReplayTheSpireMod:The Works","hubris:SlightOfHand","Heavy Blade"],"picked":"Hidden Blade","floor":13},{"not_picked":["Quick Slash","Dagger Spray","Massacre"],"picked":"Reflex","floor":14}],"player_experience":226860,"relics_obtained":[{"floor":6,"key":"hubris:DuctTape"},{"floor":9,"key":"Dream Catcher"},{"floor":12,"key":"Mummified Hand"},{"floor":15,"key":"Vajra"}],"event_choices":[{"damage_healed":0,"gold_gain":275,"player_choice":"Desecrate","damage_taken":0,"max_hp_gain":0,"max_hp_loss":0,"event_name":"Golden Shrine","floor":2,"gold_loss":0,"cards_obtained":["Regret"]},{"damage_healed":0,"gold_gain":0,"player_choice":"Ignored","damage_taken":0,"max_hp_gain":0,"max_hp_loss":0,"event_name":"Golden Wing","floor":10,"gold_loss":0}],"is_beta":false,"boss_relics":[],"items_purged_floors":[4],"is_endless":false,"potions_floor_spawned":[1,5,6,13,14],"killed_by":"Slime Boss","ascension_level":0}}