{"host":"pecumnp00ic55u1k","time":1608686005,"event":{"mods":["Act Like it!","BaseMod","Colored Map","Colored Powertips","Hallownest","Hermit","Hubris","Minty Spire (QoL Compilation)","Quick Restart","StSLib","The Blue Laboratory","The Bug Knight","The Cursed"],"gold_per_floor":[119,138,138,158,158,189,189,189,213,143,143,177,193,209,209,209,209],"floor_reached":16,"playtime":1427,"items_purged":[],"score":110,"play_id":"88ec81fe-1687-4146-be8a-54538acdae9e","local_time":"20201222201325","is_ascension_mode":false,"campfire_choices":[{"floor":7,"key":"REST"},{"data":"HollowMod:BaldurShell","floor":11,"key":"SMITH"},{"floor":15,"key":"REST"}],"circlet_count":0,"master_deck":["HollowMod:NailStrikeStart","HollowMod:NailStrikeStart","HollowMod:NailStrikeStart","HollowMod:NailStrikeStart","HollowMod:QuickDashStart","HollowMod:QuickDashStart","HollowMod:QuickDashStart","HollowMod:QuickDashStart","HollowMod:FocusHealStart","HollowMod:PogoStrike","HollowMod:AwokenDreamNail","HollowMod:CornifersMapStart","HollowMod:HuntersJournal","HollowMod:BaldurShell+1","HollowMod:HowlingWraiths","HollowMod:CycloneSlash"],"relics":["HollowMod:VesselMask","hubris:Towel","Lantern","Hallownest:DreamNailRelic","Orichalcum","Smiling Mask"],"acts_visited":["Hallownest:Greenpath"],"potions_floor_usage":[16,16],"damage_taken":[{"damage":13,"enemies":"Hallownest:monsterHuskGuard","floor":1,"turns":4},{"damage":2,"enemies":"Hallownest:2_MossCreeps","floor":2,"turns":5},{"damage":11,"enemies":"Hallownest:2_Tiktiks_and_1_Crawlid","floor":4,"turns":5},{"damage":32,"enemies":"Hallownest:eliteMossKnight","floor":6,"turns":14},{"damage":41,"enemies":"Hallownest:eliteCrystalGuardian","floor":12,"turns":11},{"damage":1,"enemies":"Hallownest:monsterMossCharger","floor":13,"turns":3},{"damage":1,"enemies":"Hallownest:monsterFoolEater","floor":14,"turns":4},{"damage":68,"enemies":"Hallownest:BossHornet","floor":16,"turns":18}],"seed_played":"-3937615359020193042","potions_obtained":[{"floor":4,"key":"Dexterity Potion"},{"floor":6,"key":"Fire Potion"}],"is_trial":false,"path_per_floor":["M","M","?","M","?","E","R","?","T","$","R","E","M","M","R","B"],"character_chosen":"THE_BUGKNIGHT","items_purchased":["HollowMod:BaldurShell"],"campfire_rested":2,"item_purchase_floors":[10],"current_hp_per_floor":[62,60,60,49,49,27,49,49,49,49,49,18,17,16,38,0,0],"gold":209,"neow_bonus":"ONE_RANDOM_RARE_CARD","is_daily":false,"chose_seed":false,"campfire_upgraded":1,"win_rate":0.0,"timestamp":1608686005,"path_taken":["M","M","?","M","?","E","R","?","T","$","R","E","M","M","R","BOSS"],"items_purchased_type":["Card"],"build_version":"2020-12-13","purchased_purges":0,"victory":false,"max_hp_per_floor":[75,75,75,75,75,75,75,75,75,75,75,75,75,75,75,75,75],"card_choices":[{"not_picked":["HollowMod:DoubleDash","HollowMod:SharpenedShadows"],"picked":"HollowMod:CornifersMapStart","floor":1},{"not_picked":["HollowMod:WraithStrike","HollowMod:NewLittleFool","HollowMod:InfectionAssault"],"picked":"SKIP","floor":2},{"not_picked":["HollowMod:SharpenedNail","HollowMod:CrystalDash"],"picked":"HollowMod:HuntersJournal","floor":4},{"not_picked":["HollowMod:SoulEater","HollowMod:SiblingsSouls","HollowMod:CrystalDash"],"picked":"SKIP","floor":6},{"not_picked":["HollowMod:VengefulVoid","HollowMod:ElderbugsWisdom","HollowMod:HeavyBlow"],"picked":"SKIP","floor":12},{"not_picked":["HollowMod:TaintedHusks","HollowMod:NewJinnsSoul"],"picked":"HollowMod:HowlingWraiths","floor":13},{"not_picked":["HollowMod:ShapeofUnn","HollowMod:SiblingsShadow"],"picked":"HollowMod:CycloneSlash","floor":14}],"player_experience":62317,"relics_obtained":[{"floor":6,"key":"Lantern"},{"floor":9,"key":"Orichalcum"},{"floor":12,"key":"Smiling Mask"}],"event_choices":[],"is_beta":false,"boss_relics":[],"items_purged_floors":[],"is_endless":false,"potions_floor_spawned":[4,6,13],"killed_by":"Hallownest:BossHornet","ascension_level":0}}