{"host":"qxeepl7ydvsgmfdb","time":1608731073,"event":{"mods":["AchievementEnabler","BaseMod","Colored Powertips","Minty Spire (QoL Compilation)","Quick Restart","slay the spire mod where everything is the same but ironclad has a cowboy hat"],"gold_per_floor":[118,118,131,131,147,147,474,474,474,474,503,533,553,553,553,654,654,666,666,683,696,621,621,634,645,645,675,690,710,809,823,823,823,823],"floor_reached":33,"playtime":921,"items_purged":["Regret"],"score":309,"play_id":"482e4861-f0a2-471a-a126-146bcc87a29e","local_time":"20201223084433","is_ascension_mode":false,"campfire_choices":[{"data":"Chaos","floor":6,"key":"SMITH"},{"data":"Redo","floor":8,"key":"SMITH"},{"data":"Zap","floor":10,"key":"SMITH"},{"floor":15,"key":"REST"},{"floor":23,"key":"REST"},{"floor":32,"key":"REST"}],"circlet_count":0,"master_deck":["Strike_B","Strike_B","Strike_B","Defend_B","Defend_B","Defend_B","Zap+1","Dualcast","Electrodynamics+1","Chaos+1","Ball Lightning","Redo+1","Cold Snap","Rainbow","Cold Snap+1","Rainbow","Gash+1","Melter+1","Cold Snap+1","Beam Cell+1","Turbo+1","Conserve Battery+1","Defragment"],"relics":["Cracked Core","Old Coin","Blue Candle","Orichalcum","Molten Egg 2","Darkstone Periapt","Empty Cage","Mummified Hand","Red Mask"],"acts_visited":["Exordium","TheCity"],"potions_floor_usage":[7,11,29,29,29,29,31,31,31],"damage_taken":[{"damage":7,"enemies":"Small Slimes","floor":1,"turns":3},{"damage":0,"enemies":"Cultist","floor":3,"turns":2},{"damage":13,"enemies":"Jaw Worm","floor":5,"turns":4},{"damage":9,"enemies":"Gremlin Nob","floor":7,"turns":3},{"damage":13,"enemies":"Lagavulin","floor":11,"turns":3},{"damage":5,"enemies":"3 Louse","floor":13,"turns":2},{"damage":2,"enemies":"Slime Boss","floor":16,"turns":5},{"damage":6,"enemies":"Chosen","floor":18,"turns":4},{"damage":14,"enemies":"Shell Parasite","floor":20,"turns":4},{"damage":0,"enemies":"3 Cultists","floor":21,"turns":2},{"damage":15,"enemies":"Shelled Parasite and Fungi","floor":24,"turns":3},{"damage":11,"enemies":"Snake Plant","floor":25,"turns":4},{"damage":21,"enemies":"Masked Bandits","floor":27,"turns":4},{"damage":12,"enemies":"Snecko","floor":28,"turns":4},{"damage":5,"enemies":"Shelled Parasite and Fungi","floor":29,"turns":4},{"damage":0,"enemies":"Cultist and Chosen","floor":31,"turns":3},{"damage":51,"enemies":"Collector","floor":33,"turns":6}],"seed_played":"-8940489967986159662","potions_obtained":[{"floor":1,"key":"Explosive Potion"},{"floor":5,"key":"ColorlessPotion"},{"floor":11,"key":"SteroidPotion"},{"floor":13,"key":"EssenceOfSteel"},{"floor":21,"key":"EntropicBrew"},{"floor":29,"key":"AttackPotion"},{"floor":31,"key":"SmokeBomb"}],"is_trial":false,"path_per_floor":["M","?","M","$","M","R","E","R","T","R","E","?","M","?","R","B",null,"M","?","M","M","$","R","M","M","T","?","M","M","?","M","R","B"],"character_chosen":"DEFECT","items_purchased":[],"campfire_rested":3,"item_purchase_floors":[],"current_hp_per_floor":[68,68,68,68,55,55,46,46,46,46,33,33,28,34,58,56,81,75,60,46,46,46,71,56,45,45,24,12,7,7,16,41,0,0],"gold":823,"neow_bonus":"ONE_RANDOM_RARE_CARD","is_daily":false,"chose_seed":false,"campfire_upgraded":3,"win_rate":0.0,"timestamp":1608731073,"path_taken":["M","?","?","$","M","R","E","R","T","R","E","?","M","?","R","BOSS","M","?","M","M","$","R","M","M","T","?","M","?","?","M","R","BOSS"],"items_purchased_type":[],"build_version":"2020-12-22","purchased_purges":1,"victory":false,"max_hp_per_floor":[75,75,75,75,75,75,75,75,75,75,75,75,75,81,81,81,81,81,86,86,86,86,86,86,86,86,86,86,86,86,86,86,86,86],"card_choices":[{"not_picked":["Go for the Eyes","Gash"],"picked":"Chaos","floor":1},{"not_picked":["Sweeping Beam","Redo"],"picked":"Ball Lightning","floor":3},{"not_picked":["Gash","Reinforced Body"],"picked":"Redo","floor":5},{"not_picked":["Conserve Battery","Rip and Tear"],"picked":"Cold Snap","floor":7},{"not_picked":["Hello World","Cold Snap"],"picked":"Rainbow","floor":11},{"not_picked":["Stack","Streamline+1"],"picked":"Cold Snap+1","floor":13},{"not_picked":["Buffer","Hyperbeam+1"],"picked":"Rainbow","floor":16},{"not_picked":["Rebound+1","Leap","Compile Driver+1"],"picked":"SKIP","floor":18},{"not_picked":["Stack+1","Streamline+1"],"picked":"Gash+1","floor":20},{"not_picked":["Genetic Algorithm","Chill"],"picked":"Melter+1","floor":21},{"not_picked":["Conserve Battery","Lockon+1","Rebound+1"],"picked":"SKIP","floor":24},{"not_picked":["Hologram","Auto Shields"],"picked":"Cold Snap+1","floor":25},{"not_picked":["Auto Shields","Hologram"],"picked":"Beam Cell+1","floor":27},{"not_picked":["Consume","Steam"],"picked":"Turbo+1","floor":28},{"not_picked":["Meteor Strike+1","Leap+1"],"picked":"Conserve Battery+1","floor":29},{"not_picked":["Barrage+1","Lockon+1"],"picked":"Defragment","floor":31}],"player_experience":336093,"relics_obtained":[{"floor":7,"key":"Old Coin"},{"floor":9,"key":"Blue Candle"},{"floor":11,"key":"Orichalcum"},{"floor":26,"key":"Mummified Hand"},{"floor":27,"key":"Red Mask"}],"event_choices":[{"damage_healed":0,"gold_gain":0,"player_choice":"Forge","damage_taken":0,"max_hp_gain":0,"max_hp_loss":0,"event_name":"Accursed Blacksmith","floor":2,"gold_loss":0,"cards_upgraded":["Electrodynamics"]},{"damage_healed":0,"gold_gain":30,"player_choice":"Searched \u00272\u0027 times","damage_taken":0,"relics_obtained":["Molten Egg 2"],"max_hp_gain":0,"max_hp_loss":0,"event_name":"Dead Adventurer","floor":12,"gold_loss":0},{"damage_healed":0,"gold_gain":0,"player_choice":"Box","damage_taken":0,"relics_obtained":["Darkstone Periapt"],"max_hp_gain":0,"max_hp_loss":0,"event_name":"Big Fish","floor":14,"gold_loss":0,"cards_obtained":["Regret"]},{"damage_healed":0,"gold_gain":0,"player_choice":"Shed Blood","damage_taken":20,"max_hp_gain":5,"max_hp_loss":0,"event_name":"Forgotten Altar","floor":19,"gold_loss":0},{"damage_healed":0,"gold_gain":0,"player_choice":"Fought Bandits","damage_taken":0,"max_hp_gain":0,"max_hp_loss":0,"event_name":"Masked Bandits","floor":27,"gold_loss":0},{"damage_healed":0,"gold_gain":99,"player_choice":"Stole From Cult","damage_taken":0,"max_hp_gain":0,"max_hp_loss":0,"event_name":"Nest","floor":30,"gold_loss":0}],"is_beta":false,"boss_relics":[{"not_picked":["Black Star","SlaversCollar"],"picked":"Empty Cage"}],"items_purged_floors":[22],"is_endless":false,"potions_floor_spawned":[1,5,11,13,21,27,29,31],"killed_by":"Collector","ascension_level":0}}