{"host":"bxdue9bkfm2khp2x","time":1608744386,"event":{"mods":["ATMod(阿瑾Mod)","Aspiration","BaseMod","Better Vampires","Challenge The Spire","Colored Powertips","Conspire","Decade(王小明)","Dota2Spire","Highlight Path","Minty Spire (QoL Compilation)","MostiFishMod","Replay The Spire","RumiaBox-露米娅的神秘盒子","Spicy Shops","StSLib","Td1madao Mod","The Alterego","The Cursed","WarShipGirlsR/战舰少女R mod","noobMod","vexMod","【功能Mod】混沌之环修复补丁","【遗物卡牌】REMEMod","篝火指南"],"gold_per_floor":[117,117,42,55,55,55,89,109,155,155,180,191,91,91,91,162,162,178,188,6,25,25,25,25,25,25],"floor_reached":25,"playtime":1308,"items_purged":["Strike_G","Strike_G","Strike_G"],"score":433,"play_id":"114d7906-8918-42c0-a890-02deabdfae9a","local_time":"20201224012626","is_ascension_mode":true,"campfire_choices":[{"data":"AT_KneejerkReflex","floor":6.0,"key":"SMITH"},{"data":"Im Angry","floor":10.0,"key":"SMITH"},{"data":"Burst","floor":15.0,"key":"SMITH"},{"data":"AT_ShadowStep","floor":23.0,"key":"SMITH"}],"circlet_count":1,"master_deck":["AscendersBane","Strike_G+1","Strike_G","Defend_G","Defend_G","Defend_G+1","Defend_G","Defend_G","Survivor","Neutralize","Im Angry+1","AT_KneejerkReflex+1","Deadly Poison","Burst+1","Catalyst+1","Noxious Fumes","MostiFishMod:Confrontation+1","ReplayTheSpireMod:Speed Training","AT_ShadowStep+1"],"relics":["Ring of the Snake","DaveBox","REME_ComplimentaryCards","ice","AT_ATBox","ArrowTower","NeowsBlessing","Circlet","Replay:WaspNest","Bag of Marbles","Simple Rune","AT_SunfireAegis","Guide Book","AT_SpeedBoots"],"acts_visited":["Exordium","TheCity"],"potions_floor_usage":[25],"damage_taken":[{"damage":0.0,"enemies":"Small Slimes","floor":1.0,"turns":1.0},{"damage":0.0,"enemies":"Jaw Worm","floor":4.0,"turns":1.0},{"damage":0.0,"enemies":"Gremlin Nob","floor":7.0,"turns":1.0},{"damage":0.0,"enemies":"Cultist","floor":8.0,"turns":4.0},{"damage":9.0,"enemies":"Replay:BlueRogue","floor":11.0,"turns":5.0},{"damage":0.0,"enemies":"conspire:2 RoseBushes","floor":12.0,"turns":5.0},{"damage":11.0,"enemies":"The Guardian","floor":16.0,"turns":7.0},{"damage":6.0,"enemies":"Spheric Guardian","floor":18.0,"turns":4.0},{"damage":12.0,"enemies":"3 Byrds","floor":19.0,"turns":3.0},{"damage":13.0,"enemies":"Snecko","floor":21.0,"turns":6.0},{"damage":0,"enemies":"Cultist and Chosen","floor":25,"turns":3}],"seed_played":"-6069131957427674531","potions_obtained":[{"floor":4.0,"key":"AttackPotion"},{"floor":7.0,"key":"Elixir"},{"floor":21.0,"key":"SneckoOil"}],"is_trial":false,"path_per_floor":["M","?","$","M","$","R","E","M","T","R","E","M","$","?","R","B",null,"M","M","$","M","?","R","$","M"],"character_chosen":"THE_SILENT","items_purchased":["AT_SunfireAegis","Guide Book","AT_SpeedBoots"],"campfire_rested":0,"item_purchase_floors":[20,20,20],"current_hp_per_floor":[59,59,59,59,59,59,59,59,59,59,50,50,50,50,50,39,59,53,41,41,28,19,19,19,19,19],"gold":25,"neow_bonus":"THREE_ENEMY_KILL","is_daily":false,"chose_seed":false,"campfire_upgraded":4,"win_rate":0.0,"timestamp":1608744386,"path_taken":["M","?","?","?","$","R","E","M","T","R","E","M","$","?","R","BOSS","M","M","$","M","?","R","$","?"],"items_purchased_type":["Relic","Relic","Relic"],"build_version":"2020-12-22","purchased_purges":3,"victory":false,"max_hp_per_floor":[66,66,66,66,66,66,66,66,66,66,66,66,66,66,66,66,66,66,66,66,66,66,66,66,66,66],"card_choices":[{"not_picked":["Prepared","Dagger Spray"],"picked":"Deadly Poison","floor":1.0},{"not_picked":[],"picked":"Burst","floor":2.0},{"not_picked":["Slice","Poisoned Stab","REME_GreenPollution","MostiFishMod:PerfectParry","AT_WindFlip"],"picked":"SKIP","floor":4.0},{"not_picked":["Blade Dance","REME_GreenPollution","Deflect","AT_TwilightShroud"],"picked":"Catalyst","floor":7.0},{"not_picked":["REME_GrazeFinale","AT_WindFlip","Bane","Distraction","Blade Dance"],"picked":"SKIP","floor":8.0},{"not_picked":["Bouncing Flask","MostiFishMod:ThornCasing","MostiFishMod:Listen","Blade Dance"],"picked":"Noxious Fumes","floor":11.0},{"not_picked":["AT_KneejerkReflex","Hidden Blade","REME_ShadowStrike","Deflect","Outmaneuver"],"picked":"SKIP","floor":12.0},{"not_picked":["AT_MyraUnstableElement","ReplayTheSpireMod:From All Sides","ReplayTheSpireMod:Necrosis","REME_SpectralBlade"],"picked":"MostiFishMod:Confrontation","floor":16.0},{"not_picked":["Deflect","Bane","Cloak And Dagger","Sucker Punch"],"picked":"ReplayTheSpireMod:Speed Training","floor":18.0},{"not_picked":["Bane","Flying Knee","Blade Dance","Acrobatics","Slice"],"picked":"SKIP","floor":19.0},{"not_picked":["ReplayTheSpireMod:Speed Training","Venomology"],"picked":"AT_ShadowStep","floor":21.0}],"player_experience":738955,"relics_obtained":[{"floor":1.0,"key":"SynthV:TestCard"},{"floor":7.0,"key":"Replay:WaspNest"},{"floor":9.0,"key":"Bag of Marbles"},{"floor":11.0,"key":"Simple Rune"}],"event_choices":[{"damage_healed":0.0,"max_hp_gain":0.0,"max_hp_loss":0.0,"gold_gain":0.0,"event_name":"Wheel of Change","player_choice":"Damaged","floor":22.0,"gold_loss":0.0,"damage_taken":9.0}],"is_beta":false,"boss_relics":[{"not_picked":["Snecko Eye","aspiration:PoetsPen_weak","DiscerningMonocle"]}],"items_purged_floors":[3,13,20],"is_endless":false,"potions_floor_spawned":[4,7,11,12,16,21],"killed_by":"Cultist and Chosen","ascension_level":17}}