{"host":"hfxp6ue4pvwo3fit","time":1608698381,"event":{"mods":["AchievementEnabler","BaseMod","Colored Map","Colored Powertips","Highlight Path","Minty Spire (QoL Compilation)","StSLib","SuperFastMode"],"gold_per_floor":[115,115,115,129,144,144,170,51,51,51,51,65,100,112,112,186,186,163,163,178,193,193,218,218,246,246,246,266,118,118,135,135,212,212,230,244,244,15,26,26,51,51,101,129,139,151,151,169,169,169],"floor_reached":51,"playtime":2861,"items_purged":["Strike_B"],"score":1416,"play_id":"a74889e7-8b52-4ff0-a991-13b0c6cf9872","local_time":"20201222223941","is_ascension_mode":true,"campfire_choices":[{"data":"Zap","floor":6,"key":"SMITH"},{"data":"Chill","floor":10,"key":"SMITH"},{"data":"Defragment","floor":15,"key":"SMITH"},{"data":"Echo Form","floor":24,"key":"SMITH"},{"data":"Loop","floor":27,"key":"SMITH"},{"data":"Self Repair","floor":30,"key":"SMITH"},{"data":"Ball Lightning","floor":32,"key":"SMITH"},{"data":"Defend_B","floor":40,"key":"SMITH"},{"data":"Go for the Eyes","floor":42,"key":"SMITH"},{"data":"Defend_B","floor":47,"key":"SMITH"},{"data":"Defend_B","floor":49,"key":"SMITH"}],"circlet_count":0,"master_deck":["AscendersBane","Strike_B+1","Defend_B+1","Defend_B+1","Defend_B+1","Zap+1","Dualcast","Go for the Eyes+1","Cold Snap","Ball Lightning+1","Tempest","Self Repair+1","Chill+1","Reinforced Body+1","Defragment+1","Echo Form+1","Loop+1","Chaos+1","Hyperbeam+1","Coolheaded+1","Coolheaded+1","Coolheaded+1","Bandage Up+1","Rainbow+1","Turbo+1","Dark Shackles+1","Reinforced Body+1","Hologram+1","Consume+1"],"relics":["Cracked Core","NeowsBlessing","White Beast Statue","HornCleat","Toxic Egg 2","Mummified Hand","Coffee Dripper","Shuriken","Whetstone","Pear","Inserter","Nunchaku","Vajra"],"acts_visited":["Exordium","TheCity","TheBeyond"],"potions_floor_usage":[7,16,16,18,25,25,33,35,50,50],"damage_taken":[{"damage":0,"enemies":"Cultist","floor":1,"turns":1},{"damage":0,"enemies":"2 Louse","floor":4,"turns":1},{"damage":0,"enemies":"Small Slimes","floor":5,"turns":1},{"damage":34,"enemies":"Gremlin Nob","floor":7,"turns":4},{"damage":0,"enemies":"2 Fungi Beasts","floor":12,"turns":3},{"damage":9,"enemies":"Lagavulin","floor":13,"turns":9},{"damage":10,"enemies":"3 Louse","floor":14,"turns":3},{"damage":2,"enemies":"Slime Boss","floor":16,"turns":7},{"damage":11,"enemies":"2 Thieves","floor":18,"turns":4},{"damage":8,"enemies":"Chosen","floor":20,"turns":5},{"damage":0,"enemies":"Shelled Parasite and Fungi","floor":21,"turns":5},{"damage":31,"enemies":"Book of Stabbing","floor":23,"turns":4},{"damage":27,"enemies":"Gremlin Leader","floor":25,"turns":6},{"damage":0,"enemies":"Snecko","floor":28,"turns":3},{"damage":0,"enemies":"Sentry and Sphere","floor":31,"turns":6},{"damage":9,"enemies":"Champ","floor":33,"turns":27},{"damage":8,"enemies":"3 Darklings","floor":35,"turns":6},{"damage":0,"enemies":"Orb Walker","floor":36,"turns":4},{"damage":7,"enemies":"Sphere and 2 Shapes","floor":39,"turns":7},{"damage":33,"enemies":"Nemesis","floor":41,"turns":9},{"damage":33,"enemies":"Giant Head","floor":44,"turns":11},{"damage":0,"enemies":"Writhing Mass","floor":45,"turns":9},{"damage":1,"enemies":"Transient","floor":46,"turns":6},{"damage":0,"enemies":"Sphere and 2 Shapes","floor":48,"turns":6},{"damage":2,"enemies":"Time Eater","floor":50,"turns":27}],"seed_played":"-3513972435133191468","potions_obtained":[{"floor":1,"key":"Dexterity Potion"},{"floor":4,"key":"GamblersBrew"},{"floor":5,"key":"FearPotion"},{"floor":7,"key":"Dexterity Potion"},{"floor":12,"key":"DuplicationPotion"},{"floor":14,"key":"PotionOfCapacity"},{"floor":16,"key":"EssenceOfSteel"},{"floor":18,"key":"Strength Potion"},{"floor":20,"key":"FearPotion"},{"floor":21,"key":"Energy Potion"},{"floor":23,"key":"Regen Potion"},{"floor":25,"key":"CultistPotion"},{"floor":28,"key":"CultistPotion"},{"floor":33,"key":"ColorlessPotion"},{"floor":35,"key":"FocusPotion"},{"floor":45,"key":"PowerPotion"}],"is_trial":false,"path_per_floor":["M","T","?","M","M","R","E","$","T","R","?","M","E","M","R","B",null,"M","?","M","M","?","E","R","E","T","R","M","$","R","M","R","B",null,"M","M","?","$","M","R","E","R","T","E","M","M","R","M","R","B",null],"character_chosen":"DEFECT","items_purchased":["Self Repair","Chill","Coolheaded+1","Bandage Up+1","Turbo+1","Dark Shackles+1"],"campfire_rested":0,"item_purchase_floors":[8,8,29,29,38,38],"current_hp_per_floor":[64,64,64,64,64,64,30,30,30,30,23,23,21,18,18,23,59,62,62,68,71,71,54,54,49,59,59,59,59,59,81,81,81,81,79,81,81,81,81,81,64,64,64,53,79,81,81,81,81,81],"gold":169,"neow_bonus":"THREE_ENEMY_KILL","is_daily":false,"chose_seed":false,"campfire_upgraded":11,"win_rate":0.0,"timestamp":1608698381,"path_taken":["M","?","?","?","?","R","E","$","T","R","?","M","E","M","R","BOSS","M","?","M","M","?","E","R","E","T","R","?","?","R","M","R","BOSS","M","M","?","$","M","R","E","R","T","E","M","M","R","M","R","BOSS"],"items_purchased_type":["Card","Card","Card","Card","Card","Card"],"build_version":"2020-12-13","purchased_purges":1,"victory":true,"max_hp_per_floor":[71,71,71,71,71,71,71,71,71,71,71,71,71,71,71,71,71,71,71,71,71,71,71,71,71,81,81,81,81,81,81,81,81,81,81,81,81,81,81,81,81,81,81,81,81,81,81,81,81,81],"card_choices":[{"not_picked":["Scrape","Hologram"],"picked":"Go for the Eyes","floor":1},{"not_picked":["Blizzard","Rebound"],"picked":"Cold Snap","floor":4},{"not_picked":["Conserve Battery","Stack"],"picked":"Ball Lightning","floor":5},{"not_picked":["Turbo","Heatsinks"],"picked":"Tempest","floor":7},{"not_picked":["Hologram+1","Ball Lightning"],"picked":"Reinforced Body+1","floor":12},{"not_picked":["Rip and Tear","Go for the Eyes","Undo+1"],"picked":"SKIP","floor":13},{"not_picked":["Turbo+1","Undo+1"],"picked":"Defragment","floor":14},{"not_picked":["Multi-Cast+1","Amplify+1"],"picked":"Echo Form","floor":16},{"not_picked":["Stack+1","Turbo+1"],"picked":"Loop","floor":18},{"not_picked":["Scrape","Compile Driver"],"picked":"Chaos+1","floor":20},{"not_picked":["Barrage","Turbo+1","BootSequence+1"],"picked":"SKIP","floor":21},{"not_picked":["Go for the Eyes","BootSequence+1"],"picked":"Coolheaded+1","floor":23},{"not_picked":["Meteor Strike","Doom and Gloom"],"picked":"Coolheaded+1","floor":25},{"not_picked":["Aggregate+1","Static Discharge+1","Melter"],"picked":"SKIP","floor":28},{"not_picked":["Coolheaded+1","Conserve Battery+1","Tempest+1"],"picked":"SKIP","floor":31},{"not_picked":["Core Surge","All For One"],"picked":"Rainbow+1","floor":33},{"not_picked":["Gash+1","Ball Lightning","Conserve Battery+1"],"picked":"SKIP","floor":35},{"not_picked":["Cold Snap","Rebound","Steam Power+1"],"picked":"SKIP","floor":36},{"not_picked":["Gash","Cold Snap"],"picked":"Reinforced Body+1","floor":39},{"not_picked":["Beam Cell","Aggregate+1","Streamline+1"],"picked":"SKIP","floor":41},{"not_picked":["Chaos+1","Redo+1","Steam Power+1"],"picked":"SKIP","floor":44},{"not_picked":["Cold Snap+1","Rip and Tear+1"],"picked":"Hologram+1","floor":45},{"not_picked":["Double Energy+1","Redo+1"],"picked":"Consume+1","floor":46},{"not_picked":["Coolheaded+1","Rainbow+1","Steam+1"],"picked":"SKIP","floor":48}],"player_experience":417600,"relics_obtained":[{"floor":2,"key":"White Beast Statue"},{"floor":7,"key":"HornCleat"},{"floor":9,"key":"Toxic Egg 2"},{"floor":13,"key":"Mummified Hand"},{"floor":23,"key":"Shuriken"},{"floor":25,"key":"Whetstone"},{"floor":26,"key":"Pear"},{"floor":43,"key":"Nunchaku"},{"floor":44,"key":"Vajra"}],"event_choices":[{"cards_removed":["Strike_B"],"damage_healed":0,"gold_gain":0,"player_choice":"Offered Basic","damage_taken":0,"max_hp_gain":0,"max_hp_loss":0,"event_name":"Bonfire Elementals","floor":3,"gold_loss":0},{"cards_removed":["Defend_B"],"damage_healed":0,"gold_gain":0,"player_choice":"Card Removal","damage_taken":7,"max_hp_gain":0,"max_hp_loss":0,"event_name":"Golden Wing","floor":11,"gold_loss":0},{"damage_healed":0,"gold_gain":0,"player_choice":"Ignored","damage_taken":0,"max_hp_gain":0,"max_hp_loss":0,"event_name":"Vampires","floor":19,"gold_loss":0},{"damage_healed":0,"gold_gain":0,"cards_transformed":["Strike_B"],"player_choice":"Transformed","damage_taken":0,"max_hp_gain":0,"max_hp_loss":0,"event_name":"Transmorgrifier","floor":22,"gold_loss":0,"cards_obtained":["Hyperbeam"]},{"damage_healed":0,"gold_gain":0,"player_choice":"Ignored","damage_taken":0,"max_hp_gain":0,"max_hp_loss":0,"event_name":"Tomb of Lord Red Mask","floor":37,"gold_loss":0}],"is_beta":false,"boss_relics":[{"not_picked":["Velvet Choker","Tiny House"],"picked":"Coffee Dripper"},{"not_picked":["Cursed Key","Philosopher\u0027s Stone"],"picked":"Inserter"}],"items_purged_floors":[38],"is_endless":false,"potions_floor_spawned":[1,4,5,7,12,13,14,16,18,20,21,23,25,28,31,33,35,36,39,41,44,45,46,48],"ascension_level":18}}