{"host":"6pgtslebjnyv5xmi","time":1608738932,"event":{"mods":["AchievementEnabler","BaseMod","Colored Map","Minty Spire (QoL Compilation)","Rare Cards Sparkle","StSLib","SuperFastMode","The Dragon Tamer","everything is the same but u backflip on backflip"],"gold_per_floor":[114,114,133,152,171,209,209,228,228,303,303,322,78,97,97,222,222,241,241,274,274,293,312,331,369,369,52,2,21,21,40,40,165,165,184,203,222,44,63,63,89,108,108,108,127,127,127,146,146,146],"floor_reached":51,"playtime":3865,"items_purged":[],"score":700,"play_id":"1f9bfdb7-d7a5-4709-8ea6-76a7576fe267","local_time":"20201224005532","daily_mods":["SealedDeck","Red Cards","Night Terrors"],"is_ascension_mode":false,"campfire_choices":[{"data":"Flex","floor":7.0,"key":"SMITH"},{"floor":15.0,"key":"REST"},{"data":"Venomology","floor":30.0,"key":"SMITH"},{"data":"Venomology","floor":32.0,"key":"SMITH"},{"data":"Apotheosis","floor":40,"key":"SMITH"},{"floor":44,"key":"REST"},{"data":"Envenom","floor":49,"key":"SMITH"}],"circlet_count":0,"master_deck":["Leg Sweep","Carnage","Dagger Spray","Dual Wield","Thunderclap+1","Footwork","Pummel","Flex+1","Sword Boomerang","Heavy Blade","Blur","Flame Barrier+1","Backflip","Bandage Up","Spot Weakness","Venomology+1","PiercingWail","Armaments","Adrenaline","J.A.X.","Venomology+1","Escape Plan","Acrobatics+1","Envenom+1","Dodge and Roll+1","Dodge and Roll+1","Calculated Gamble","Apotheosis+1","Seeing Red+1","Shrug It Off+1"],"relics":["Ring of the Snake","Golden Idol","Blue Candle","StrikeDummy","Orrery","SacredBark","Red Mask","Enchiridion","Question Card","Ginger","Eternal Feather","Black Star","Torii","Smiling Mask","TungstenRod"],"acts_visited":["Exordium","TheCity","TheBeyond"],"potions_floor_usage":[35,35,37,37,37,39,39,39,41,41,42,42,42,45,48,48,48,50,50,50,50,50],"damage_taken":[{"damage":7.0,"enemies":"2 Louse","floor":1.0,"turns":2.0},{"damage":11.0,"enemies":"Jaw Worm","floor":3.0,"turns":2.0},{"damage":0.0,"enemies":"Small Slimes","floor":4.0,"turns":2.0},{"damage":0.0,"enemies":"2 Fungi Beasts","floor":5.0,"turns":3.0},{"damage":4.0,"enemies":"Gremlin Nob","floor":6.0,"turns":3.0},{"damage":0.0,"enemies":"Gremlin Gang","floor":8.0,"turns":2.0},{"damage":0.0,"enemies":"Red Slaver","floor":12.0,"turns":3.0},{"damage":0.0,"enemies":"Exordium Wildlife","floor":14.0,"turns":5.0},{"damage":8.0,"enemies":"Hexaghost","floor":16.0,"turns":7.0},{"damage":0.0,"enemies":"Shell Parasite","floor":18.0,"turns":1.0},{"damage":3.0,"enemies":"Masked Bandits","floor":20.0,"turns":1.0},{"damage":3.0,"enemies":"3 Byrds","floor":22.0,"turns":3.0},{"damage":3.0,"enemies":"Snecko","floor":23.0,"turns":3.0},{"damage":4.0,"enemies":"Shelled Parasite and Fungi","floor":24.0,"turns":2.0},{"damage":3.0,"enemies":"Slavers","floor":25.0,"turns":2.0},{"damage":3.0,"enemies":"Snake Plant","floor":29.0,"turns":2.0},{"damage":3.0,"enemies":"Centurion and Healer","floor":31.0,"turns":3.0},{"damage":6.0,"enemies":"Collector","floor":33.0,"turns":5.0},{"damage":29,"enemies":"3 Darklings","floor":35,"turns":4},{"damage":18,"enemies":"3 Shapes","floor":36,"turns":3},{"damage":3,"enemies":"Transient","floor":37,"turns":5},{"damage":3,"enemies":"Maw","floor":39,"turns":4},{"damage":18,"enemies":"2 Orb Walkers","floor":41,"turns":3},{"damage":3,"enemies":"Writhing Mass","floor":42,"turns":3},{"damage":0,"enemies":"Jaw Worm Horde","floor":45,"turns":1},{"damage":2,"enemies":"3 Darklings","floor":48,"turns":3},{"damage":41,"enemies":"Donu and Deca","floor":50,"turns":4}],"seed_played":"4926568582952100995","potions_obtained":[{"floor":1.0,"key":"EntropicBrew"},{"floor":3.0,"key":"Dexterity Potion"},{"floor":4.0,"key":"ColorlessPotion"},{"floor":16.0,"key":"CunningPotion"},{"floor":18.0,"key":"DistilledChaos"},{"floor":22.0,"key":"LiquidMemories"},{"floor":23.0,"key":"Poison Potion"},{"floor":24.0,"key":"PowerPotion"},{"floor":29.0,"key":"CultistPotion"},{"floor":37,"key":"Dexterity Potion"},{"floor":39,"key":"DistilledChaos"},{"floor":42,"key":"EntropicBrew"},{"floor":45,"key":"Ancient Potion"}],"is_trial":false,"path_per_floor":["M","?","M","M","M","E","R","M","T","?","?","M","$","M","R","B",null,"M","?","?","?","M","M","M","E","T","$","?","M","R","M","R","B",null,"M","M","M","$","M","R","?","M","T","R","M","$","T","M","R","B",null],"character_chosen":"THE_SILENT","items_purchased":["Bandage Up","Orrery","Escape Plan","Eternal Feather","Apotheosis"],"campfire_rested":2,"item_purchase_floors":[13,13,27,27,38],"current_hp_per_floor":[63,46,35,35,35,31,31,31,31,20,6,6,6,10,65,57,65,65,65,65,49,50,51,47,50,50,50,50,51,63,64,65,63,65,40,28,29,29,30,45,27,30,30,60,60,60,60,60,60,25],"gold":146,"neow_bonus":"","is_daily":true,"chose_seed":false,"campfire_upgraded":5,"win_rate":0.0,"timestamp":1608738932,"path_taken":["M","?","M","M","M","E","R","M","T","?","?","M","$","M","R","BOSS","M","?","?","?","M","M","M","E","T","$","?","M","R","M","R","BOSS","M","M","?","?","M","R","?","?","T","R","M","$","?","M","R","BOSS"],"items_purchased_type":["Card","Relic","Card","Relic","Card"],"build_version":"2020-12-22","purchased_purges":0,"victory":true,"max_hp_per_floor":[70,70,70,70,70,70,70,70,70,70,70,70,70,70,65,65,65,65,65,65,65,65,65,65,65,65,65,65,65,65,65,65,65,65,65,65,65,65,65,65,65,65,65,60,60,60,60,60,60,60],"card_choices":[{"not_picked":["Infernal Blade","Heavy Blade"],"picked":"Blur","floor":1.0},{"not_picked":["Deadly Poison","Carnage","Bane"],"picked":"SKIP","floor":3.0},{"not_picked":["Bloodletting","Flying Knee"],"picked":"Flame Barrier","floor":4.0},{"not_picked":["Deadly Poison","Bloodletting","Burning Pact"],"picked":"SKIP","floor":5.0},{"not_picked":["Iron Wave","Storm of Steel","Catalyst"],"picked":"SKIP","floor":6.0},{"not_picked":["Headbutt","Sword Boomerang"],"picked":"Backflip","floor":8.0},{"not_picked":["Skewer","Iron Wave","Poisoned Stab"],"picked":"SKIP","floor":12.0},{"not_picked":["Inflame","Warcry"],"picked":"Spot Weakness","floor":13.0},{"not_picked":["Cloak And Dagger","Flex"],"picked":"Venomology","floor":13.0},{"not_picked":["Seeing Red","Blade Dance"],"picked":"PiercingWail","floor":13.0},{"not_picked":["Blade Dance","Seeing Red"],"picked":"Armaments","floor":13.0},{"not_picked":["Carnage","Footwork","Predator"],"picked":"SKIP","floor":14.0},{"not_picked":["Glass Knife","Exhume"],"picked":"Adrenaline","floor":16.0},{"not_picked":["Clash","Havoc","True Grit"],"picked":"SKIP","floor":18.0},{"not_picked":["Clash+1","Warcry","Dagger Throw"],"picked":"SKIP","floor":22.0},{"not_picked":["Sword Boomerang","Poisoned Stab+1","Twin Strike"],"picked":"SKIP","floor":23.0},{"not_picked":["Poisoned Stab","Deflect","Iron Wave"],"picked":"SKIP","floor":24.0},{"not_picked":["Dagger Spray","Adrenaline"],"picked":"Venomology","floor":25.0},{"not_picked":["Iron Wave","Twin Strike","Tactician+1","Clash"],"picked":"SKIP","floor":29.0},{"not_picked":["Twin Strike","Wild Strike","Havoc+1"],"picked":"Acrobatics+1","floor":31.0},{"not_picked":["Unload","Berserk","Juggernaut"],"picked":"Envenom","floor":33.0},{"not_picked":["Backstab","Warcry+1","Acrobatics+1"],"picked":"Dodge and Roll+1","floor":35},{"not_picked":["Second Wind","Acrobatics","Dropkick"],"picked":"Dodge and Roll+1","floor":36},{"not_picked":["Dagger Spray+1","Wild Strike","Deflect+1"],"picked":"Calculated Gamble","floor":37},{"not_picked":["Perfected Strike","Wild Strike","Slice","Dual Wield+1"],"picked":"SKIP","floor":39},{"not_picked":["Acrobatics+1","Die Die Die","Sword Boomerang+1"],"picked":"Seeing Red+1","floor":41},{"not_picked":["Headbutt+1","Finisher+1","Sword Boomerang"],"picked":"Shrug It Off+1","floor":42},{"not_picked":["Havoc","Sword Boomerang+1","Shrug It Off+1","Riddle With Holes"],"picked":"SKIP","floor":45},{"not_picked":["Distraction","Well Laid Plans","Inflame","Sucker Punch"],"picked":"SKIP","floor":48}],"player_experience":414739,"relics_obtained":[{"floor":6.0,"key":"Blue Candle"},{"floor":9.0,"key":"StrikeDummy"},{"floor":20.0,"key":"Red Mask"},{"floor":21.0,"key":"Enchiridion"},{"floor":25.0,"key":"Question Card"},{"floor":26.0,"key":"Ginger"},{"floor":41,"key":"Torii"},{"floor":43,"key":"Smiling Mask"},{"floor":47,"key":"TungstenRod"}],"event_choices":[{"damage_healed":0.0,"max_hp_gain":0.0,"max_hp_loss":0.0,"gold_gain":0.0,"event_name":"Golden Idol","player_choice":"Take Damage","floor":2.0,"gold_loss":0.0,"damage_taken":17.0,"relics_obtained":["Golden Idol"]},{"damage_healed":0.0,"max_hp_gain":0.0,"max_hp_loss":0.0,"gold_gain":75.0,"event_name":"World of Goop","player_choice":"Gather Gold","floor":10.0,"gold_loss":0.0,"damage_taken":11.0},{"damage_healed":0.0,"max_hp_gain":0.0,"max_hp_loss":0.0,"gold_gain":0.0,"event_name":"Shining Light","player_choice":"Entered Light","floor":11.0,"gold_loss":0.0,"damage_taken":14.0,"cards_upgraded":["Flame Barrier","Thunderclap"]},{"damage_healed":0.0,"max_hp_gain":0.0,"max_hp_loss":0.0,"gold_gain":0.0,"event_name":"Drug Dealer","player_choice":"Obtain J.A.X.","floor":19.0,"gold_loss":0.0,"damage_taken":0.0,"cards_obtained":["J.A.X."]},{"damage_healed":0.0,"max_hp_gain":0.0,"max_hp_loss":0.0,"gold_gain":0.0,"event_name":"Masked Bandits","player_choice":"Fought Bandits","floor":20.0,"gold_loss":0.0,"damage_taken":0.0},{"damage_healed":0.0,"max_hp_gain":0.0,"max_hp_loss":0.0,"gold_gain":0.0,"event_name":"Cursed Tome","player_choice":"Obtained Book","floor":21.0,"gold_loss":0.0,"damage_taken":16.0},{"damage_healed":0.0,"max_hp_gain":0.0,"max_hp_loss":0.0,"gold_gain":0.0,"event_name":"The Joust","player_choice":"Bet on Owner","floor":28.0,"gold_loss":50.0,"damage_taken":0.0},{"damage_healed":0,"gold_gain":0,"player_choice":"Fight","damage_taken":0,"max_hp_gain":0,"max_hp_loss":0,"event_name":"Mysterious Sphere","floor":41,"gold_loss":0}],"is_beta":false,"boss_relics":[{"not_picked":["Fusion Hammer","Snecko Eye"],"picked":"SacredBark"},{"not_picked":["Runic Dome","Empty Cage"],"picked":"Black Star"}],"items_purged_floors":[],"is_endless":false,"potions_floor_spawned":[1,3,4,16,18,22,23,24,29,37,39,42,45],"ascension_level":0}}