{"host":"xgnmnr8f8w1a0eo3","time":1608688601,"event":{"mods":["BaseMod","Downfall","Highlight Path","Minty Spire (QoL Compilation)","Permanent Neow","Relic Stats","StSLib","everything is the same but u backflip on backflip"],"gold_per_floor":[99,99,130,230,230,257,257,273,273,273,289,289,307,582,601,699,699,699,709,709,709,719,719,746,761,775,775,232,246,246,265,280,381,381,381,397,397,448,458,470,496,507,507,517,549,52,52,52,77,77],"floor_reached":51,"playtime":4729,"items_purged":["Regret","champ:FocusedBerserking"],"score":814,"play_id":"bef07cfd-0e4d-471e-8405-90199b55f301","local_time":"20201222205641","is_ascension_mode":false,"campfire_choices":[{"data":"champ:Execute","floor":1.0,"key":"SMITH"},{"data":"champ:FocusedBerserking","floor":9.0,"key":"SMITH"},{"data":"champ:Taunt","floor":12.0,"key":"SMITH"},{"data":"champ:BerserkersShout","floor":18.0,"key":"SMITH"},{"floor":27.0,"key":"REST"},{"floor":30.0,"key":"REST"},{"data":"champ:GutPunch","floor":35.0,"key":"SMITH"},{"floor":47,"key":"DIG"}],"circlet_count":0,"master_deck":["champ:Strike+1","champ:Strike+1","champ:Defend","champ:Defend","champ:Defend","champ:Defend","champ:Execute+1","champ:Taunt+1","champ:StanceDance","champ:FocusedBerserking+1","champ:BerserkersShout+1","champ:Duel","champ:StanceDance","champ:AdrenalArmor","champ:SwordThrow","CurseOfTheBell","RitualDagger+1","champ:GutPunch+1","champ:BringItOn+1","champ:AdrenalArmor+1","champ:DefensiveShout","champ:Backstep","champ:DefensiveShout+1","champ:SwordThrow","champ:FocusedBerserking+1","champ:VampiricStrike+1","champ:ShieldSlam+1","champ:Backstep+1","champ:HoldFirm","champ:GutPunch","champ:BerserkersShout","champ:FaceSlap+1","expansioncontent:DefensiveMode","champ:GutPunch+1","champ:Backstep+1","champ:FlashCut+1","champ:AdrenalArmor+1"],"relics":["champ:ChampionCrown","downfall:HeartsMalice","Juzu Bracelet","Whetstone","CaptainsWheel","Boot","Calling Bell","Dream Catcher","Shuriken","Shovel","Akabeko","Gremlin Horn","Nunchaku","Astrolabe","Calipers","Bag of Marbles","Vajra","Gambling Chip","Centennial Puzzle","CeramicFish"],"acts_visited":["Exordium","TheCity","TheBeyond"],"potions_floor_usage":[],"damage_taken":[{"damage":0.0,"enemies":"Cultist","floor":2.0,"turns":1.0},{"damage":0.0,"enemies":"Gremlin Nob","floor":3.0,"turns":1.0},{"damage":0.0,"enemies":"Jaw Worm","floor":5.0,"turns":1.0},{"damage":0.0,"enemies":"3 Sentries","floor":6.0,"turns":1.0},{"damage":5.0,"enemies":"2 Louse","floor":8.0,"turns":2.0},{"damage":8.0,"enemies":"Red Slaver","floor":11.0,"turns":3.0},{"damage":19.0,"enemies":"Large Slime","floor":13.0,"turns":6.0},{"damage":19.0,"enemies":"Exordium Wildlife","floor":15.0,"turns":5.0},{"damage":117.0,"enemies":"downfall:Watcher","floor":16.0,"turns":15.0},{"damage":42.0,"enemies":"3 Byrds","floor":19.0,"turns":7.0},{"damage":77.0,"enemies":"Shelled Parasite and Fungi","floor":22.0,"turns":6.0},{"damage":39.0,"enemies":"Sentry and Sphere","floor":25.0,"turns":5.0},{"damage":32.0,"enemies":"Snecko","floor":26.0,"turns":6.0},{"damage":56.0,"enemies":"downfall:FleeingMerchant","floor":28.0,"turns":4.0},{"damage":28.0,"enemies":"3 Cultists","floor":29.0,"turns":3.0},{"damage":33.0,"enemies":"Snake Plant","floor":31.0,"turns":4.0},{"damage":23.0,"enemies":"Centurion and Healer","floor":32.0,"turns":3.0},{"damage":46.0,"enemies":"downfall:Defect","floor":33.0,"turns":6.0},{"damage":20,"enemies":"Orb Walker","floor":36,"turns":2},{"damage":35,"enemies":"2 Orb Walkers","floor":38,"turns":6},{"damage":47,"enemies":"3 Darklings","floor":39,"turns":8},{"damage":74,"enemies":"Maw","floor":40,"turns":5},{"damage":43,"enemies":"4 Shapes","floor":42,"turns":4},{"damage":32,"enemies":"Sphere and 2 Shapes","floor":44,"turns":2},{"damage":55,"enemies":"Reptomancer","floor":45,"turns":5},{"damage":28,"enemies":"downfall:FleeingMerchant","floor":46,"turns":4},{"damage":32,"enemies":"Maw","floor":49,"turns":5},{"damage":68,"enemies":"downfall:Ironclad","floor":50,"turns":11}],"seed_played":"2842031769411014481","potions_obtained":[{"floor":3.0,"key":"Guardian:BlockOnCardUsePotion"},{"floor":6.0,"key":"Weak Potion"},{"floor":8.0,"key":"SpeedPotion"},{"floor":21.0,"key":"CultistPotion"}],"is_trial":false,"path_per_floor":["R","M","E","?","M","E","T","M","R","?","M","R","M","?","M","B",null,"R","M","?","?","M","?","T","M","M","R","$","M","R","M","M","B",null,"R","M","?","?","M","M","T","M","?","M","E","$","R","T","M","B",null],"character_chosen":"THE_CHAMP","items_purchased":["Gremlin Horn","Nunchaku","champ:DefensiveShout","Gambling Chip","champ:FightOn"],"campfire_rested":2,"item_purchase_floors":[28,28,28,46,46],"current_hp_per_floor":[90,90,90,90,90,90,90,90,90,87,84,84,81,81,74,10,90,90,78,78,78,47,47,47,42,31,58,48,48,76,68,68,66,95,95,90,90,95,95,95,95,95,95,95,95,95,95,95,100,100],"gold":77,"neow_bonus":"THREE_ENEMY_KILL","is_daily":false,"chose_seed":false,"campfire_upgraded":5,"win_rate":0.0,"timestamp":1608688601,"path_taken":["R","?","E","?","M","E","T","M","R","?","M","$","M","?","M","BOSS","R","M","?","?","M","?","T","M","M","R","$","M","R","M","M","BOSS","R","M","?","?","M","M","T","M","?","M","E","$","R","?","M","BOSS"],"items_purchased_type":["Relic","Relic","Card","Relic","Card"],"build_version":"2020-12-13","purchased_purges":2,"victory":true,"max_hp_per_floor":[90,90,90,90,90,90,90,90,90,90,90,90,90,90,90,90,90,90,90,90,90,90,90,90,90,90,90,95,95,95,95,95,95,95,95,95,95,95,95,95,95,95,95,95,95,95,95,95,100,100],"relic_stats":{"Gremlin Horn":[17,17],"counters":[28,131],"Astrolabe":["champ:FocusedBerserking","champ:VampiricStrike","champ:ShieldSlam"],"CeramicFish":9,"Juzu Bracelet":1,"Whetstone":["champ:Strike","champ:Strike"],"Boot":[18],"Dream Catcher":2,"Nunchaku":[13],"Centennial Puzzle":[6],"Shovel":1,"Shuriken":[30],"Gambling Chip":[3],"obtain_stats":[{"Calipers":38,"Gremlin Horn":28,"Astrolabe":34,"CeramicFish":48,"Vajra":45,"champ:ChampionCrown":0,"downfall:HeartsMalice":0,"Juzu Bracelet":3,"Whetstone":6,"Boot":10,"Akabeko":24,"Calling Bell":17,"CaptainsWheel":7,"Dream Catcher":17,"Nunchaku":28,"Centennial Puzzle":47,"Shovel":17,"Shuriken":17,"Gambling Chip":46,"Bag of Marbles":41},{"Calipers":20,"Gremlin Horn":14,"Astrolabe":18,"CeramicFish":26,"Vajra":25,"champ:ChampionCrown":0,"downfall:HeartsMalice":0,"Juzu Bracelet":2,"Whetstone":4,"Boot":5,"Akabeko":11,"Calling Bell":9,"CaptainsWheel":4,"Dream Catcher":9,"Nunchaku":14,"Centennial Puzzle":26,"Shovel":9,"Shuriken":9,"Gambling Chip":26,"Bag of Marbles":22},{"Calipers":87,"Gremlin Horn":63,"Astrolabe":79,"CeramicFish":115,"Vajra":111,"champ:ChampionCrown":0,"downfall:HeartsMalice":0,"Juzu Bracelet":2,"Whetstone":4,"Boot":6,"Akabeko":48,"Calling Bell":35,"CaptainsWheel":4,"Dream Catcher":35,"Nunchaku":63,"Centennial Puzzle":115,"Shovel":35,"Shuriken":35,"Gambling Chip":115,"Bag of Marbles":100}]},"card_choices":[{"not_picked":["champ:AdrenalArmor","champ:BerserkerStyle"],"picked":"champ:StanceDance","floor":2.0},{"not_picked":["champ:FocusedGladiator","champ:TornadoPunch"],"picked":"champ:FocusedBerserking","floor":3.0},{"not_picked":["champ:GladiatorsShout","champ:PreciseThrust"],"picked":"champ:BerserkersShout","floor":5.0},{"not_picked":["champ:EnragedBash","champ:Riposte"],"picked":"champ:Duel","floor":6.0},{"not_picked":["champ:Riposte","champ:PerfectForm","champ:TornadoPunch"],"picked":"SKIP","floor":8.0},{"not_picked":["champ:Shatter","champ:FalseCounter"],"picked":"champ:StanceDance","floor":11.0},{"not_picked":["champ:BringItOn","champ:TornadoPunch"],"picked":"champ:AdrenalArmor","floor":13.0},{"not_picked":["champ:FalseCounter","champ:TornadoPunch"],"picked":"champ:BringItOn","floor":15.0},{"not_picked":["champ:StrikeOfGenius","champ:CrownThrow"],"picked":"champ:SwordThrow","floor":16.0},{"not_picked":["champ:Haymaker","champ:RapidStrikes"],"picked":"champ:FightOn","floor":19.0},{"not_picked":["champ:BladeFlurry","champ:SkillfulDodge"],"picked":"champ:GutPunch","floor":22.0},{"not_picked":["champ:ViciousMockery","champ:Encircle","champ:PerfectedStrike+1"],"picked":"SKIP","floor":25.0},{"not_picked":["champ:EnragedBash+1","champ:GladiatorsShout+1"],"picked":"champ:BringItOn+1","floor":26.0},{"not_picked":["champ:PerfectedStrike","champ:TornadoPunch"],"picked":"champ:AdrenalArmor+1","floor":27.0},{"not_picked":["champ:SkillfulDodge","champ:EndlessRage"],"picked":"champ:FocusedBerserking","floor":28.0},{"not_picked":["champ:BladeFlurry+1","champ:TornadoPunch"],"picked":"champ:Backstep","floor":29.0},{"not_picked":["champ:GladiatorsShout","champ:SteelEdge","champ:RapidStrikes"],"picked":"SKIP","floor":31.0},{"not_picked":["champ:HeartStrike","champ:FlashCut+1"],"picked":"champ:DefensiveShout+1","floor":32.0},{"not_picked":["champ:ShieldSlam","champ:ShieldThrow"],"picked":"champ:SwordThrow","floor":33.0},{"not_picked":["champ:TornadoPunch+1","champ:Duel+1"],"picked":"champ:Backstep+1","floor":36},{"not_picked":["champ:BringItOn","champ:FanOfKnives"],"picked":"champ:HoldFirm","floor":38},{"not_picked":["champ:GladiatorsShout+1","champ:RecklessLeap"],"picked":"champ:GutPunch","floor":39},{"not_picked":["champ:Encircle","champ:PerfectedStrike+1"],"picked":"champ:BerserkersShout","floor":40},{"not_picked":["champ:IronFortress+1","champ:BladeFlurry"],"picked":"champ:FaceSlap+1","floor":42},{"not_picked":["expansioncontent:SlimeTackle","expansioncontent:DecasProtection"],"picked":"expansioncontent:DefensiveMode","floor":43},{"not_picked":["champ:ArenaPreparation","champ:ShieldWall+1"],"picked":"champ:GutPunch+1","floor":44},{"not_picked":["champ:Improvising","champ:Lariat"],"picked":"champ:Backstep+1","floor":45},{"not_picked":["champ:DefensiveStyle+1","champ:Lariat"],"picked":"champ:FlashCut+1","floor":46},{"not_picked":["champ:BringItOn","champ:PerfectedStrike+1"],"picked":"champ:AdrenalArmor+1","floor":49}],"player_experience":1120470,"relics_obtained":[{"floor":3.0,"key":"Juzu Bracelet"},{"floor":6.0,"key":"Whetstone"},{"floor":7.0,"key":"CaptainsWheel"},{"floor":17.0,"key":"Dream Catcher"},{"floor":17.0,"key":"Shuriken"},{"floor":17.0,"key":"Shovel"},{"floor":24.0,"key":"Akabeko"},{"floor":38,"key":"Calipers"},{"floor":41,"key":"Bag of Marbles"},{"floor":45,"key":"Vajra"},{"floor":47,"key":"Centennial Puzzle"},{"floor":48,"key":"CeramicFish"}],"event_choices":[{"damage_healed":0.0,"max_hp_gain":0.0,"max_hp_loss":0.0,"gold_gain":0.0,"event_name":"Scrap Ooze","player_choice":"Success","floor":10.0,"gold_loss":0.0,"damage_taken":3.0,"relics_obtained":["Boot"]},{"damage_healed":0.0,"max_hp_gain":0.0,"max_hp_loss":0.0,"gold_gain":0.0,"event_name":"Vampires","player_choice":"Ignored","floor":20.0,"gold_loss":0.0,"damage_taken":0.0},{"damage_healed":0,"gold_gain":0,"player_choice":"Fight","damage_taken":0,"max_hp_gain":0,"max_hp_loss":0,"event_name":"Mysterious Sphere","floor":38,"gold_loss":0}],"is_beta":false,"boss_relics":[{"not_picked":["Velvet Choker","Runic Pyramid"],"picked":"Calling Bell"},{"not_picked":["SacredBark","Sozu"],"picked":"Astrolabe"}],"items_purged_floors":[28,46],"is_endless":false,"potions_floor_spawned":[3,6,8,19,25,26,29,31,39,44,49],"ascension_level":0}}