{"host":"jm9833yuloeli2yd","time":1608690740,"event":{"mods":["AchievementEnabler","BaseMod","Better Altar","Better Match","Better Note","Better Sensory Stone","Better Skull","Better Third Choice","Better Vampires","BetterRewards","Colored Map","Colored Powertips","DeckTracker","Hubris","Marked Mod","Minty Spire (QoL Compilation)","Permanent Neow","Quick Restart","StSLib","SuperFastMode"],"gold_per_floor":[109,123,140,140,157,157,189,139,192,204,204,224,241,258,258,362,362,380,380,389,409,428,428,428],"floor_reached":23,"playtime":783,"items_purged":[],"score":344,"play_id":"9523ca64-7490-43ec-a01e-a6206abe9ce5","local_time":"20201222213220","is_ascension_mode":true,"campfire_choices":[{"data":"LikeWater","floor":6,"key":"SMITH"},{"data":"Wallop","floor":11,"key":"SMITH"},{"data":"Tantrum","floor":15,"key":"SMITH"}],"circlet_count":0,"master_deck":["AscendersBane","Strike_P","Strike_P","Strike_P","Defend_P","Defend_P","Defend_P","Defend_P","Eruption","Vigilance","Fasting2+1","Tantrum+1","Meditate","Consecrate","LikeWater+1","Wallop+1","Blasphemy","Protect","EmptyBody","Devotion","Pain"],"relics":["PureWater","hubris:Metronome","Damaru","VioletLotus","CeramicFish","WarpedTongs"],"acts_visited":["Exordium","TheCity"],"potions_floor_usage":[22,23],"damage_taken":[{"damage":4,"enemies":"Small Slimes","floor":1,"turns":5},{"damage":1,"enemies":"2 Louse","floor":2,"turns":3},{"damage":0,"enemies":"Cultist","floor":3,"turns":2},{"damage":0,"enemies":"Exordium Thugs","floor":5,"turns":3},{"damage":0,"enemies":"Lagavulin","floor":7,"turns":4},{"damage":7,"enemies":"2 Fungi Beasts","floor":10,"turns":4},{"damage":10,"enemies":"3 Louse","floor":12,"turns":3},{"damage":2,"enemies":"Red Slaver","floor":13,"turns":5},{"damage":0,"enemies":"2 Fungi Beasts","floor":14,"turns":4},{"damage":21,"enemies":"Hexaghost","floor":16,"turns":8},{"damage":29,"enemies":"Shell Parasite","floor":18,"turns":7},{"damage":9,"enemies":"Chosen","floor":21,"turns":5},{"damage":6,"enemies":"Centurion and Healer","floor":22,"turns":6},{"damage":32,"enemies":"Gremlin Leader","floor":23,"turns":2}],"seed_played":"-6198544468496528271","potions_obtained":[{"floor":1,"key":"PowerPotion"},{"floor":3,"key":"Dexterity Potion"},{"floor":7,"key":"Regen Potion"}],"is_trial":false,"path_per_floor":["M","M","M","?","M","R","E","?","T","M","R","M","M","M","R","B",null,"M","?","?","M","M","E"],"character_chosen":"WATCHER","items_purchased":[],"campfire_rested":0,"item_purchase_floors":[],"current_hp_per_floor":[61,60,60,60,60,60,60,60,60,53,53,43,41,41,41,20,59,30,30,30,21,29,0,0],"gold":428,"neow_bonus":"THREE_CARDS","is_daily":false,"chose_seed":false,"campfire_upgraded":3,"win_rate":0.0,"timestamp":1608690740,"path_taken":["M","M","M","?","M","R","E","?","T","M","R","M","M","M","R","BOSS","M","?","?","M","?","E"],"items_purchased_type":[],"build_version":"2020-12-13","purchased_purges":0,"victory":false,"max_hp_per_floor":[72,72,72,72,72,72,72,72,72,72,72,72,72,72,72,72,72,72,72,72,72,72,72,72],"card_choices":[{"not_picked":["Halt","FollowUp"],"picked":"Fasting2","floor":0},{"not_picked":["Pray","CarveReality"],"picked":"Tantrum","floor":1},{"not_picked":["FollowUp","ForeignInfluence"],"picked":"Meditate","floor":2},{"not_picked":["Prostrate","BowlingBash"],"picked":"Consecrate","floor":3},{"not_picked":["Consecrate","FlyingSleeves"],"picked":"LikeWater","floor":5},{"not_picked":["BowlingBash","Consecrate"],"picked":"Wallop","floor":7},{"not_picked":["MarkedMod:GentlePulse","Prostrate"],"picked":"Blasphemy","floor":10},{"not_picked":["SandsOfTime","Consecrate"],"picked":"Protect","floor":12},{"not_picked":["MarkedMod:GentlePulse","MarkedMod:FirstStrike"],"picked":"EmptyBody","floor":13},{"not_picked":["SashWhip","EmptyFist","Swivel"],"picked":"SKIP","floor":14},{"not_picked":["MarkedMod:SlowDance","Scrawl"],"picked":"Devotion","floor":16},{"not_picked":["Crescendo+1","EmptyBody+1","FlurryOfBlows"],"picked":"SKIP","floor":18},{"not_picked":["Study","Consecrate","CrushJoints"],"picked":"SKIP","floor":21},{"not_picked":["CrushJoints","Sanctity","CutThroughFate"],"picked":"SKIP","floor":22}],"player_experience":1154563,"relics_obtained":[{"floor":7,"key":"hubris:Metronome"},{"floor":9,"key":"Damaru"}],"event_choices":[{"damage_healed":0,"gold_gain":0,"player_choice":"Grow","damage_taken":0,"max_hp_gain":0,"max_hp_loss":0,"event_name":"Living Wall","floor":4,"gold_loss":0,"cards_upgraded":["Fasting2"]},{"cards_removed":["Strike_P"],"damage_healed":0,"gold_gain":0,"player_choice":"Card Removal","damage_taken":0,"max_hp_gain":0,"max_hp_loss":0,"event_name":"The Cleric","floor":8,"gold_loss":50},{"damage_healed":0,"gold_gain":0,"player_choice":"Opened","damage_taken":0,"relics_obtained":["CeramicFish"],"max_hp_gain":0,"max_hp_loss":0,"event_name":"The Mausoleum","floor":19,"gold_loss":0},{"damage_healed":0,"gold_gain":0,"player_choice":"Rummage","damage_taken":0,"relics_obtained":["WarpedTongs"],"max_hp_gain":0,"max_hp_loss":0,"event_name":"Accursed Blacksmith","floor":20,"gold_loss":0,"cards_obtained":["Pain"]}],"is_beta":false,"boss_relics":[{"not_picked":["Sozu","Cursed Key"],"picked":"VioletLotus"}],"items_purged_floors":[],"is_endless":false,"potions_floor_spawned":[1,3,7,10,18],"killed_by":"Gremlin Leader","ascension_level":11}}