{"host":"9ndbo4kgsfoemf7y","time":1608727135,"event":{"mods":["AchievementEnabler","BaseMod","Colored Map","DeckTracker","Keyboard Shortcuts","Minty Spire (QoL Compilation)","Permanent Neow","Quick Restart","Relic Stats","StSLib","SuperFastMode"],"gold_per_floor":[116,136,61,72,83,108,108,124,147,147,72,47,47,101,101,101,101],"floor_reached":16,"playtime":367,"items_purged":["Strike_G"],"score":199,"play_id":"840a672b-687f-4150-8852-3311019d2d4c","local_time":"20201223213855","is_ascension_mode":true,"campfire_choices":[{"data":"Cloak And Dagger","floor":7.0,"key":"SMITH"},{"data":"Cloak And Dagger","floor":10.0,"key":"SMITH"},{"data":"Neutralize","floor":13.0,"key":"SMITH"},{"data":"A Thousand Cuts","floor":15.0,"key":"SMITH"}],"circlet_count":0,"master_deck":["AscendersBane","Strike_G","Strike_G","Strike_G","Defend_G","Defend_G","Defend_G","Defend_G","Defend_G","Survivor","Neutralize+1","Cloak And Dagger+1","All Out Attack","Dagger Spray","A Thousand Cuts+1","Cloak And Dagger+1","Tactician"],"relics":["Runic Dome","Eternal Feather","Tiny Chest","Happy Flower"],"acts_visited":["Exordium"],"potions_floor_usage":[],"damage_taken":[{"damage":1.0,"enemies":"Cultist","floor":1.0,"turns":5.0},{"damage":0.0,"enemies":"Small Slimes","floor":2.0,"turns":4.0},{"damage":1.0,"enemies":"Jaw Worm","floor":4.0,"turns":4.0},{"damage":3.0,"enemies":"Looter","floor":5.0,"turns":3.0},{"damage":29.0,"enemies":"3 Sentries","floor":6.0,"turns":7.0},{"damage":18.0,"enemies":"Red Slaver","floor":8.0,"turns":4.0},{"damage":0.0,"enemies":"Exordium Thugs","floor":12.0,"turns":4.0},{"damage":43,"enemies":"The Guardian","floor":16,"turns":6}],"seed_played":"-147337039698570133","potions_obtained":[{"floor":1.0,"key":"EssenceOfSteel"},{"floor":2.0,"key":"LiquidBronze"},{"floor":6.0,"key":"GhostInAJar"}],"is_trial":false,"path_per_floor":["M","M","$","M","M","E","R","M","T","R","?","M","R","T","R","B"],"character_chosen":"THE_SILENT","items_purchased":[],"campfire_rested":0,"item_purchase_floors":[],"current_hp_per_floor":[58,58,58,57,54,25,34,16,16,25,25,25,34,34,43,0,0],"gold":101,"neow_bonus":"BOSS_RELIC","is_daily":false,"chose_seed":false,"campfire_upgraded":4,"win_rate":0.0,"timestamp":1608727135,"path_taken":["M","M","$","?","M","E","R","M","T","R","?","M","R","?","R","BOSS"],"items_purchased_type":[],"build_version":"2020-12-22","purchased_purges":1,"victory":false,"max_hp_per_floor":[66,66,66,66,66,66,66,66,66,66,66,66,66,66,66,66,66],"relic_stats":{"Happy Flower":[2],"counters":[8,37],"Eternal Feather":36,"Tiny Chest":0,"obtain_stats":[{"Runic Dome":0,"Happy Flower":14,"Eternal Feather":6,"Tiny Chest":9,"Ring of the Snake":0},{"Runic Dome":0,"Happy Flower":7,"Eternal Feather":5,"Tiny Chest":6,"Ring of the Snake":0},{"Runic Dome":0,"Happy Flower":31,"Eternal Feather":23,"Tiny Chest":27,"Ring of the Snake":0}]},"card_choices":[{"not_picked":["Riddle With Holes","Leg Sweep"],"picked":"Cloak And Dagger","floor":1.0},{"not_picked":["Poisoned Stab","Deflect"],"picked":"All Out Attack","floor":2.0},{"not_picked":["Caltrops","Acrobatics"],"picked":"Dagger Spray","floor":4.0},{"not_picked":["Masterful Stab","Flying Knee","Setup"],"picked":"SKIP","floor":5.0},{"not_picked":["Bullet Time","Caltrops"],"picked":"A Thousand Cuts","floor":6.0},{"not_picked":["Backflip","Quick Slash"],"picked":"Cloak And Dagger","floor":8.0},{"not_picked":["Catalyst","Underhanded Strike"],"picked":"Tactician","floor":12.0}],"player_experience":736098,"relics_obtained":[{"floor":6.0,"key":"Eternal Feather"},{"floor":9.0,"key":"Tiny Chest"},{"floor":14.0,"key":"Happy Flower"}],"event_choices":[{"cards_removed":["Strike_G"],"damage_healed":0.0,"max_hp_gain":0.0,"max_hp_loss":0.0,"gold_gain":0.0,"event_name":"The Cleric","player_choice":"Card Removal","floor":11.0,"gold_loss":75.0,"damage_taken":0.0}],"is_beta":false,"boss_relics":[],"items_purged_floors":[3],"is_endless":false,"potions_floor_spawned":[1,2,6,12],"killed_by":"The Guardian","ascension_level":19}}