{"host":"08z5bj28eube4vug","time":1608705002,"event":{"mods":["2.2 Compatiblity","Abigail Mod","Act Like it!","BaseMod","Beaked The Cultist","Bestiary","Friendly Minions","Gensokyo","GungeonMod","Hallownest","Kiyohime????","Koishi","Lobotomy","Marisa????????","Minty Spire (QoL Compilation)","Prisma Mod","Remilia??????","Replay The Spire","StSLib","Td1madao Mod","The Alterego","The Bug Knight","The Jungle","The Sage","The Senshi","The Servant 0.9.4","Waifu the Spire","WarShipGirlsR/????R mod","Yuri Mod"],"gold_per_floor":[116,134,134,10,20,20,46,56,127,227,247,264,298,311,311,409,709,720,420,430,430,430,464,464,480,503,483,70,70,98,117,117,216,216,226,245,299,299,318,352,352,380,457,457,482,482,40,72,72,72],"floor_reached":51,"playtime":6005,"items_purged":["Regret","Replay:Hysterical Blindness","CommonCold"],"score":1049,"play_id":"4763236f-199f-4cc7-bed8-983de4b46cb0","local_time":"20201223093002","is_ascension_mode":true,"campfire_choices":[{"data":"alterego_mod:Mirror","floor":6.0,"key":"SMITH"},{"data":"alterego_mod:Nekomimi","floor":15.0,"key":"SMITH"},{"floor":24.0,"key":"REST"},{"data":"alterego_mod:1TonWallop","floor":29.0,"key":"SMITH"},{"floor":32.0,"key":"REST"},{"data":"alterego_mod:TrickOrTreatment","floor":41,"key":"SMITH"},{"data":"alterego_mod:Impale","floor":44,"key":"SMITH"},{"data":"alterego_mod:BrynhildrsRune","floor":49,"key":"SMITH"}],"circlet_count":0,"master_deck":["alterego_mod:Strike+1","alterego_mod:Strike","alterego_mod:Strike","alterego_mod:Strike","alterego_mod:Defend","alterego_mod:Defend","alterego_mod:Defend","alterego_mod:Defend","alterego_mod:Impale+1","alterego_mod:BigMeatyClaws+1","alterego_mod:BrynhildrsRune+1","alterego_mod:Cooking","alterego_mod:Lingerie","alterego_mod:Mirror+1","alterego_mod:Nekomimi+1","alterego_mod:Undulate","alterego_mod:1TonWallop+1","alterego_mod:STier+1","alterego_mod:Pet","alterego_mod:TrickOrTreatment+1","AbeCurse","alterego_mod:BiFurious","alterego_mod:Mirror+1","Swift Strike","alterego_mod:Birthday","alterego_mod:Exercise+1","alterego_mod:Undulate+1","alterego_mod:Cooking+1","alterego_mod:Birthday","Writhe","alterego_mod:Cushion+1","alterego_mod:Weigh+1","alterego_mod:Skirt+1","alterego_mod:IndependentAction","alterego_mod:Pet+1"],"relics":["alterego_mod:MasochisticConstitution","DemoMod:JetPack","sagemod:Red_Beast_Statue","Ornamental Fan","Sundial","Replay:Ancient Bell","ReplayTheSpireMod:TigerMarble","beaked:ShinyBauble","Old Coin","Replay:Mystery Machine","Replay:Baseball","DemoMod:WhiteGuonStone","Chemical X","Pet Ghost","Toy Ornithopter","Black Star","DemoMod:VorpalBullet","theSenshi:SailorFukuRelic","Pen Nib","DemoMod:AgedBell","Juzu Bracelet","Blue Candle","Molten Egg 2","Bag of Preparation","Snack Pack","Bronze Scales","Guide Book","Question Card","Whetstone"],"acts_visited":["Exordium","TheCity","TheBeyond"],"potions_floor_usage":[37,40,40,47,48],"damage_taken":[{"damage":2.0,"enemies":"2 Louse","floor":1.0,"turns":2.0},{"damage":3.0,"enemies":"Cultist","floor":2.0,"turns":3.0},{"damage":8.0,"enemies":"Small Slimes","floor":5.0,"turns":3.0},{"damage":17.0,"enemies":"3 Sentries","floor":7.0,"turns":4.0},{"damage":13.0,"enemies":"Exordium Thugs","floor":8.0,"turns":4.0},{"damage":2.0,"enemies":"Looter","floor":11.0,"turns":4.0},{"damage":0.0,"enemies":"Exordium Wildlife","floor":12.0,"turns":1.0},{"damage":11.0,"enemies":"Lagavulin","floor":13.0,"turns":7.0},{"damage":7.0,"enemies":"Red Slaver","floor":14.0,"turns":5.0},{"damage":28.0,"enemies":"Fading Forest","floor":16.0,"turns":11.0},{"damage":4.0,"enemies":"3 Byrds","floor":18.0,"turns":4.0},{"damage":37.0,"enemies":"Cultist and Chosen","floor":20.0,"turns":7.0},{"damage":36.0,"enemies":"Chosen and Byrds","floor":21.0,"turns":6.0},{"damage":21.0,"enemies":"Replay:Snechameleon","floor":23.0,"turns":11.0},{"damage":16.0,"enemies":"Snake Plant","floor":25.0,"turns":4.0},{"damage":8.0,"enemies":"Slavers","floor":30.0,"turns":4.0},{"damage":11.0,"enemies":"Centurion and Healer","floor":31.0,"turns":4.0},{"damage":10.0,"enemies":"Collector","floor":33.0,"turns":7.0},{"damage":34,"enemies":"3 Shapes","floor":35,"turns":6},{"damage":38,"enemies":"3 Darklings","floor":36,"turns":4},{"damage":17,"enemies":"2 Orb Walkers","floor":37,"turns":5},{"damage":23,"enemies":"Maw","floor":39,"turns":6},{"damage":22,"enemies":"beaked:SuperParasite","floor":40,"turns":8},{"damage":20,"enemies":"Giant Head","floor":42,"turns":5},{"damage":34,"enemies":"beaked:SuperParasite","floor":45,"turns":8},{"damage":2,"enemies":"Giant Head","floor":48,"turns":6},{"damage":45,"enemies":"Time Eater","floor":50,"turns":8}],"seed_played":"127542127378108777","potions_obtained":[{"floor":2.0,"key":"Elixir"},{"floor":7.0,"key":"Fire Potion"},{"floor":12.0,"key":"SmokeBomb"},{"floor":13.0,"key":"SkillPotion"},{"floor":16.0,"key":"sagemod:Wine"},{"floor":20.0,"key":"BlessingOfTheForge"},{"floor":27.0,"key":"FearPotion"},{"floor":33.0,"key":"sagemod:Wine"},{"floor":35,"key":"FearPotion"},{"floor":39,"key":"DistilledChaos"}],"is_trial":false,"path_per_floor":["M","M","?","$","M","R","E","M","T","?","M","M","E","M","R","B",null,"M","$","M","M","?","E","R","M","T","?","$","R","E","M","R","B",null,"M","M","?","?","M","E","R","E","T","R","E","T","$","E","R","B",null],"character_chosen":"The_Alterego","items_purchased":["AttackPotion","Replay:Mystery Machine","alterego_mod:BiFurious","Chemical X","Pet Ghost","Languid Potion","Bronze Scales","Guide Book","LiquidMemories","ColorlessPotion","alterego_mod:IndependentAction"],"campfire_rested":2,"item_purchase_floors":[4,19,19,28,28,28,47,47,47,47,47],"current_hp_per_floor":[69,70,70,70,73,73,60,58,58,58,67,67,67,64,64,47,79,76,76,44,12,12,12,36,24,24,24,24,24,22,17,42,38,87,77,45,45,68,57,57,57,52,52,52,30,30,30,69,69,47],"gold":72,"neow_bonus":"UPGRADE_CARD","is_daily":false,"chose_seed":false,"campfire_upgraded":6,"win_rate":0.0,"timestamp":1608705002,"path_taken":["M","M","?","$","M","R","E","M","T","?","?","M","E","M","R","BOSS","M","$","M","M","?","E","R","?","T","?","$","R","E","M","R","BOSS","M","M","?","?","M","E","R","E","T","R","E","?","$","E","R","BOSS"],"items_purchased_type":["Potion","Relic","Card","Relic","Relic","Potion","Relic","Relic","Potion","Potion","Card"],"build_version":"2020-12-22","purchased_purges":3,"victory":true,"max_hp_per_floor":[71,72,72,72,73,73,74,75,75,75,76,76,77,78,78,79,79,80,80,81,82,82,83,83,84,84,84,84,84,85,86,86,87,87,88,89,90,90,91,92,92,93,93,93,94,94,94,95,95,96],"card_choices":[{"not_picked":["alterego_mod:BoobPocket","alterego_mod:PerceptionDisorder"],"picked":"alterego_mod:Cooking","floor":1.0},{"not_picked":["alterego_mod:DiscoLights","alterego_mod:Punishment"],"picked":"alterego_mod:Lingerie","floor":2.0},{"not_picked":["alterego_mod:TrashNCrash","alterego_mod:GoddessCore"],"picked":"alterego_mod:Mirror","floor":5.0},{"not_picked":["alterego_mod:BrynhildrRomantia","alterego_mod:Belts"],"picked":"alterego_mod:Nekomimi","floor":7.0},{"not_picked":["alterego_mod:TrashNCrash","alterego_mod:DeftHands"],"picked":"alterego_mod:Undulate","floor":8.0},{"not_picked":["alterego_mod:SuperDuperMasochism","alterego_mod:1TonWallop","alterego_mod:Maid"],"picked":"SKIP","floor":11.0},{"not_picked":["alterego_mod:SuperDuperMasochism","alterego_mod:Maid"],"picked":"alterego_mod:1TonWallop","floor":11.0},{"not_picked":["alterego_mod:Valentines","alterego_mod:TrashNCrash","alterego_mod:RidiculouslyBig"],"picked":"SKIP","floor":12.0},{"not_picked":["alterego_mod:HighServant","alterego_mod:SuperDuperMasochism"],"picked":"alterego_mod:STier","floor":13.0},{"not_picked":["alterego_mod:Collar","alterego_mod:Smother"],"picked":"alterego_mod:Pet","floor":14.0},{"not_picked":["alterego_mod:Valkyrie","alterego_mod:STier"],"picked":"alterego_mod:TrickOrTreatment","floor":16.0},{"not_picked":["Overencumbered","Envy_TH"],"picked":"CommonCold","floor":17.0},{"not_picked":["Lust_TH","Greed_TH"],"picked":"AbeCurse","floor":17.0},{"not_picked":["Spreading Infection","Amnesia"],"picked":"Replay:Hysterical Blindness","floor":17.0},{"not_picked":["alterego_mod:SuperDuperMasochism+1","alterego_mod:IdEs","alterego_mod:Punishment+1"],"picked":"SKIP","floor":18.0},{"not_picked":["alterego_mod:MagicResistance","alterego_mod:Undulate"],"picked":"alterego_mod:Mirror+1","floor":20.0},{"not_picked":["alterego_mod:DustData","alterego_mod:GachaTicket","alterego_mod:Punishment+1"],"picked":"SKIP","floor":23.0},{"not_picked":["alterego_mod:Rip","alterego_mod:Bounce"],"picked":"alterego_mod:Birthday","floor":25.0},{"not_picked":["alterego_mod:DustData","alterego_mod:Crossover","alterego_mod:GachaTicket"],"picked":"SKIP","floor":30.0},{"not_picked":["alterego_mod:Collar","alterego_mod:BreastValley"],"picked":"alterego_mod:Exercise","floor":31.0},{"not_picked":["alterego_mod:Nekomimi","alterego_mod:Rip"],"picked":"alterego_mod:Undulate+1","floor":35},{"not_picked":["alterego_mod:Clones","alterego_mod:MaintainEyeContact"],"picked":"alterego_mod:Cooking+1","floor":36},{"not_picked":["alterego_mod:BoobPocket+1","alterego_mod:Cycle"],"picked":"alterego_mod:Birthday","floor":37},{"not_picked":["alterego_mod:TrashNCrash","alterego_mod:PerceptionDisorder","alterego_mod:Tantrum"],"picked":"SKIP","floor":39},{"not_picked":["alterego_mod:Cooking+1","alterego_mod:TrashNCrash+1"],"picked":"alterego_mod:Cushion+1","floor":40},{"not_picked":["alterego_mod:Jiggle+1","alterego_mod:Mirror"],"picked":"alterego_mod:Weigh","floor":42},{"not_picked":["alterego_mod:Lingerie+1","alterego_mod:Palingenesis"],"picked":"alterego_mod:Skirt+1","floor":45},{"not_picked":["alterego_mod:Undulate","alterego_mod:Rip"],"picked":"alterego_mod:Pet+1","floor":48}],"player_experience":711955,"relics_obtained":[{"floor":7.0,"key":"sagemod:Red_Beast_Statue"},{"floor":9.0,"key":"Ornamental Fan"},{"floor":13.0,"key":"Sundial"},{"floor":23.0,"key":"Replay:Baseball"},{"floor":26.0,"key":"DemoMod:WhiteGuonStone"},{"floor":30.0,"key":"Toy Ornithopter"},{"floor":37,"key":"DemoMod:VorpalBullet"},{"floor":40,"key":"theSenshi:SailorFukuRelic"},{"floor":40,"key":"Pen Nib"},{"floor":42,"key":"DemoMod:AgedBell"},{"floor":42,"key":"Juzu Bracelet"},{"floor":43,"key":"Blue Candle"},{"floor":45,"key":"Molten Egg 2"},{"floor":45,"key":"DemoMod:WeirdEgg"},{"floor":46,"key":"Snack Pack"},{"floor":48,"key":"Question Card"},{"floor":48,"key":"Whetstone"}],"event_choices":[{"damage_healed":0.0,"max_hp_gain":0.0,"max_hp_loss":0.0,"gold_gain":0.0,"event_name":"Big Fish","player_choice":"Box","floor":3.0,"gold_loss":0.0,"damage_taken":0.0,"relics_obtained":["DemoMod:JetPack"],"cards_obtained":["Regret"]},{"damage_healed":0.0,"max_hp_gain":0.0,"max_hp_loss":0.0,"gold_gain":100.0,"event_name":"Golden Shrine","player_choice":"Pray","floor":10.0,"gold_loss":0.0,"damage_taken":0.0},{"damage_healed":0.0,"max_hp_gain":0.0,"max_hp_loss":0.0,"gold_gain":0.0,"event_name":"Match and Keep!","player_choice":"1 cards matched","floor":22.0,"gold_loss":0.0,"damage_taken":0.0,"cards_obtained":["Swift Strike"]},{"damage_healed":0.0,"max_hp_gain":0.0,"max_hp_loss":0.0,"gold_gain":0.0,"event_name":"The Woman in Blue","player_choice":"Bought 1 Potion","floor":27.0,"gold_loss":0.0,"damage_taken":0.0},{"damage_healed":0,"gold_gain":0,"player_choice":"Fight","damage_taken":0,"max_hp_gain":0,"max_hp_loss":0,"event_name":"Mysterious Sphere","floor":37,"gold_loss":0},{"damage_healed":23,"gold_gain":0,"player_choice":"Writhe","damage_taken":0,"max_hp_gain":0,"max_hp_loss":0,"event_name":"Winding Halls","floor":38,"gold_loss":0,"cards_obtained":["Writhe"]}],"is_beta":false,"boss_relics":[{"not_picked":["Replay:Drink Me","Snecko Eye"],"picked":"Replay:Ancient Bell"},{"not_picked":["DemoMod:LamentConfigurum","Orichalcum"],"picked":"ReplayTheSpireMod:TigerMarble"},{"not_picked":["Replay:Bottled Steam","Frozen Egg 2"],"picked":"beaked:ShinyBauble"},{"not_picked":["Replay:Towering Pillar of Hats","DemoMod:Antibody"],"picked":"Old Coin"},{"not_picked":["Honey Jar","Calling Bell"],"picked":"Black Star"}],"items_purged_floors":[4,19,28],"is_endless":false,"potions_floor_spawned":[2,7,12,13,16,20,21,33,35,39],"ascension_level":2}}