{"host":"so437kwitdq4epbi","time":1608744913,"event":{"mods":["AchievementEnabler","BaseMod","Decade(王小明)","Lobotomy","LobotomyExtend","Minty Spire (QoL Compilation)","Quick Restart","Replay The Spire","StSLib","The Administrix","Yuyuko","[IsaacMod]以撒尖塔","vexMod"],"gold_per_floor":[136,147,42,42,67,96,115,115,115,126,126,8,18,32,32,32,32],"floor_reached":16,"playtime":1608,"items_purged":[],"score":104,"play_id":"876cc1c4-89e8-46d1-a5af-5b2a07cc9f37","local_time":"20201224013513","is_ascension_mode":false,"campfire_choices":[{"floor":11,"key":"RECALL"},{"floor":15,"key":"REST"}],"circlet_count":0,"master_deck":["AdministrixMod:Strike_Administrix","AdministrixMod:Strike_Administrix","AdministrixMod:Strike_Administrix","AdministrixMod:Strike_Administrix","AdministrixMod:RedCloak","AdministrixMod:Defend_Administrix","AdministrixMod:Defend_Administrix","AdministrixMod:Defend_Administrix","AdministrixMod:Defend_Administrix","AdministrixMod:BlueCloak","BettingIsNotGood","AdministrixMod:LightOfYourLife","AdministrixMod:ChooseYourEnd","AdministrixMod:ArmillarySphere","AdministrixMod:JustRewards","AdministrixMod:ShadowPlay","AdministrixMod:BishamonBlessing","AdministrixMod:FuneraryRites","AdministrixMod:RisingSunPrince","AdministrixMod:Convergence","AdministrixMod:Mastermind+1","AdministrixMod:FiendishCrimson","AdministrixMod:NewbornDivinity"],"relics":["AdministrixMod:ConductorRitualBaton","HushsDoor","Chaos","LetterFromLob","TheBean"],"acts_visited":["Exordium"],"potions_floor_usage":[],"damage_taken":[{"damage":0,"enemies":"Small Slimes","floor":1,"turns":4},{"damage":3,"enemies":"2 Louse","floor":2,"turns":3},{"damage":0,"enemies":"Cultist","floor":5,"turns":3},{"damage":34,"enemies":"Lagavulin","floor":6,"turns":8},{"damage":11,"enemies":"Red Slaver","floor":7,"turns":4},{"damage":2,"enemies":"2 Fungi Beasts","floor":10,"turns":3},{"damage":7,"enemies":"Exordium Wildlife","floor":13,"turns":4},{"damage":4,"enemies":"Looter","floor":14,"turns":3},{"damage":0,"enemies":"Slime Boss","floor":16,"turns":4}],"seed_played":"5855721914807823181","potions_obtained":[{"floor":6,"key":"Energy Potion"},{"floor":7,"key":"Swift Potion"},{"floor":13,"key":"SpeedPotion"}],"is_trial":false,"path_per_floor":["M","M","$","M","M","E","M","?","T","M","R","$","M","M","R","B"],"character_chosen":"TheAdministrix","items_purchased":["AdministrixMod:JustRewards","AdministrixMod:ShadowPlay","AdministrixMod:Mastermind+1"],"campfire_rested":1,"item_purchase_floors":[3,3,12],"current_hp_per_floor":[65,62,62,62,62,28,22,22,22,20,20,20,18,19,38,42,42],"gold":32,"neow_bonus":"THREE_CARDS","is_daily":false,"chose_seed":false,"campfire_upgraded":0,"win_rate":0.0,"timestamp":1608744913,"path_taken":["M","M","$","M","M","E","M","?","T","?","R","?","M","M","R","BOSS"],"items_purchased_type":["Card","Card","Card"],"build_version":"2020-12-22","purchased_purges":0,"victory":false,"max_hp_per_floor":[65,65,65,65,65,65,65,65,65,65,65,65,65,65,65,65,65],"card_choices":[{"not_picked":[],"picked":"BettingIsNotGood","floor":0},{"not_picked":["AdministrixMod:NoblePath","AdministrixMod:BloodBargain"],"picked":"AdministrixMod:LightOfYourLife","floor":0},{"not_picked":["AdministrixMod:NewWardrobe","AdministrixMod:FuneraryRites"],"picked":"AdministrixMod:ChooseYourEnd","floor":1},{"not_picked":["AdministrixMod:ChooseYourEnd","AdministrixMod:FiendishCrimson"],"picked":"AdministrixMod:ArmillarySphere","floor":2},{"not_picked":["AdministrixMod:LightOfYourLife","AdministrixMod:ShadowPlay"],"picked":"AdministrixMod:BishamonBlessing","floor":5},{"not_picked":["AdministrixMod:ExtolVirtue","AdministrixMod:RegentEdict"],"picked":"AdministrixMod:FuneraryRites","floor":6},{"not_picked":["AdministrixMod:ImmortalPurity","AdministrixMod:RegentEdict"],"picked":"AdministrixMod:RisingSunPrince","floor":7},{"not_picked":["AdministrixMod:DiversionaryTactic","AdministrixMod:ChooseYourEnd"],"picked":"AdministrixMod:Convergence","floor":10},{"not_picked":["AdministrixMod:LightOfYourLife","AdministrixMod:XianArts"],"picked":"AdministrixMod:FiendishCrimson","floor":13},{"not_picked":["AdministrixMod:QuietConspiracy","AdministrixMod:PassageOfAges"],"picked":"AdministrixMod:NewbornDivinity","floor":14}],"player_experience":60793,"relics_obtained":[{"floor":1,"key":"LetterFromLob"},{"floor":6,"key":"TheBean"}],"event_choices":[{"damage_healed":0,"gold_gain":0,"player_choice":"Ignored","damage_taken":0,"max_hp_gain":0,"max_hp_loss":0,"event_name":"Liars Game","floor":8,"gold_loss":0}],"is_beta":false,"boss_relics":[],"items_purged_floors":[],"is_endless":false,"potions_floor_spawned":[6,7,13],"killed_by":"Slime Boss","ascension_level":0}}