{"host":"i0avyit1s6jb1siw","time":1608727336,"event":{"mods":["BaseMod","DeckTracker","Dota2Spire","Highlight Path","Minty Spire (QoL Compilation)","Quick Restart","Replay The Spire","StSLib","SuperFastMode"],"gold_per_floor":[113,38,38,38,83,83,115,134,134,134,146,161,192,92,92,92,92],"floor_reached":16,"playtime":270,"items_purged":["Bash","Defend_R"],"score":216,"play_id":"e075f9fd-af15-4034-b6dd-9fe625644421","local_time":"20201223134216","is_ascension_mode":true,"campfire_choices":[{"data":"Uppercut","floor":6,"key":"SMITH"},{"floor":10,"key":"REST"},{"floor":15,"key":"REST"}],"circlet_count":0,"master_deck":["AscendersBane","Strike_R","Strike_R","Strike_R","Defend_R","Defend_R","Defend_R","Uppercut+1","Shrug It Off","Armaments","Wild Strike","Flame Barrier"],"relics":["Burning Blood","Dota2Spire:BlackKingBar","WingedGreaves","Du-Vu Doll"],"acts_visited":["Exordium"],"potions_floor_usage":[7,13,16],"damage_taken":[{"damage":0,"enemies":"2 Louse","floor":1,"turns":3},{"damage":70,"enemies":"3 Sentries","floor":7,"turns":14},{"damage":4,"enemies":"Jaw Worm","floor":8,"turns":3},{"damage":3,"enemies":"Cultist","floor":11,"turns":5},{"damage":3,"enemies":"Looter","floor":12,"turns":3},{"damage":29,"enemies":"Lagavulin","floor":13,"turns":7},{"damage":43,"enemies":"The Guardian","floor":16,"turns":11}],"seed_played":"-4096668970228072002","potions_obtained":[{"floor":1,"key":"SpeedPotion"},{"floor":7,"key":"Swift Potion"},{"floor":8,"key":"Explosive Potion"}],"is_trial":false,"path_per_floor":["M","$","?","?","T","R","E","M","T","R","M","M","E","$","R","B"],"character_chosen":"IRONCLAD","items_purchased":[],"campfire_rested":2,"item_purchase_floors":[],"current_hp_per_floor":[74,74,79,72,72,72,8,10,10,34,37,40,17,17,41,0,0],"gold":92,"neow_bonus":"REMOVE_CARD","is_daily":false,"chose_seed":false,"campfire_upgraded":1,"win_rate":0.0,"timestamp":1608727336,"path_taken":["M","$","?","?","?","R","E","M","T","R","M","?","E","$","R","BOSS"],"items_purchased_type":[],"build_version":"2020-12-22","purchased_purges":2,"victory":false,"max_hp_per_floor":[75,75,80,80,80,80,80,80,80,80,80,80,80,80,80,80,80],"card_choices":[{"not_picked":["Sever Soul","Twin Strike"],"picked":"Uppercut","floor":1},{"not_picked":["Flex","Seeing Red"],"picked":"Shrug It Off","floor":7},{"not_picked":["Thunderclap","ReplayTheSpireMod:Limb From Limb"],"picked":"Armaments","floor":8},{"not_picked":["Dual Wield","Thunderclap","Twin Strike"],"picked":"SKIP","floor":11},{"not_picked":["ReplayTheSpireMod:Strike From Hell","Body Slam"],"picked":"Wild Strike","floor":12},{"not_picked":["Berserk","Cleave"],"picked":"Flame Barrier","floor":13}],"player_experience":2109411,"relics_obtained":[{"floor":7,"key":"Dota2Spire:BlackKingBar"},{"floor":9,"key":"WingedGreaves"},{"floor":13,"key":"Du-Vu Doll"}],"event_choices":[{"damage_healed":0,"gold_gain":0,"player_choice":"Donut","damage_taken":0,"max_hp_gain":5,"max_hp_loss":0,"event_name":"Big Fish","floor":3,"gold_loss":0},{"cards_removed":["Strike_R"],"damage_healed":0,"gold_gain":0,"player_choice":"Card Removal","damage_taken":7,"max_hp_gain":0,"max_hp_loss":0,"event_name":"Golden Wing","floor":4,"gold_loss":0}],"is_beta":false,"boss_relics":[],"items_purged_floors":[2,14],"is_endless":false,"potions_floor_spawned":[1,7,8],"killed_by":"The Guardian","ascension_level":20}}