{"host":"3jpwrwmmgyabjceh","time":1608730977,"event":{"mods":["AchievementEnabler","BaseMod","Colored Map","Colored Powertips","Highlight Path","Minty Spire (QoL Compilation)","Quick Restart","StSLib"],"gold_per_floor":[118,138,138,162,180,180,214,237,263,263,48,48,48,88,88,213,213,186,186,207,225,225,225,225,225],"floor_reached":24,"playtime":865,"items_purged":["Strike_R"],"score":258,"play_id":"67277e16-a700-415b-9350-c6bd977f8823","local_time":"20201223164257","is_ascension_mode":true,"campfire_choices":[{"data":"Bash","floor":6,"key":"SMITH"},{"floor":10,"key":"REST"},{"floor":15,"key":"REST"},{"floor":23,"key":"REST"}],"circlet_count":0,"master_deck":["Strike_R","Strike_R","Defend_R","Defend_R","Defend_R","Defend_R","Bash+1","Cleave","Searing Blow","Shrug It Off+1","Impervious+1","Bloodletting+1","Battle Trance+1","Barricade","CurseOfTheBell","True Grit+1"],"relics":["Burning Blood","PreservedInsect","Golden Idol","Toxic Egg 2","Strawberry","Regal Pillow","Calling Bell","Pen Nib","Darkstone Periapt","CaptainsWheel","Nilry\u0027s Codex"],"acts_visited":["Exordium","TheCity"],"potions_floor_usage":[5,7,16,16,20],"damage_taken":[{"damage":8.0,"enemies":"Jaw Worm","floor":1.0,"turns":4.0},{"damage":3.0,"enemies":"2 Louse","floor":2.0,"turns":2.0},{"damage":12.0,"enemies":"Small Slimes","floor":4.0,"turns":4.0},{"damage":9,"enemies":"Red Slaver","floor":5,"turns":3},{"damage":27,"enemies":"Lagavulin","floor":7,"turns":5},{"damage":26,"enemies":"Large Slime","floor":8,"turns":7},{"damage":23,"enemies":"3 Sentries","floor":14,"turns":6},{"damage":51,"enemies":"Slime Boss","floor":16,"turns":13},{"damage":26,"enemies":"2 Thieves","floor":18,"turns":5},{"damage":0,"enemies":"Spheric Guardian","floor":20,"turns":11},{"damage":13,"enemies":"Snake Plant","floor":21,"turns":6},{"damage":77,"enemies":"Slavers","floor":24,"turns":4}],"seed_played":"3737923748453408811","potions_obtained":[{"floor":2.0,"key":"EssenceOfSteel"},{"floor":4.0,"key":"LiquidMemories"},{"floor":8,"key":"Weak Potion"},{"floor":14,"key":"Ancient Potion"},{"floor":18,"key":"Block Potion"}],"is_trial":false,"path_per_floor":["M","M","?","M","M","R","E","M","T","R","$","?","?","E","R","B",null,"M","?","M","M","?","R","E"],"character_chosen":"IRONCLAD","items_purchased":["Impervious+1"],"campfire_rested":3,"item_purchase_floors":[11],"current_hp_per_floor":[78,80,60,54,51,51,30,10,10,34,34,38,38,21,62,17,70,50,34,40,33,33,74,0,0],"gold":225,"neow_bonus":"RANDOM_COMMON_RELIC","is_daily":false,"chose_seed":false,"campfire_upgraded":1,"win_rate":0.0,"timestamp":1608730977,"path_taken":["M","M","?","M","M","R","E","M","T","R","$","?","?","E","R","BOSS","M","?","M","M","?","R","E"],"items_purchased_type":["Card"],"build_version":"2020-12-22","purchased_purges":1,"victory":false,"max_hp_per_floor":[80,80,80,80,80,80,80,80,80,80,80,87,87,87,87,87,87,87,87,87,87,87,87,87,87],"card_choices":[{"not_picked":["Wild Strike","Clash","Sword Boomerang"],"picked":"SKIP","floor":1.0},{"not_picked":["Perfected Strike","Wild Strike","Combust"],"picked":"SKIP","floor":2.0},{"not_picked":["Rage","Bloodletting","Intimidate"],"picked":"SKIP","floor":4.0},{"not_picked":["Headbutt","Twin Strike"],"picked":"Cleave","floor":5},{"not_picked":["Carnage","Heavy Blade"],"picked":"Searing Blow","floor":7},{"not_picked":["Pommel Strike","Heavy Blade"],"picked":"Shrug It Off+1","floor":8},{"not_picked":["Fire Breathing","Sword Boomerang"],"picked":"Battle Trance+1","floor":14},{"not_picked":["Double Tap+1","Reaper"],"picked":"Barricade","floor":16},{"not_picked":["Perfected Strike","Clothesline"],"picked":"True Grit+1","floor":18},{"not_picked":["Headbutt","Clothesline+1","Flex+1"],"picked":"SKIP","floor":20},{"not_picked":["Thunderclap","Sword Boomerang","Burning Pact+1"],"picked":"SKIP","floor":21}],"player_experience":258660,"relics_obtained":[{"floor":7,"key":"Toxic Egg 2"},{"floor":14,"key":"Regal Pillow"},{"floor":17,"key":"Pen Nib"},{"floor":17,"key":"Darkstone Periapt"},{"floor":17,"key":"CaptainsWheel"},{"floor":19,"key":"Nilry\u0027s Codex"}],"event_choices":[{"damage_healed":0.0,"max_hp_gain":0.0,"max_hp_loss":0.0,"gold_gain":0.0,"event_name":"Golden Idol","player_choice":"Take Damage","floor":3.0,"gold_loss":0.0,"damage_taken":20.0,"relics_obtained":["Golden Idol"]},{"damage_healed":0,"gold_gain":0,"player_choice":"Success","damage_taken":3,"relics_obtained":["Strawberry"],"max_hp_gain":0,"max_hp_loss":0,"event_name":"Scrap Ooze","floor":12,"gold_loss":0},{"damage_healed":0,"gold_gain":0,"cards_transformed":["Strike_R"],"player_choice":"Transformed","damage_taken":0,"max_hp_gain":0,"max_hp_loss":0,"event_name":"Transmorgrifier","floor":13,"gold_loss":0,"cards_obtained":["Bloodletting"]},{"damage_healed":0,"gold_gain":0,"player_choice":"Obtained Book","damage_taken":16,"max_hp_gain":0,"max_hp_loss":0,"event_name":"Cursed Tome","floor":19,"gold_loss":0},{"cards_removed":["Strike_R"],"damage_healed":0,"gold_gain":0,"player_choice":"Elegance","damage_taken":0,"max_hp_gain":0,"max_hp_loss":0,"event_name":"Back to Basics","floor":22,"gold_loss":0}],"is_beta":false,"boss_relics":[{"not_picked":["SlaversCollar","Tiny House"],"picked":"Calling Bell"}],"items_purged_floors":[11],"is_endless":false,"potions_floor_spawned":[2,4,8,14,18],"killed_by":"Slavers","ascension_level":5}}