{"host":"l7l2v2zs4hqku4vk","time":1608724160,"event":{"mods":["Act Like it!","BaseMod","Colored Powertips","Highlight Path","Minty Spire (QoL Compilation)","Replay The Spire","RumiaBox-露米娅的神秘盒子","StSLib","TestMod","The Servant 0.9.4","篝火指南"],"gold_per_floor":[114,129,18,38,56,56,84,99,125,125,143,143,162,193,193,267,267,286,286,25,40,59,59,87,87,110,163,179,214,226,244,244,319,319,331,350,360,157,175,175,215,215,239,278,278,289,315,315,315,341,183,183,183,183,183,33,58,58,58],"floor_reached":58,"playtime":3702,"items_purged":["Strike_G","Strike_G","Strike_G","christmas-Death"],"score":2028,"play_id":"18e1db1c-2bf0-4f8b-9a52-62da93940459","local_time":"20201223194920","is_ascension_mode":true,"campfire_choices":[{"data":"Footwork","floor":6,"key":"SMITH"},{"data":"Blade Dance","floor":10,"key":"SMITH"},{"data":"christmas-Famine","floor":12,"key":"SMITH"},{"data":"Backflip","floor":23,"key":"SMITH"},{"data":"Cloak And Dagger","floor":25,"key":"SMITH"},{"data":"Accuracy","floor":32,"key":"SMITH"},{"data":"Accuracy","floor":40,"key":"SMITH"},{"floor":45,"key":"RECALL"},{"data":"Envenom","floor":55,"key":"SMITH"}],"circlet_count":0,"master_deck":["AscendersBane","Defend_G","Defend_G","Defend_G","Defend_G","Defend_G","Survivor","Neutralize","Acrobatics","Cloak And Dagger+1","christmas-Famine+1","Footwork+1","Backstab","Blade Dance+1","Backflip+1","Tactician+1","AbeCurse","Accuracy+1","christmas-Death","PiercingWail","Blade Dance","Accuracy+1","Madness","Madness","Envenom+1","Well Laid Plans"],"relics":["Ring of the Snake","testmod-TestBox","testmod-GiftOfSatan","Ornamental Fan","Nunchaku","Abe\u0027s Treasure","Bag of Preparation","Snake Skull","Pantograph","testmod-IndustrialRevolution","CeramicFish","Blood Vial","testmod-SaigiyounoYou","testmod-Muramasa","Orichalcum","Vajra","ReplayTheSpireMod:TigerMarble","Happy Flower"],"acts_visited":["Exordium","TheCity","TheBeyond","TheEnding"],"potions_floor_usage":[7,27,41,52,52,53],"damage_taken":[{"damage":1,"enemies":"Cultist","floor":1,"turns":3},{"damage":5,"enemies":"2 Louse","floor":2,"turns":2},{"damage":6,"enemies":"Small Slimes","floor":4,"turns":3},{"damage":0,"enemies":"3 Louse","floor":5,"turns":1},{"damage":18,"enemies":"Gremlin Nob","floor":7,"turns":4},{"damage":3,"enemies":"Large Slime","floor":8,"turns":5},{"damage":0,"enemies":"Blue Slaver","floor":11,"turns":2},{"damage":0,"enemies":"Lots of Slimes","floor":13,"turns":2},{"damage":15,"enemies":"3 Sentries","floor":14,"turns":4},{"damage":20,"enemies":"Slime Boss","floor":16,"turns":7},{"damage":0,"enemies":"Spheric Guardian","floor":18,"turns":3},{"damage":0,"enemies":"2 Thieves","floor":21,"turns":4},{"damage":4,"enemies":"Cultist and Chosen","floor":22,"turns":6},{"damage":20,"enemies":"Replay:Snechameleon","floor":24,"turns":7},{"damage":23,"enemies":"Slavers","floor":27,"turns":5},{"damage":0,"enemies":"Snecko","floor":28,"turns":3},{"damage":19,"enemies":"Replay:Snechameleon","floor":29,"turns":5},{"damage":17,"enemies":"Snake Plant","floor":30,"turns":3},{"damage":16,"enemies":"Pondfish","floor":33,"turns":6},{"damage":10,"enemies":"3 Shapes","floor":35,"turns":3},{"damage":26,"enemies":"3 Darklings","floor":36,"turns":3},{"damage":64,"enemies":"Writhing Mass","floor":37,"turns":9},{"damage":23,"enemies":"Reptomancer","floor":41,"turns":3},{"damage":19,"enemies":"Maw","floor":46,"turns":6},{"damage":0,"enemies":"Giant Head","floor":47,"turns":4},{"damage":0,"enemies":"Jaw Worm Horde","floor":50,"turns":2},{"damage":77,"enemies":"Replay:Hell Engine","floor":52,"turns":6},{"damage":123,"enemies":"Awakened One","floor":53,"turns":9},{"damage":68,"enemies":"Shield and Spear","floor":57,"turns":6},{"damage":199,"enemies":"The Heart","floor":58,"turns":6}],"seed_played":"-3773257200282841614","potions_obtained":[{"floor":2,"key":"Milkshake"},{"floor":5,"key":"Block Potion"},{"floor":11,"key":"testmod-EscapePotion"},{"floor":21,"key":"SkillPotion"},{"floor":27,"key":"DistilledChaos"},{"floor":28,"key":"Adrenaline Potion"},{"floor":36,"key":"BlessingOfTheForge"},{"floor":44,"key":"Milkshake"}],"is_trial":false,"path_per_floor":["M","M","$","M","M","R","E","M","T","R","M","R","M","E","R","B",null,"M","?","$","M","M","R","E","R","T","E","M","E","M","?","R","B",null,"M","M","M","$","?","R","E","?","T","?","R","M","E","PTL","PTL","M","R","B","B",null,"R","$","E","B"],"character_chosen":"THE_SILENT","items_purchased":["Footwork","Snake Skull","Accuracy","ReplayTheSpireMod:TigerMarble"],"campfire_rested":0,"item_purchase_floors":[3,20,38,51],"current_hp_per_floor":[64,66,66,81,81,81,75,76,76,76,86,86,101,92,101,109,112,112,112,112,123,135,135,134,134,134,136,149,147,132,132,132,146,154,161,159,144,144,113,113,109,109,109,40,40,81,153,153,153,167,167,134,137,164,164,164,142,0,0],"gold":58,"neow_bonus":"THREE_CARDS","is_daily":false,"chose_seed":false,"campfire_upgraded":8,"win_rate":0.0,"timestamp":1608724160,"path_taken":["M","?","?","M","M","R","E","M","T","R","M","R","?","E","R","BOSS","M","?","$","M","M","R","E","R","T","E","M","E","?","?","R","BOSS","M","M","M","$","?","R","E","?","T","?","R","M","E","PTL","PTL","?","R","BOSS","BOSS","R","$","E","BOSS"],"items_purchased_type":["Card","Relic","Card","Relic"],"build_version":"2020-12-22","purchased_purges":4,"victory":false,"max_hp_per_floor":[66,71,71,81,81,81,86,86,86,86,91,91,101,101,101,113,113,113,113,113,123,135,135,142,142,142,149,149,156,156,156,156,156,156,168,173,173,173,173,173,173,173,173,173,173,173,173,173,173,173,173,173,173,173,173,173,173,173,173],"card_choices":[{"not_picked":["Prepared","Flying Knee"],"picked":"Acrobatics","floor":0},{"not_picked":["Poisoned Stab","Outmaneuver"],"picked":"Cloak And Dagger","floor":1},{"not_picked":["christmas-Plague","christmas-War"],"picked":"christmas-Famine","floor":1},{"not_picked":["Toxin Wave","Acrobatics","Escape Plan"],"picked":"SKIP","floor":2},{"not_picked":["Cloak And Dagger","Acrobatics"],"picked":"Backstab","floor":4},{"not_picked":["Terror","Infinite Blades"],"picked":"Blade Dance","floor":5},{"not_picked":["Reflex","Sucker Punch"],"picked":"Backflip","floor":7},{"not_picked":["Sucker Punch","Bouncing Flask","Sneak Up"],"picked":"SKIP","floor":8},{"not_picked":["Sneak Up","Dagger Throw","PiercingWail"],"picked":"SKIP","floor":11},{"not_picked":["Slice","PiercingWail"],"picked":"Tactician","floor":13},{"not_picked":["All Out Attack","Backflip","Quick Slash"],"picked":"SKIP","floor":14},{"not_picked":["Caltrops+1","Deadly Poison","Sucker Punch"],"picked":"SKIP","floor":18},{"not_picked":["Deadly Poison","Setup","ReplayTheSpireMod:Speed Training"],"picked":"SKIP","floor":21},{"not_picked":["Endless Agony","Deadly Poison","Draining Mist"],"picked":"SKIP","floor":22},{"not_picked":["Blade Dance","Poisoned Stab","Slice"],"picked":"SKIP","floor":24},{"not_picked":["ReplayTheSpireMod:Exploit Weakness","Skewer"],"picked":"Accuracy","floor":27},{"not_picked":["christmas-War","christmas-Plague"],"picked":"christmas-Death","floor":27},{"not_picked":["ReplayTheSpireMod:Tripwire","Sucker Punch","PiercingWail"],"picked":"SKIP","floor":28},{"not_picked":["christmas-Plague+1","christmas-Famine+1","christmas-War"],"picked":"SKIP","floor":28},{"not_picked":["Poisoned Stab","Prepared","Storm of Steel"],"picked":"SKIP","floor":29},{"not_picked":["Dodge and Roll","Backflip","Caltrops"],"picked":"SKIP","floor":30},{"not_picked":["Slice","Underhanded Strike+1","Dagger Throw+1"],"picked":"SKIP","floor":35},{"not_picked":["Caltrops","Dodge and Roll+1","Cloak And Dagger"],"picked":"SKIP","floor":36},{"not_picked":["Quick Slash+1","Predator","Backflip+1"],"picked":"SKIP","floor":37},{"not_picked":["Prepared","ReplayTheSpireMod:The Works"],"picked":"Envenom","floor":41},{"not_picked":["Flying Knee","ReplayTheSpireMod:The Works"],"picked":"Well Laid Plans","floor":44},{"not_picked":["Quick Slash","Flechettes","Blade Dance+1"],"picked":"SKIP","floor":46},{"not_picked":["Dagger Throw+1","Poisoned Stab","Infinite Blades"],"picked":"SKIP","floor":47},{"not_picked":["christmas-Famine","christmas-Plague"],"picked":"christmas-Death","floor":50},{"not_picked":["Escape Plan","Cloak And Dagger","Dodge and Roll+1"],"picked":"SKIP","floor":50},{"not_picked":["Blade Dance","Venomology","Quick Slash"],"picked":"SKIP","floor":57}],"player_experience":1654300,"relics_obtained":[{"floor":7,"key":"Ornamental Fan"},{"floor":14,"key":"Nunchaku"},{"floor":24,"key":"Pantograph"},{"floor":26,"key":"testmod-IndustrialRevolution"},{"floor":27,"key":"CeramicFish"},{"floor":29,"key":"Blood Vial"},{"floor":41,"key":"testmod-Muramasa"},{"floor":43,"key":"Orichalcum"},{"floor":44,"key":"Vajra"},{"floor":57,"key":"Happy Flower"}],"event_choices":[{"damage_healed":0,"gold_gain":0,"player_choice":"Gave Potion","damage_taken":0,"relics_obtained":["Bag of Preparation"],"max_hp_gain":0,"max_hp_loss":0,"event_name":"WeMeetAgain","floor":19,"gold_loss":0},{"damage_healed":0,"gold_gain":0,"cards_transformed":["Strike_G","Strike_G"],"player_choice":"Became Test Subject","damage_taken":0,"max_hp_gain":0,"max_hp_loss":0,"event_name":"Drug Dealer","floor":31,"gold_loss":0,"cards_obtained":["PiercingWail","Blade Dance"]},{"damage_healed":0,"gold_gain":0,"player_choice":"Embrace Madness","damage_taken":31,"max_hp_gain":0,"max_hp_loss":0,"event_name":"Winding Halls","floor":39,"gold_loss":0,"cards_obtained":["Madness","Madness"]},{"damage_healed":0,"gold_gain":0,"player_choice":"Ignored","damage_taken":0,"max_hp_gain":0,"max_hp_loss":0,"event_name":"Tomb of Lord Red Mask","floor":42,"gold_loss":0}],"is_beta":false,"boss_relics":[{"not_picked":["SlaversCollar","testmod-BloodSacrificeSpiritualization"],"picked":"Abe\u0027s Treasure"},{"not_picked":["Painkiller Herb","SacredBark"],"picked":"testmod-SaigiyounoYou"}],"items_purged_floors":[3,20,38,56],"is_endless":false,"potions_floor_spawned":[2,5,11,13,21,27,28,29,30,36,47,50],"killed_by":"The Heart","ascension_level":20}}