{"host":"95i1gxnztdrdyvhi","time":1608695414,"event":{"mods":["AchievementEnabler","Act Like it!","BaseMod","Downfall","Minty Spire (QoL Compilation)","Quick Restart","StSLib"],"gold_per_floor":[99,99,99,99,99,99,146,180,197,225,75,10,38,50,62,165,165,165,185,185,185,120,152,152,185,198,123,58,74,74,74,84,179,179,179,192,192,205,140,156,209,364,392,407,421,432,432,443,461,461,461,494,157,157,157],"floor_reached":56,"playtime":5366,"items_purged":["Guardian:Strike_Guardian","Guardian:Strike_Guardian","Guardian:Strike_Guardian","Guardian:Defend_Guardian","Guardian:Defend_Guardian","Guardian:Defend_Guardian+1"],"score":1335,"play_id":"19b5cd12-3485-4694-a432-c8f95b125483","local_time":"20201223035014","is_ascension_mode":false,"campfire_choices":[{"floor":1,"key":"RECALL"},{"data":"Guardian:CurlUp","floor":11,"key":"SMITH"},{"data":"Guardian:StasisField","floor":18,"key":"SMITH"},{"data":"Guardian:PrimingBeam","floor":27,"key":"SMITH"},{"data":"Guardian:TemporalShield","floor":30,"key":"SMITH"},{"data":"Guardian:TemporalShield","floor":35,"key":"SMITH"},{"data":"Guardian:Repulse","floor":54,"key":"SMITH"}],"circlet_count":0,"master_deck":["Guardian:Defend_Guardian+1","Guardian:CurlUp+1","Guardian:TwinSlam","Guardian:PrimingBeam+1","Guardian:FloatingOrbs","Guardian:SentryBeam","Guardian:PiercingHide","Guardian:TemporalShield+1","Guardian:StasisField+1","Guardian:Repulse+1","Guardian:DecasProtection","Guardian:PrimingBeam+1","Guardian:TemporalShield+1","Guardian:PiercingHide+1","Guardian:PrimingBeam+1","Guardian:StasisStrike"],"relics":["Guardian:ModeShifter","downfall:HeartsMalice","Smiling Mask","MealTicket","Ancient Tea Set","downfall:HeartBlessingRed","downfall:HeartBlessingGreen","Letter Opener","sneckomod:SneckoTalon","Nunchaku","Guardian:StasisCodex","War Paint","downfall:HeartBlessingBlue","expansioncontent:StudyCardRelic","Toy Ornithopter","Vajra","Gremlin Horn","sneckomod:BlankCard","Sundial","ClockworkSouvenir","Guardian:DefensiveModeMoreBlock"],"acts_visited":["Exordium","TheCity","TheBeyond","TheEnding"],"potions_floor_usage":[10,10,42,55,55,55],"damage_taken":[{"damage":0,"enemies":"Small Slimes","floor":2,"turns":1},{"damage":0,"enemies":"Jaw Worm","floor":5,"turns":1},{"damage":0,"enemies":"Cultist","floor":6,"turns":1},{"damage":16,"enemies":"Gremlin Nob","floor":8,"turns":4},{"damage":14,"enemies":"Large Slime","floor":9,"turns":7},{"damage":13,"enemies":"3 Sentries","floor":10,"turns":8},{"damage":3,"enemies":"downfall:FleeingMerchant","floor":12,"turns":4},{"damage":12,"enemies":"Lagavulin","floor":13,"turns":6},{"damage":2,"enemies":"Exordium Wildlife","floor":14,"turns":3},{"damage":0,"enemies":"2 Fungi Beasts","floor":15,"turns":3},{"damage":11,"enemies":"downfall:Ironclad","floor":16,"turns":9},{"damage":0,"enemies":"Chosen","floor":19,"turns":6},{"damage":1,"enemies":"downfall:FleeingMerchant","floor":22,"turns":4},{"damage":9,"enemies":"Book of Stabbing","floor":23,"turns":6},{"damage":0,"enemies":"Gremlin Leader","floor":25,"turns":7},{"damage":0,"enemies":"Shell Parasite","floor":26,"turns":4},{"damage":0,"enemies":"downfall:FleeingMerchant","floor":28,"turns":4},{"damage":1,"enemies":"Sentry and Sphere","floor":29,"turns":5},{"damage":0,"enemies":"Centurion and Healer","floor":32,"turns":5},{"damage":0,"enemies":"downfall:Defect","floor":33,"turns":8},{"damage":0,"enemies":"3 Darklings","floor":36,"turns":3},{"damage":12,"enemies":"Orb Walker","floor":38,"turns":3},{"damage":0,"enemies":"downfall:FleeingMerchant","floor":39,"turns":4},{"damage":0,"enemies":"4 Shapes","floor":40,"turns":3},{"damage":0,"enemies":"downfall:FleeingMerchant","floor":42,"turns":2},{"damage":0,"enemies":"Nemesis","floor":43,"turns":5},{"damage":0,"enemies":"Maw","floor":44,"turns":5},{"damage":1,"enemies":"Spire Growth","floor":45,"turns":4},{"damage":0,"enemies":"4 Shapes","floor":46,"turns":3},{"damage":0,"enemies":"Sphere and 2 Shapes","floor":48,"turns":3},{"damage":0,"enemies":"3 Darklings","floor":49,"turns":4},{"damage":13,"enemies":"downfall:Silent","floor":50,"turns":9},{"damage":46,"enemies":"downfall:CharBossMerchant","floor":52,"turns":10},{"damage":0,"enemies":"downfall:NeowBoss","floor":55,"turns":17}],"seed_played":"-4481765774564004329","potions_obtained":[{"floor":4,"key":"Guardian:StasisDiscoveryPotion"},{"floor":4,"key":"SpeedPotion"},{"floor":4,"key":"SneckoOil"},{"floor":10,"key":"SpeedPotion"},{"floor":13,"key":"SteroidPotion"},{"floor":14,"key":"EntropicBrew"},{"floor":31,"key":"CultistPotion"},{"floor":43,"key":"AttackPotion"}],"is_trial":false,"path_per_floor":["R","M","?","?","M","M","T","E","M","E","R","$","E","M","M","B",null,"R","M","?","?","$","E","T","E","M","R","$","M","R","?","M","B",null,"R","M","?","M","$","M","T","$","E","M","M","M","T","M","M","B",null,"E","$","R","B",null],"character_chosen":"GUARDIAN","items_purchased":["Vajra","ClockworkSouvenir","Guardian:DefensiveModeMoreBlock"],"campfire_rested":0,"item_purchase_floors":[42,53,53],"current_hp_per_floor":[80,80,80,80,80,80,80,64,50,37,37,49,37,35,35,24,80,80,80,80,80,79,70,70,70,70,80,90,89,89,89,89,89,90,90,90,90,78,90,90,90,90,90,90,89,89,89,89,89,76,90,44,59,59,74],"gold":157,"neow_bonus":"THREE_ENEMY_KILL","is_daily":false,"chose_seed":false,"campfire_upgraded":6,"win_rate":0.0,"timestamp":1608695414,"path_taken":["R","M","?","?","M","M","T","E","?","E","R","$","E","M","M","BOSS","R","M","?","?","$","E","T","E","M","R","?","M","R","?","M","BOSS","R","M","?","M","$","M","T","$","E","M","M","M","?","M","M","BOSS","E","$","R","BOSS"],"items_purchased_type":["Relic","Relic","Relic"],"build_version":"2020-12-13","purchased_purges":6,"victory":true,"max_hp_per_floor":[80,80,80,80,80,80,80,80,80,80,80,80,80,80,80,80,80,80,80,80,80,80,80,80,80,80,90,90,90,90,90,90,90,90,90,90,90,90,90,90,90,90,90,90,90,90,90,90,90,90,90,90,90,90,90],"card_choices":[{"not_picked":["Guardian:CrystalBeam","Guardian:Gem_Red"],"picked":"Guardian:PrimingBeam","floor":2},{"not_picked":["Guardian:VentSteam","Guardian:FuturePlans"],"picked":"Guardian:Gem_Crimson","floor":5},{"not_picked":["Guardian:TemporalShield","Guardian:RollAttack"],"picked":"Guardian:FloatingOrbs","floor":6},{"not_picked":["Guardian:ShieldCharger","Guardian:Reroute","Guardian:CrystalBeam"],"picked":"SKIP","floor":8},{"not_picked":["Guardian:Gem_Red","Guardian:Clone"],"picked":"Guardian:Gem_Orange","floor":9},{"not_picked":["Guardian:Suspension","Guardian:PiercingHide"],"picked":"Guardian:Gem_Green","floor":10},{"not_picked":["Guardian:Gem_Green","Guardian:EvasiveProtocol","Guardian:CrystalBeam"],"picked":"SKIP","floor":12},{"not_picked":["Guardian:Gem_Lightblue","Guardian:RollAttack"],"picked":"Guardian:SentryBeam","floor":13},{"not_picked":["Guardian:Incinerate","Guardian:VentSteam"],"picked":"Guardian:PiercingHide","floor":14},{"not_picked":["Guardian:DecasProtection","Guardian:BronzeOrb"],"picked":"Guardian:TemporalShield","floor":15},{"not_picked":["Guardian:StasisEngine","Guardian:FierceBash"],"picked":"Guardian:StasisField","floor":16},{"not_picked":["Guardian:TemporalStrike","Guardian:Orbwalk+1"],"picked":"Guardian:Repulse","floor":19},{"not_picked":["Guardian:Gem_Yellow","Guardian:ArmoredProtocol"],"picked":"Guardian:Gem_Cyan","floor":22},{"not_picked":["Guardian:ShieldCharger","Guardian:Gem_Purple","Guardian:FastForward"],"picked":"SKIP","floor":23},{"not_picked":["Guardian:Gem_Cyan","Guardian:ShieldCharger"],"picked":"Guardian:DecasProtection","floor":25},{"not_picked":["Guardian:TemporalStrike","Guardian:Planning"],"picked":"Guardian:PrimingBeam+1","floor":26},{"not_picked":["Guardian:Gem_Lightblue","Guardian:EvasiveProtocol","Guardian:Emergency+1"],"picked":"SKIP","floor":28},{"not_picked":["Guardian:Gem_Green","Guardian:Reroute"],"picked":"Guardian:TemporalShield","floor":29},{"not_picked":["Guardian:Gem_Lightblue","Guardian:Gem_Green","Guardian:Orbwalk+1"],"picked":"SKIP","floor":32},{"not_picked":["Guardian:Reroute","Guardian:Repulse+1"],"picked":"Guardian:PiercingHide+1","floor":36},{"not_picked":["Guardian:Gem_Green","Guardian:Planning","Guardian:CrystalBeam+1"],"picked":"SKIP","floor":38},{"not_picked":["Guardian:CompilePackage","Guardian:Orbwalk"],"picked":"Guardian:PrimingBeam+1","floor":39},{"not_picked":["Guardian:ShieldCharger","Guardian:TemporalShield","Guardian:SpikerProtocol+1"],"picked":"SKIP","floor":40},{"not_picked":["Guardian:Recover+1","Guardian:ShieldCharger"],"picked":"Guardian:Gem_Orange","floor":42},{"not_picked":["Guardian:Gem_Cyan","Guardian:Gem_Fragmented","Guardian:DecasProtection"],"picked":"SKIP","floor":43},{"not_picked":["Guardian:PiercingHide","Guardian:Harden","Guardian:Suspension"],"picked":"SKIP","floor":44},{"not_picked":["Guardian:PiercingHide","Guardian:TemporalStrike"],"picked":"Guardian:StasisStrike","floor":45},{"not_picked":["Guardian:WalkerClaw+1","Guardian:GuardianWhirl+1","Guardian:VentSteam+1"],"picked":"SKIP","floor":46},{"not_picked":["Guardian:ChargeCore","Guardian:Gem_Lightblue","Guardian:RollAttack"],"picked":"SKIP","floor":48},{"not_picked":["Guardian:ShieldCharger+1","Guardian:Suspension","Guardian:CrystalBeam+1"],"picked":"SKIP","floor":49},{"not_picked":["Guardian:FloatingOrbs","Guardian:ChargeUp+1"],"picked":"Guardian:Gem_Yellow","floor":52}],"player_experience":784978,"relics_obtained":[{"floor":7,"key":"Smiling Mask"},{"floor":8,"key":"MealTicket"},{"floor":10,"key":"Ancient Tea Set"},{"floor":13,"key":"Letter Opener"},{"floor":23,"key":"Guardian:StasisCodex"},{"floor":25,"key":"War Paint"},{"floor":41,"key":"Toy Ornithopter"},{"floor":43,"key":"Gremlin Horn"},{"floor":47,"key":"sneckomod:BlankCard"},{"floor":52,"key":"Sundial"}],"event_choices":[{"damage_healed":0,"gold_gain":0,"player_choice":"Got Potions","damage_taken":0,"max_hp_gain":0,"max_hp_loss":0,"event_name":"Lab","floor":4,"gold_loss":0},{"damage_healed":0,"gold_gain":0,"player_choice":"Ignored","damage_taken":0,"max_hp_gain":0,"max_hp_loss":0,"event_name":"Ghosts","floor":21,"gold_loss":0}],"is_beta":false,"boss_relics":[{"not_picked":["Fusion Hammer","Calling Bell"],"picked":"sneckomod:SneckoTalon"},{"not_picked":["Cursed Key","Busted Crown"],"picked":"expansioncontent:StudyCardRelic"}],"items_purged_floors":[12,22,28,39,42,53],"is_endless":false,"potions_floor_spawned":[8,9,10,13,14,16,23,25,26,29,38,40,43,48,49],"ascension_level":0}}