{"host":"fjaupvxe7fzqrf4j","time":1608709113,"event":{"mods":["BaseMod","Minty Spire (QoL Compilation)","StSLib"],"gold_per_floor":[119,119,173,173,9,35,35,63,63,91,117,151,151,177,177,256,256,272,8,8,8,8,42,76,103,103,129,159,209,236,270,270,344,344,360,38,1037,1084,571,597,622,650,650,680,714,744,775,808,808,808,808,808,808,63,97,97],"floor_reached":57,"playtime":2124,"items_purged":["Turbo","Leap+1"],"score":4237,"play_id":"7345ad37-0d24-4042-b153-779a472a1bf2","local_time":"20201223153833","daily_mods":["SealedDeck","Heirloom","Time Dilation","Flight","Elite Swarm"],"is_ascension_mode":true,"campfire_choices":[{"floor":7.0,"key":"REST"},{"data":"Seek","floor":13.0,"key":"SMITH"},{"data":"Coolheaded","floor":15.0,"key":"SMITH"},{"data":"Blizzard","floor":32,"key":"SMITH"},{"floor":49,"key":"RECALL"},{"data":"Capacitor","floor":53,"key":"SMITH"}],"circlet_count":0,"master_deck":["AscendersBane","Double Energy","Cold Snap+1","Ball Lightning","Beam Cell","Coolheaded+1","Blizzard+1","Sunder+1","Ball Lightning+1","Seek+1","Echo Form","Creative AI","Glacier","Fission","Electrodynamics","Machine Learning","Biased Cognition","Turbo+1","Capacitor+1","Heatsinks","Seek+1","Fission+1","Biased Cognition","Core Surge","Capacitor"],"relics":["Cracked Core","Ice Cream","Vajra","Medical Kit","Cables","Mummified Hand","Bottled Lightning","Question Card","Regal Pillow","Nunchaku","Shovel","Runic Pyramid","Gremlin Horn","MutagenicStrength","Whetstone","Darkstone Periapt","Incense Burner","TungstenRod","Bird Faced Urn","White Beast Statue","Toxic Egg 2","Ginger","Runic Dome","Omamori","Calipers","Ancient Tea Set","Toy Ornithopter","Blue Candle","PreservedInsect","Ornamental Fan","Pantograph","Strawberry","Mercury Hourglass","Prayer Wheel","Singing Bowl","Akabeko","FossilizedHelix","Chemical X","Pear"],"acts_visited":["Exordium","TheCity","TheBeyond","TheEnding"],"potions_floor_usage":[38,38,42,56,56],"damage_taken":[{"damage":10.0,"enemies":"Jaw Worm","floor":1.0,"turns":2.0},{"damage":8.0,"enemies":"Gremlin Nob","floor":6.0,"turns":3.0},{"damage":0.0,"enemies":"Lagavulin","floor":8.0,"turns":2.0},{"damage":0.0,"enemies":"Gremlin Nob","floor":10.0,"turns":2.0},{"damage":8.0,"enemies":"3 Sentries","floor":11.0,"turns":4.0},{"damage":0.0,"enemies":"Lagavulin","floor":12.0,"turns":3.0},{"damage":0.0,"enemies":"Gremlin Nob","floor":14.0,"turns":2.0},{"damage":14.0,"enemies":"The Guardian","floor":16.0,"turns":6.0},{"damage":0.0,"enemies":"Chosen","floor":18.0,"turns":2.0},{"damage":5,"enemies":"Book of Stabbing","floor":23,"turns":3},{"damage":2,"enemies":"Gremlin Leader","floor":24,"turns":3},{"damage":10,"enemies":"Book of Stabbing","floor":25,"turns":3},{"damage":11,"enemies":"Slavers","floor":27,"turns":3},{"damage":7,"enemies":"Gremlin Leader","floor":28,"turns":2},{"damage":0,"enemies":"Slavers","floor":30,"turns":2},{"damage":0,"enemies":"Book of Stabbing","floor":31,"turns":1},{"damage":3,"enemies":"Automaton","floor":33,"turns":5},{"damage":0,"enemies":"3 Darklings","floor":35,"turns":2},{"damage":6,"enemies":"2 Orb Walkers","floor":38,"turns":2},{"damage":6,"enemies":"Nemesis","floor":40,"turns":5},{"damage":0,"enemies":"Reptomancer","floor":41,"turns":2},{"damage":0,"enemies":"Giant Head","floor":42,"turns":1},{"damage":0,"enemies":"Reptomancer","floor":44,"turns":1},{"damage":7,"enemies":"Nemesis","floor":45,"turns":3},{"damage":0,"enemies":"Reptomancer","floor":46,"turns":1},{"damage":0,"enemies":"Nemesis","floor":47,"turns":1},{"damage":0,"enemies":"Giant Head","floor":48,"turns":1},{"damage":20,"enemies":"Time Eater","floor":50,"turns":6},{"damage":0,"enemies":"Awakened One","floor":51,"turns":3},{"damage":0,"enemies":"Shield and Spear","floor":55,"turns":2},{"damage":49,"enemies":"The Heart","floor":56,"turns":5}],"seed_played":"2549695540292207916","potions_obtained":[{"floor":8.0,"key":"Swift Potion"},{"floor":12.0,"key":"Fruit Juice"},{"floor":14.0,"key":"Block Potion"},{"floor":30,"key":"EntropicBrew"},{"floor":38,"key":"EntropicBrew"},{"floor":42,"key":"PotionOfCapacity"}],"is_trial":true,"path_per_floor":["M","?","?","?","$","E","R","E","T","E","E","E","R","E","R","B",null,"M","$","$","?","$","E","E","E","T","E","E","?","E","E","R","B",null,"M","$","?","?","$","E","E","E","T","E","E","E","E","E","R","B","B",null,"R","$","E","B",null],"character_chosen":"DEFECT","items_purchased":["Medical Kit","Gremlin Horn","Omamori","Capacitor","Heatsinks","Ancient Tea Set","Toy Ornithopter","Capacitor","Akabeko","FossilizedHelix","Chemical X"],"campfire_rested":1,"item_purchase_floors":[5,19,36,36,39,39,39,54,54,54,54],"current_hp_per_floor":[54,49,49,28,28,20,41,41,41,41,33,38,38,38,38,24,63,63,63,63,63,63,58,56,46,46,35,36,36,46,48,48,61,72,76,76,76,70,70,76,76,76,76,76,82,83,83,85,85,75,85,85,85,85,97,71],"gold":97,"neow_bonus":"","is_daily":false,"chose_seed":false,"campfire_upgraded":4,"win_rate":0.0,"timestamp":1608709113,"path_taken":["M","?","?","?","$","E","R","E","T","E","E","E","R","E","R","BOSS","M","$","$","?","$","E","E","E","T","E","E","?","E","E","R","BOSS","M","$","?","?","$","E","E","E","T","E","E","E","E","E","R","BOSS","BOSS","R","$","E","BOSS"],"items_purchased_type":["Relic","Relic","Relic","Card","Card","Relic","Relic","Card","Relic","Relic","Relic"],"build_version":"2020-12-22","purchased_purges":2,"victory":true,"max_hp_per_floor":[71,71,71,71,71,71,71,71,71,71,71,76,76,76,76,76,76,76,76,76,76,76,76,76,76,76,76,76,76,76,76,76,76,76,76,76,76,76,76,76,76,76,76,76,83,83,83,85,85,85,85,85,85,85,97,97],"card_choices":[{"not_picked":["Redo","Conserve Battery","Beam Cell"],"picked":"SKIP","floor":1.0},{"not_picked":["Meteor Strike","Amplify"],"picked":"Seek","floor":6.0},{"not_picked":["Buffer","Creative AI","Thunder Strike"],"picked":"SKIP","floor":8.0},{"not_picked":["Machine Learning","Thunder Strike"],"picked":"Echo Form","floor":10.0},{"not_picked":["Machine Learning","Amplify","Creative AI","Seek"],"picked":"SKIP","floor":11.0},{"not_picked":["Reboot","Echo Form","Rainbow","Buffer"],"picked":"SKIP","floor":12.0},{"not_picked":["Buffer","Rainbow","Meteor Strike","Echo Form"],"picked":"SKIP","floor":14.0},{"not_picked":["Amplify","Multi-Cast","Reboot"],"picked":"Creative AI","floor":16.0},{"not_picked":["Stack","Fusion","Go for the Eyes+1"],"picked":"Glacier","floor":18.0},{"not_picked":["All For One","Rainbow","Thunder Strike","Reboot"],"picked":"SKIP","floor":23},{"not_picked":["Buffer","Machine Learning","Echo Form","Creative AI"],"picked":"SKIP","floor":24},{"not_picked":["Amplify","All For One","Creative AI","Seek"],"picked":"SKIP","floor":25},{"not_picked":["Hyperbeam","Buffer","Multi-Cast"],"picked":"Fission","floor":27},{"not_picked":["All For One","Amplify","Seek"],"picked":"Electrodynamics","floor":28},{"not_picked":["Meteor Strike","Reboot+1","Fission+1"],"picked":"Machine Learning","floor":30},{"not_picked":["Echo Form","Thunder Strike","Amplify+1","Machine Learning"],"picked":"SKIP","floor":31},{"not_picked":["Rainbow+1","Seek+1","Thunder Strike"],"picked":"Biased Cognition","floor":33},{"not_picked":["FTL","Stack+1","Storm"],"picked":"Turbo+1","floor":35},{"not_picked":["Rainbow+1","Seek+1","Amplify+1","Reboot+1"],"picked":"SKIP","floor":40},{"not_picked":["Rainbow+1","Amplify+1","Reboot+1"],"picked":"Seek+1","floor":40},{"not_picked":["Electrodynamics","Rainbow+1","Amplify+1"],"picked":"Fission+1","floor":41},{"not_picked":["Thunder Strike","Hyperbeam","Echo Form","Reboot+1"],"picked":"SKIP","floor":42},{"not_picked":["Thunder Strike","Electrodynamics","Creative AI"],"picked":"Biased Cognition","floor":44},{"not_picked":["Electrodynamics","Rainbow+1","Creative AI","All For One"],"picked":"SKIP","floor":45},{"not_picked":["All For One","Buffer","Creative AI","Machine Learning"],"picked":"SKIP","floor":46},{"not_picked":["Creative AI","Thunder Strike","Seek+1"],"picked":"Core Surge","floor":47},{"not_picked":["Electrodynamics","Creative AI","All For One","Thunder Strike"],"picked":"Singing Bowl","floor":48},{"not_picked":["Amplify+1","All For One","Seek+1","Buffer"],"picked":"Singing Bowl","floor":55}],"player_experience":251730,"relics_obtained":[{"floor":6.0,"key":"Cables"},{"floor":8.0,"key":"Mummified Hand"},{"floor":9.0,"key":"Bottled Lightning"},{"floor":10.0,"key":"Question Card"},{"floor":11.0,"key":"Regal Pillow"},{"floor":12.0,"key":"Nunchaku"},{"floor":14.0,"key":"Shovel"},{"floor":23,"key":"Whetstone"},{"floor":24,"key":"Darkstone Periapt"},{"floor":25,"key":"Incense Burner"},{"floor":26,"key":"TungstenRod"},{"floor":27,"key":"Bird Faced Urn"},{"floor":28,"key":"White Beast Statue"},{"floor":30,"key":"Toxic Egg 2"},{"floor":31,"key":"Ginger"},{"floor":38,"key":"Calipers"},{"floor":40,"key":"Blue Candle"},{"floor":41,"key":"PreservedInsect"},{"floor":42,"key":"Ornamental Fan"},{"floor":44,"key":"Pantograph"},{"floor":45,"key":"Strawberry"},{"floor":46,"key":"Mercury Hourglass"},{"floor":47,"key":"Prayer Wheel"},{"floor":48,"key":"Singing Bowl"},{"floor":55,"key":"Pear"}],"event_choices":[{"damage_healed":0.0,"max_hp_gain":0.0,"max_hp_loss":0.0,"gold_gain":0.0,"event_name":"Scrap Ooze","player_choice":"Success","floor":2.0,"gold_loss":0.0,"damage_taken":5.0,"relics_obtained":["Vajra"]},{"damage_healed":0.0,"max_hp_gain":0.0,"max_hp_loss":0.0,"gold_gain":54.0,"event_name":"Golden Wing","player_choice":"Gained Gold","floor":3.0,"gold_loss":0.0,"damage_taken":0.0},{"damage_healed":0.0,"max_hp_gain":0.0,"max_hp_loss":0.0,"gold_gain":0.0,"event_name":"Shining Light","player_choice":"Entered Light","floor":4.0,"gold_loss":0.0,"damage_taken":21.0,"cards_upgraded":["Leap","Sunder"]},{"damage_healed":0,"gold_gain":0,"player_choice":"Inject Mutagens","damage_taken":0,"relics_obtained":["MutagenicStrength"],"max_hp_gain":0,"max_hp_loss":0,"event_name":"Drug Dealer","floor":21,"gold_loss":0},{"damage_healed":0,"gold_gain":50,"player_choice":"Stole From Cult","damage_taken":0,"max_hp_gain":0,"max_hp_loss":0,"event_name":"Nest","floor":29,"gold_loss":0},{"damage_healed":0,"gold_gain":999,"player_choice":"Gold","damage_taken":0,"max_hp_gain":0,"max_hp_loss":0,"event_name":"MindBloom","floor":37,"gold_loss":0,"cards_obtained":["Normality","Normality"]},{"damage_healed":0,"gold_gain":0,"player_choice":"Fight","damage_taken":0,"max_hp_gain":0,"max_hp_loss":0,"event_name":"Mysterious Sphere","floor":38,"gold_loss":0}],"is_beta":false,"boss_relics":[{"not_picked":["Ectoplasm","Tiny House"],"picked":"Runic Pyramid"},{"not_picked":["SacredBark","Philosopher\u0027s Stone"],"picked":"Runic Dome"}],"items_purged_floors":[36,39],"is_endless":false,"potions_floor_spawned":[8,12,14,16,18,28,30,31,33,35,38,40,41,42,44,45,46,47,48,55],"ascension_level":20}}