{"host":"2d0rd30cigwncx1y","time":1608744835,"event":{"mods":["BaseMod","Colored Map","Colored Powertips","Downfall","MarisaÅiñ∂âJÅ@ñÇóùçπÅj","Minty Spire (QoL Compilation)","Replay The Spire","StSLib","The Alterego","The Marked","The Servant 0.9.4"],"gold_per_floor":[99,110,120,120,135,161,188,199,199,234,234,68,68,68,84,188,188,188,206,221,233,156,156,156,156,176,176,176,176],"floor_reached":27,"playtime":2077,"items_purged":[],"score":273,"play_id":"10b4a953-8380-4d08-8e2f-a7cdad18e532","local_time":"20201223183355","is_ascension_mode":true,"campfire_choices":[{"data":"champ:Taunt","floor":1.0,"key":"SMITH"},{"data":"champ:DefensiveStyle","floor":9.0,"key":"SMITH"},{"data":"champ:EnGarde","floor":11.0,"key":"SMITH"},{"data":"champ:EnchantCrown","floor":18,"key":"SMITH"},{"data":"champ:StanceDance","floor":23,"key":"SMITH"},{"data":"champ:EnGarde","floor":25,"key":"SMITH"}],"circlet_count":0,"master_deck":["champ:Strike","champ:Strike","champ:Strike","champ:Defend","champ:Defend","champ:Defend","champ:Defend","champ:Execute","champ:Taunt+1","champ:ArenaPreparation","champ:DefensiveStyle+1","champ:Duel","champ:TornadoPunch","champ:EnGarde+1","champ:ViciousMockery","champ:DefensiveShout","Looming Evil","champ:EnchantCrown+1","champ:FalseCounter","champ:SteelEdge","champ:Circumvent","champ:SwordSigil","champ:ShieldSigil+1","champ:ShieldSigil","champ:StanceDance+1","champ:EnGarde+1","champ:EnGarde","champ:DefensiveShout+1"],"relics":["champ:ChampionCrown","ReplayTheSpireMod:Lightbulb","Snack Pack","Blue Doll","Ring of Peace","Ring of Panic","WingedGreaves","Philosopher\u0027s Stone","Molten Egg 2"],"acts_visited":["Exordium","TheCity"],"potions_floor_usage":[22],"damage_taken":[{"damage":5.0,"enemies":"Jaw Worm","floor":2.0,"turns":5.0},{"damage":28.0,"enemies":"Small Slimes","floor":3.0,"turns":3.0},{"damage":27.0,"enemies":"Cultist","floor":5.0,"turns":3.0},{"damage":22.0,"enemies":"Lagavulin","floor":6.0,"turns":7.0},{"damage":6.0,"enemies":"Lots of Slimes","floor":8.0,"turns":3.0},{"damage":16.0,"enemies":"Gremlin Nob","floor":10.0,"turns":3.0},{"damage":5.0,"enemies":"downfall:FleeingMerchant","floor":12.0,"turns":4.0},{"damage":17.0,"enemies":"3 Louse","floor":15.0,"turns":4.0},{"damage":7.0,"enemies":"downfall:Watcher","floor":16.0,"turns":9.0},{"damage":6,"enemies":"Spheric Guardian","floor":19,"turns":3},{"damage":0,"enemies":"Shell Parasite","floor":20,"turns":4},{"damage":48,"enemies":"3 Cultists","floor":21,"turns":6},{"damage":0,"enemies":"downfall:FleeingMerchant","floor":22,"turns":4},{"damage":20,"enemies":"Cultist and Chosen","floor":26,"turns":4},{"damage":66,"enemies":"Gremlin Leader","floor":27,"turns":9}],"seed_played":"-4698868387837060545","potions_obtained":[{"floor":2.0,"key":"PowerPotion"},{"floor":5.0,"key":"Explosive Potion"},{"floor":8.0,"key":"LifebloodPotion"},{"floor":15.0,"key":"EntropicBrew"}],"is_trial":false,"path_per_floor":["R","M","M","?","M","E","T","M","R","E","R","$","?","?","M","B",null,"R","M","M","M","$","R","T","R","M","E"],"character_chosen":"THE_CHAMP","items_purchased":["Blue Doll","champ:StanceDance","champ:EnGarde"],"campfire_rested":0,"item_purchase_floors":[12,22,22],"current_hp_per_floor":[90,90,84,84,82,75,75,69,69,58,58,77,77,77,70,70,90,90,89,90,72,77,77,77,77,57,0,0,0],"gold":176,"neow_bonus":"RANDOM_COMMON_RELIC","is_daily":false,"chose_seed":false,"campfire_upgraded":6,"win_rate":0.0,"timestamp":1608744835,"path_taken":["R","M","M","?","M","E","T","M","R","E","R","$","?","?","M","BOSS","R","M","M","M","$","R","T","R","?","E"],"items_purchased_type":["Relic","Card","Card"],"build_version":"2020-12-22","purchased_purges":0,"victory":false,"max_hp_per_floor":[90,90,90,90,90,90,90,90,90,90,90,90,90,90,90,90,90,90,90,90,90,90,90,90,90,90,90,90,90],"card_choices":[{"not_picked":["champ:DeathBlow","champ:BringItOn"],"picked":"champ:ArenaPreparation","floor":2.0},{"not_picked":["champ:PerfectedStrike","champ:BerserkersShout"],"picked":"champ:DefensiveStyle","floor":3.0},{"not_picked":["champ:BladeFlurry","champ:RisingSlash"],"picked":"champ:Duel","floor":5.0},{"not_picked":["champ:BerserkersShout","champ:StanceDance"],"picked":"champ:TornadoPunch","floor":6.0},{"not_picked":["champ:Backstep","champ:Duel"],"picked":"champ:EnGarde","floor":8.0},{"not_picked":["champ:DefensiveShout","champ:HeartStrike"],"picked":"champ:ViciousMockery","floor":10.0},{"not_picked":["champ:Lariat","champ:GladiatorsShout"],"picked":"champ:DefensiveShout","floor":12.0},{"not_picked":["champ:RageSigil","champ:FocusedBerserking"],"picked":"champ:FalseCounter","floor":15.0},{"not_picked":["champ:HeavySlash","champ:SwordThrow"],"picked":"champ:SteelEdge","floor":16.0},{"not_picked":["champ:StanceDance","champ:PerfectedStrike+1"],"picked":"champ:Circumvent","floor":19},{"not_picked":["champ:ViciousMockery","champ:BladeFlurry+1"],"picked":"champ:SwordSigil","floor":20},{"not_picked":["champ:AdrenalArmor","champ:Haymaker"],"picked":"champ:ShieldSigil+1","floor":21},{"not_picked":["champ:GladiatorsShout","champ:EnragedBash"],"picked":"champ:ShieldSigil","floor":22},{"not_picked":["champ:Balance","champ:RecklessLeap+1"],"picked":"champ:DefensiveShout+1","floor":26}],"player_experience":94347,"relics_obtained":[{"floor":6.0,"key":"MealTicket"},{"floor":10.0,"key":"Snack Pack"},{"floor":13.0,"key":"Ring of Peace"},{"floor":13.0,"key":"Ring of Panic"},{"floor":24,"key":"Molten Egg 2"}],"event_choices":[],"is_beta":false,"boss_relics":[{"not_picked":["Sozu","Astrolabe"],"picked":"Philosopher\u0027s Stone"}],"items_purged_floors":[],"is_endless":false,"potions_floor_spawned":[2,5,8,15,16,20],"killed_by":"Gremlin Leader","ascension_level":2}}