{"host":"sdjng9zhqonqi3uc","time":1608767358,"event":{"mods":["2.2 Compatiblity","AchievementEnabler","BaseMod","BetterRewards","Colored Powertips","Hero for Fun","Minty Spire (QoL Compilation)","StSLib","Td1madao Mod","The Animator","The Cursed","The Servant 0.9.4"],"gold_per_floor":[126,144,144,69,98,98,141,141,141,151,151,178,196,215,215,312,312,343,343,188,34,47,47,47],"floor_reached":23,"playtime":1324,"items_purged":["animator:Strike"],"score":211,"play_id":"2d4ac577-f562-4f3f-bb64-6fbcaf9fd8b3","local_time":"20201224004918","is_ascension_mode":true,"campfire_choices":[{"data":"animator:MamiTomoe","floor":6,"key":"SMITH"},{"data":"animator:NagisaMomoe","floor":8,"key":"SMITH"},{"data":"animator:Kyubey","floor":11,"key":"SMITH"},{"data":"animator:Gluttony","floor":15,"key":"SMITH"}],"circlet_count":0,"master_deck":["animator:Strike_OnePunchMan","animator:Defend_OnePunchMan","animator:Strike","animator:Strike","animator:Defend","animator:Defend","animator:Defend","animator:Genos","animator:MumenRider","Parasite","animator:Kyubey+1","animator:MamiTomoe+1","animator:Gluttony+1","animator:MetalKnight","animator:NagisaMomoe+1","animator:Geryuganshoop","animator:MamiTomoe","animator:Saber","animator:Emonzaemon+1"],"relics":["animator:VividPicture","animator:TheMissingPiece","animator:PurgingStone","Art of War","Potion Belt","Pantograph","GremlinMask","Frozen Eye","Chemical X"],"acts_visited":["Exordium","TheCity"],"potions_floor_usage":[7,7,10,12,14,14,23],"damage_taken":[{"damage":3,"enemies":"Small Slimes","floor":1,"turns":3},{"damage":0,"enemies":"Cultist","floor":2,"turns":2},{"damage":2,"enemies":"2 Louse","floor":5,"turns":2},{"damage":18,"enemies":"Lagavulin","floor":7,"turns":4},{"damage":10,"enemies":"Looter","floor":10,"turns":4},{"damage":17,"enemies":"3 Sentries","floor":12,"turns":6},{"damage":12,"enemies":"3 Louse","floor":13,"turns":4},{"damage":0,"enemies":"Exordium Wildlife","floor":14,"turns":3},{"damage":51,"enemies":"Hexaghost","floor":16,"turns":8},{"damage":28,"enemies":"Shell Parasite","floor":18,"turns":5},{"damage":22,"enemies":"Spheric Guardian","floor":22,"turns":4},{"damage":36,"enemies":"Book of Stabbing","floor":23,"turns":3}],"seed_played":"-3514912209295894318","potions_obtained":[{"floor":1,"key":"Swift Potion"},{"floor":3,"key":"Weak Potion"},{"floor":3,"key":"Energy Potion"},{"floor":3,"key":"DuplicationPotion"},{"floor":10,"key":"AttackPotion"},{"floor":13,"key":"Energy Potion"},{"floor":14,"key":"Fruit Juice"},{"floor":22,"key":"Explosive Potion"}],"is_trial":false,"path_per_floor":["M","M","?","$","M","R","E","R","T","M","R","E","M","M","R","B",null,"M","?","$","$","M","E"],"character_chosen":"THE_ANIMATOR","items_purchased":["Frozen Eye","Chemical X"],"campfire_rested":0,"item_purchase_floors":[20,21],"current_hp_per_floor":[64,64,64,64,62,62,44,44,44,38,38,26,18,27,27,5,73,49,49,49,49,31,0,0],"gold":47,"neow_bonus":"THREE_RARE_CARDS","is_daily":false,"chose_seed":false,"campfire_upgraded":4,"win_rate":0.0,"timestamp":1608767358,"path_taken":["M","M","?","?","M","R","E","R","T","?","R","E","M","M","R","BOSS","M","?","?","$","M","E"],"items_purchased_type":["Relic","Relic"],"build_version":"2020-12-22","purchased_purges":1,"victory":false,"max_hp_per_floor":[67,67,67,67,67,67,67,67,67,67,67,68,68,73,73,73,73,73,73,73,73,73,73,73],"card_choices":[{"not_picked":["animator:Elesis","animator:Eris"],"picked":"animator:Kyubey","floor":0},{"not_picked":["animator:Sloth","animator:DolaSchwi"],"picked":"animator:MamiTomoe","floor":1},{"not_picked":["animator:PandorasActor","animator:Shuna"],"picked":"animator:Gluttony","floor":2},{"not_picked":["animator:Shion","animator:Genos"],"picked":"animator:MetalKnight","floor":5},{"not_picked":["animator:IrohaTamaki","animator:SayakaMiki"],"picked":"animator:NagisaMomoe","floor":7},{"not_picked":["animator:Souei","animator:Priestess","animator:Yoichi"],"picked":"SKIP","floor":10},{"not_picked":["animator:Shion","animator:Shichika"],"picked":"animator:Geryuganshoop","floor":12},{"not_picked":["animator:Emonzaemon","animator:TukaLunaMarceau","animator:Spearman"],"picked":"SKIP","floor":13},{"not_picked":["animator:Emonzaemon","animator:TukaLunaMarceau","animator:Spearman"],"picked":"SKIP","floor":13},{"not_picked":["animator:KyokoSakura","animator:YuiTsuruno"],"picked":"animator:MamiTomoe","floor":14},{"not_picked":["animator:Boros","animator:Sora"],"picked":"animator:Saber","floor":16},{"not_picked":["animator:OrikoMikuni","animator:PandorasActor"],"picked":"animator:Emonzaemon+1","floor":18},{"not_picked":["animator:Chris","animator:Illya","animator:Jibril"],"picked":"SKIP","floor":22}],"player_experience":247848,"relics_obtained":[{"floor":7,"key":"Art of War"},{"floor":9,"key":"Potion Belt"},{"floor":12,"key":"Pantograph"}],"event_choices":[{"damage_healed":0,"gold_gain":0,"player_choice":"Got Potions","damage_taken":0,"max_hp_gain":0,"max_hp_loss":0,"event_name":"Lab","floor":3,"gold_loss":0},{"damage_healed":0,"gold_gain":0,"player_choice":"Trade","damage_taken":0,"relics_obtained":["GremlinMask"],"max_hp_gain":0,"max_hp_loss":0,"event_name":"FaceTrader","floor":19,"gold_loss":0}],"is_beta":false,"boss_relics":[{"not_picked":["Philosopher\u0027s Stone","Runic Dome"],"picked":"animator:VividPicture"}],"items_purged_floors":[4],"is_endless":false,"potions_floor_spawned":[1,10,13,14,22],"killed_by":"Book of Stabbing","ascension_level":1}}