{"host":"k5ezbu40hxyit46v","time":1608759174,"event":{"mods":["Act Like it!","Aspiration","Astrologer","BaseMod","BetterRewards","Conspire","DeckTracker","Energized Spire","Googly Eyes","Halation","HexUI Lib","Highlight Path","Hubris","Infinite Spire","Jedi Mod","Mad Scientist","Marisa????????","Minty Spire (QoL Compilation)","Quarter Circle Forward PUNCH!","Quick Restart","Replay The Spire","Reworked Bosses","Shop Mod","Spikes Relics","StSLib","The Administrix","The Awakened One except there are too many feathers","The Bladedancer","The Cursed","The IronCluck","The Servant 0.9.4","The Wild Card","everything is the same but u backflip on backflip","slay the spire mod where everything is the same but ironclad has a cowboy hat","vexMod"],"gold_per_floor":[113,113,113,129,144,144,177,200,251,251,251,282,302,320,320,421,421,436,455,477,477,477,528,528,547,574,574,574,587,587,502,502,638,638,700,723,723,773,773,773,63,111,111,133,173,207,61,104,104,104],"floor_reached":51,"playtime":2627,"items_purged":["theWildCard:Polydeuces+1","Strike_P","Defend_P","Panacea"],"score":2539,"play_id":"250badd9-0b7b-46f4-a6aa-8e283739bc25","local_time":"20201223163254","is_ascension_mode":true,"campfire_choices":[{"data":"Blind","floor":6.0,"key":"SMITH"},{"data":"Eruption","floor":10.0,"key":"SMITH"},{"data":"Vigilance","floor":15.0,"key":"SMITH"},{"data":"Devotion","floor":24.0,"key":"SMITH"},{"floor":27.0,"key":"DIG"},{"data":"Devotion","floor":40,"key":"SMITH"},{"data":"LikeWater","floor":49,"key":"SMITH"}],"circlet_count":0,"master_deck":["AscendersBane","theWildCard:Polydeuces+1","Strike_P","Strike_P","Strike_P","Defend_P","Defend_P","Defend_P","Eruption+1","Vigilance+1","Blind+1","Bandage Up+1","Devotion+1","FollowUp","SandsOfTime","EmptyBody","Devotion+1","Protect","infinitespire:UltimateForm+1","Protect+1","LikeWater+1"],"relics":["PureWater","Pantograph","Replay:Lucky Slots","MiniBlackHole","halation:Pancakes","Eternal Feather","vexMod:Spyglass","Golden Idol","qcfpunch:Duffel_Bag","jedi:arcanewood","Dream Catcher","hubris:TenFootPole","Orichalcum","hubris:Icosahedron","InkBottle","Coffee Dripper","Replay:Multitool","SpikesRelics:DaevaFist","RollingBoulder","Lantern","infinitespire:Joker Card","infinitespire:EvilPickle","ReplayTheSpireMod:DimensionalGlitch","ReplayTheSpireMod:Lightbulb","Strange Spoon","Garlic","Toolbox","Gremlin Horn","Juzu Bracelet","Toxic Egg 2","Simple Rune","conspire:DeflatedDodgeball"],"acts_visited":["Exordium","TheCity","TheBeyond"],"potions_floor_usage":[33,35,42,50,50],"damage_taken":[{"damage":0.0,"enemies":"Cultist","floor":1.0,"turns":4.0},{"damage":0.0,"enemies":"Small Slimes","floor":4.0,"turns":4.0},{"damage":2.0,"enemies":"Jaw Worm","floor":5.0,"turns":5.0},{"damage":41.0,"enemies":"3 Sentries","floor":7.0,"turns":9.0},{"damage":1.0,"enemies":"Looter","floor":8.0,"turns":5.0},{"damage":13.0,"enemies":"Lagavulin","floor":12.0,"turns":8.0},{"damage":2.0,"enemies":"Blue Slaver","floor":13.0,"turns":5.0},{"damage":2.0,"enemies":"2 Fungi Beasts","floor":14.0,"turns":5.0},{"damage":30.0,"enemies":"The Guardian","floor":16.0,"turns":15.0},{"damage":18.0,"enemies":"Spheric Guardian","floor":18.0,"turns":8.0},{"damage":7.0,"enemies":"Shell Parasite","floor":19.0,"turns":7.0},{"damage":17.0,"enemies":"Centurion and Healer","floor":20.0,"turns":7.0},{"damage":8.0,"enemies":"Slavers","floor":23.0,"turns":6.0},{"damage":23.0,"enemies":"Sentry and Sphere","floor":25.0,"turns":7.0},{"damage":11.0,"enemies":"Cultist and Chosen","floor":29.0,"turns":6.0},{"damage":37,"enemies":"Pondfish","floor":33,"turns":10},{"damage":11,"enemies":"3 Shapes","floor":35,"turns":5},{"damage":0,"enemies":"Reptomancer","floor":42,"turns":5},{"damage":1,"enemies":"Orb Walker","floor":44,"turns":4},{"damage":6,"enemies":"R_Hoarder","floor":45,"turns":5},{"damage":18,"enemies":"Jaw Worm Horde","floor":46,"turns":4},{"damage":0,"enemies":"Giant Head","floor":48,"turns":5},{"damage":37,"enemies":"bossMod:newAwakened","floor":50,"turns":12}],"seed_played":"250985241652253883","potions_obtained":[{"floor":5.0,"key":"Explosive Potion"},{"floor":7.0,"key":"Block Potion"},{"floor":8.0,"key":"Weak Potion"},{"floor":12.0,"key":"PowerPotion"},{"floor":16.0,"key":"Adrenaline Potion"},{"floor":20.0,"key":"Fire Potion"},{"floor":22.0,"key":"Flashbang"},{"floor":23.0,"key":"LiquidBronze"},{"floor":33,"key":"Fire Potion"},{"floor":35,"key":"BlessingOfTheForge"},{"floor":46,"key":"GamblersBrew"}],"is_trial":false,"path_per_floor":["M","?","T","M","M","R","E","M","T","R","?","E","M","M","R","B",null,"M","M","M","?","?","E","R","M","T","R","$","M","T","?","R","B",null,"M","T","AVR","?","?","R","$","E","T","M","E","M","$","E","R","B",null],"character_chosen":"WATCHER","items_purchased":["Pantograph","Blind","Replay:Lucky Slots","MiniBlackHole","halation:Pancakes","Eternal Feather","vexMod:Spyglass","Adrenaline Potion","Garlic","Toolbox","Gremlin Horn","FearPotion","LikeWater"],"campfire_rested":0,"item_purchase_floors":[0,0,0,0,0,0,0,0,41,41,41,47,47],"current_hp_per_floor":[55,55,55,55,57,62,21,24,24,30,30,21,23,25,31,30,54,40,37,24,20,20,16,25,6,6,15,15,8,8,8,35,28,54,46,46,46,46,46,55,55,61,61,62,56,44,44,62,62,28],"gold":104,"neow_bonus":"","is_daily":false,"chose_seed":false,"campfire_upgraded":6,"win_rate":0.0,"timestamp":1608759174,"path_taken":["M","?","?","M","M","R","E","M","T","R","?","E","M","M","R","BOSS","M","M","M","?","?","E","R","M","T","R","?","M","?","?","R","BOSS","M","?","AVR","?","?","R","?","E","T","M","E","M","?","E","R","BOSS"],"items_purchased_type":["Relic","Card","Relic","Relic","Relic","Relic","Relic","Potion","Relic","Relic","Relic","Potion","Card"],"build_version":"2020-12-22","purchased_purges":4,"victory":true,"max_hp_per_floor":[68,62,62,62,62,62,62,62,62,62,62,62,62,62,62,62,62,62,62,62,62,62,62,62,62,62,62,62,62,62,62,62,62,62,62,62,62,62,62,62,62,62,62,62,62,62,62,62,62,62],"card_choices":[{"not_picked":["Crescendo","Halt","Prostrate"],"picked":"SKIP","floor":1.0},{"not_picked":[],"picked":"Bandage Up","floor":4.0},{"not_picked":["Indignation","Prostrate","Sanctity"],"picked":"SKIP","floor":4.0},{"not_picked":[],"picked":"Panacea","floor":5.0},{"not_picked":["Weave","EmptyFist","FollowUp"],"picked":"SKIP","floor":5.0},{"not_picked":["Halt","Meditate","JustLucky"],"picked":"SKIP","floor":7.0},{"not_picked":["CutThroughFate","ClearTheMind","Fasting2"],"picked":"SKIP","floor":8.0},{"not_picked":["Consecrate","Protect","MasterReality"],"picked":"SKIP","floor":12.0},{"not_picked":["SashWhip","Swivel","PathToVictory"],"picked":"SKIP","floor":13.0},{"not_picked":["ClearTheMind","PathToVictory","ThirdEye"],"picked":"SKIP","floor":14.0},{"not_picked":["Establishment","Alpha"],"picked":"Devotion","floor":16.0},{"not_picked":["Halt+1","EmptyMind","ThirdEye"],"picked":"SKIP","floor":18.0},{"not_picked":["Halt","Weave"],"picked":"FollowUp","floor":19.0},{"not_picked":["Replay:BluntJabs","WreathOfFlame"],"picked":"SandsOfTime","floor":20.0},{"not_picked":["FlyingSleeves","Replay:AtTheReady","Vault"],"picked":"SKIP","floor":23.0},{"not_picked":["Replay:Battleflow","Replay:AtTheReady"],"picked":"EmptyBody","floor":25.0},{"not_picked":["Sanctity","Adaptation","Protect"],"picked":"SKIP","floor":29.0},{"not_picked":["Alpha","Brilliance"],"picked":"Devotion","floor":33},{"not_picked":["CrushJoints","Evaluate"],"picked":"Protect","floor":35},{"not_picked":["Vault","EmptyBody","TalkToTheHand"],"picked":"SKIP","floor":42},{"not_picked":["JustLucky","CrushJoints+1","Halt+1"],"picked":"SKIP","floor":44},{"not_picked":["PathToVictory+1","Study"],"picked":"Protect+1","floor":45},{"not_picked":["Replay:Hum+1","Replay:Battleflow+1","SashWhip+1"],"picked":"SKIP","floor":46},{"not_picked":["Replay:Anticipation+1","Indignation+1","Evaluate+1"],"picked":"SKIP","floor":48}],"player_experience":1220246,"relics_obtained":[{"floor":3.0,"key":"qcfpunch:Duffel_Bag"},{"floor":7.0,"key":"jedi:arcanewood"},{"floor":7.0,"key":"Dream Catcher"},{"floor":8.0,"key":"hubris:TenFootPole"},{"floor":9.0,"key":"Orichalcum"},{"floor":12.0,"key":"InkBottle"},{"floor":23.0,"key":"Replay:Multitool"},{"floor":26.0,"key":"SpikesRelics:DaevaFist"},{"floor":27.0,"key":"RollingBoulder"},{"floor":30.0,"key":"Lantern"},{"floor":36,"key":"ReplayTheSpireMod:Lightbulb"},{"floor":42,"key":"Juzu Bracelet"},{"floor":43,"key":"Toxic Egg 2"},{"floor":45,"key":"Simple Rune"},{"floor":48,"key":"conspire:DeflatedDodgeball"}],"event_choices":[{"damage_healed":0.0,"max_hp_gain":0.0,"max_hp_loss":6.0,"gold_gain":0.0,"event_name":"Golden Idol","player_choice":"Lose Max HP","floor":2.0,"gold_loss":0.0,"damage_taken":0.0,"relics_obtained":["Golden Idol"]},{"damage_healed":0.0,"max_hp_gain":0.0,"max_hp_loss":0.0,"gold_gain":0.0,"event_name":"Wheel of Change","player_choice":"Damaged","floor":21.0,"gold_loss":0.0,"damage_taken":9.0},{"damage_healed":0.0,"max_hp_gain":0.0,"max_hp_loss":0.0,"gold_gain":0.0,"event_name":"Lab","player_choice":"Got Potions","floor":22.0,"gold_loss":0.0,"damage_taken":0.0},{"damage_healed":0,"gold_gain":0,"player_choice":"Obtained Relic","damage_taken":0,"relics_obtained":["infinitespire:Joker Card"],"max_hp_gain":0,"max_hp_loss":0,"event_name":"Addict","floor":31,"gold_loss":85},{"damage_healed":0,"gold_gain":50,"player_choice":"Pray","damage_taken":0,"max_hp_gain":0,"max_hp_loss":0,"event_name":"Golden Shrine","floor":38,"gold_loss":0},{"damage_healed":0,"gold_gain":0,"player_choice":"Forge","damage_taken":0,"max_hp_gain":0,"max_hp_loss":0,"event_name":"Accursed Blacksmith","floor":39,"gold_loss":0,"cards_upgraded":["infinitespire:UltimateForm"]}],"is_beta":false,"boss_relics":[{"not_picked":["energizedSpire:OgreHead","vexMod:RockOfEvil"],"picked":"Coffee Dripper"},{"not_picked":["energizedSpire:CrystalSphere","conspire:RoyalGoblet"],"picked":"ReplayTheSpireMod:DimensionalGlitch"}],"items_purged_floors":[0,0,0,37],"is_endless":false,"potions_floor_spawned":[5,7,8,12,16,20,23,33,35,46],"ascension_level":19}}