{"host":"fbjkyf8096sobcph","time":1608745942,"event":{"mods":["2.2 Compatiblity","AchievementEnabler","Aspiration","BaseMod","Better Altar","Better Match","Better Note","Better Sensory Stone","Better Skull","Better Third Choice","BetterRewards","CCEM","Clawfect","Colored Map","Conspire","Downfall","GifTheSpireLib","Halation","Highlight Path","Hubris","Infinite Spire","Mimic Mod","Minty Spire (QoL Compilation)","Permanent Neow","Replay The Spire","Shop Mod","Spicy Shops","StSLib","Stuff the Spire","Unceasing Turn Reminder","Waifu the Spire","everything is the same but u backflip on backflip","slay the spire mod where everything is the same but ironclad has a cowboy hat"],"gold_per_floor":[99,114,24,24,58,71,151,189,256,181,226,326,326,11,38,56,56,56],"floor_reached":16,"playtime":1511,"items_purged":["Spreading Infection"],"score":100,"play_id":"5375dcc9-d960-49e6-8c94-d2d19793d0ce","local_time":"20201223185222","is_ascension_mode":false,"campfire_choices":[{"floor":1,"key":"RECALL"},{"floor":10,"key":"REST"},{"data":"champ:CalledShot","floor":13,"key":"SMITH"}],"circlet_count":0,"master_deck":["champ:Strike","champ:Strike","champ:Strike","champ:Defend","champ:Defend","champ:Defend","champ:Defend","champ:Execute","champ:Taunt","champ:Lariat","champ:BerserkerStyle","champ:CalledShot+1","champ:BerserkerStyle","champ:HeartStrike","champ:StrikeOfGenius","champ:FocusedBerserking","champ:AdrenalArmor"],"relics":["champ:ChampionCrown","infinitespire:Lychee Nut","hubris:SlimyHat","infinitespire:Midas Blood","Unceasing Top","downfall:HeartBlessingRed","Shuriken"],"acts_visited":["Exordium"],"potions_floor_usage":[16],"damage_taken":[{"damage":8,"enemies":"Jaw Worm","floor":2,"turns":5},{"damage":17,"enemies":"downfall:FleeingMerchant","floor":3,"turns":4},{"damage":52,"enemies":"conspire:MimicChest","floor":5,"turns":7},{"damage":32,"enemies":"Small Slimes","floor":6,"turns":6},{"damage":33,"enemies":"Cultist","floor":8,"turns":4},{"damage":82,"enemies":"3 Sentries","floor":9,"turns":11},{"damage":58,"enemies":"2 Fungi Beasts","floor":11,"turns":5},{"damage":14,"enemies":"downfall:FleeingMerchant","floor":14,"turns":4},{"damage":41,"enemies":"Blue Slaver","floor":15,"turns":4},{"damage":35,"enemies":"downfall:Defect","floor":16,"turns":4}],"seed_played":"-1962131481510870983","potions_obtained":[{"floor":2,"key":"Reflective Coating"},{"floor":6,"key":"SpeedPotion"},{"floor":9,"key":"Elixir"}],"is_trial":false,"path_per_floor":["R","M","$","?","?","M","T","M","E","R","M","?","R","$","M","B"],"character_chosen":"THE_CHAMP","items_purchased":["Shuriken","champ:FocusedBerserking"],"campfire_rested":1,"item_purchase_floors":[14,14],"current_hp_per_floor":[67,67,67,67,53,49,49,55,18,38,37,37,37,38,18,0,0,0],"gold":56,"neow_bonus":"ONE_RARE_RELIC","is_daily":false,"chose_seed":false,"campfire_upgraded":1,"win_rate":0.0,"timestamp":1608745942,"path_taken":["R","M","$","?","?","M","T","?","E","R","M","?","R","?","M","BOSS"],"items_purchased_type":["Relic","Card"],"build_version":"2020-12-22","purchased_purges":1,"victory":false,"max_hp_per_floor":[67,67,67,67,67,67,67,67,67,67,67,67,67,67,67,67,67,67],"card_choices":[{"not_picked":["champ:FlashCut","champ:BringItOn"],"picked":"champ:Lariat","floor":2},{"not_picked":["champ:EnragedBash","champ:CrookedStrike"],"picked":"champ:BerserkerStyle","floor":3},{"not_picked":["champ:FanOfKnives","champ:Haymaker","champ:Circumvent"],"picked":"SKIP","floor":6},{"not_picked":["champ:DefensiveShout","champ:FanOfKnives"],"picked":"champ:CalledShot","floor":8},{"not_picked":["champ:Riposte","champ:Haymaker"],"picked":"champ:BerserkerStyle","floor":9},{"not_picked":["champ:Lariat","champ:GutPunch"],"picked":"champ:HeartStrike","floor":11},{"not_picked":["champ:FaceSlap","champ:DefensiveShout"],"picked":"champ:StrikeOfGenius","floor":14},{"not_picked":["champ:DefensiveShout","champ:BladeFlurry"],"picked":"champ:AdrenalArmor","floor":15}],"player_experience":179657,"relics_obtained":[{"floor":5,"key":"hubris:SlimyHat"},{"floor":7,"key":"infinitespire:Midas Blood"},{"floor":9,"key":"Unceasing Top"}],"event_choices":[],"is_beta":false,"boss_relics":[],"items_purged_floors":[3],"is_endless":false,"potions_floor_spawned":[2,6,9],"killed_by":"downfall:Defect","ascension_level":0}}