{"host":"0ueeacaatm8t6jyh","time":1608744182,"event":{"mods":["AchievementEnabler","BaseMod","Colored Powertips","Minty Spire (QoL Compilation)","Quick Restart","Rare Cards Sparkle","StSLib"],"gold_per_floor":[114,114,129,129,148,186,261,261,261,280,280,318,318,356,356,481,481,500,500,500,415,434,453,472,510,510,265,265,284,284,303,303,428,428,447,466,466,485,285,285,304,254,254,254,273,291,310,329,329,329],"floor_reached":51,"playtime":2676,"items_purged":["CutThroughFate","Evaluate","Adaptation"],"score":739,"play_id":"18bb3ed5-52ea-4c99-bc7e-e1fcf79d38e3","local_time":"20201224012302","daily_mods":["SealedDeck","Red Cards","Night Terrors"],"is_ascension_mode":false,"campfire_choices":[{"floor":8.0,"key":"REST"},{"data":"CrushJoints","floor":11.0,"key":"SMITH"},{"data":"Pommel Strike","floor":13.0,"key":"SMITH"},{"data":"Shockwave","floor":15.0,"key":"SMITH"},{"data":"WreathOfFlame","floor":30.0,"key":"SMITH"},{"data":"Pummel","floor":32.0,"key":"SMITH"},{"data":"Armaments","floor":40,"key":"SMITH"},{"data":"DeusExMachina","floor":44,"key":"SMITH"},{"floor":49,"key":"REST"}],"circlet_count":0,"master_deck":["CrushJoints+1","Pummel+1","ClearTheMind","Shrug It Off","Shockwave+1","Wallop","WreathOfFlame+1","Pommel Strike+1","Feed","Armaments+1","Spot Weakness+1","Crescendo","ThirdEye","Tantrum","DeusExMachina+1","Adaptation+1","EmptyFist+1","InnerPeace+1","WreathOfFlame+1"],"relics":["PureWater","Golden Idol","Blue Candle","StrikeDummy","Question Card","StoneCalendar","Runic Pyramid","Smiling Mask","MealTicket","Dead Branch","Lee\u0027s Waffle","MutagenicStrength","Astrolabe","DollysMirror","Nunchaku","CaptainsWheel"],"acts_visited":["Exordium","TheCity","TheBeyond"],"potions_floor_usage":[38,46,50,50,50],"damage_taken":[{"damage":8.0,"enemies":"2 Louse","floor":1.0,"turns":2.0},{"damage":8.0,"enemies":"Jaw Worm","floor":3.0,"turns":3.0},{"damage":0.0,"enemies":"Small Slimes","floor":5.0,"turns":2.0},{"damage":9.0,"enemies":"Gremlin Nob","floor":6.0,"turns":3.0},{"damage":0.0,"enemies":"2 Fungi Beasts","floor":10.0,"turns":3.0},{"damage":6.0,"enemies":"3 Sentries","floor":12.0,"turns":2.0},{"damage":5.0,"enemies":"Lagavulin","floor":14.0,"turns":4.0},{"damage":18.0,"enemies":"Hexaghost","floor":16.0,"turns":7.0},{"damage":1.0,"enemies":"Shell Parasite","floor":18.0,"turns":4.0},{"damage":5.0,"enemies":"3 Byrds","floor":22.0,"turns":5.0},{"damage":0.0,"enemies":"Snecko","floor":23.0,"turns":3.0},{"damage":21.0,"enemies":"Shelled Parasite and Fungi","floor":24.0,"turns":4.0},{"damage":37.0,"enemies":"Slavers","floor":25.0,"turns":4.0},{"damage":0.0,"enemies":"Snake Plant","floor":29.0,"turns":2.0},{"damage":1.0,"enemies":"Centurion and Healer","floor":31.0,"turns":3.0},{"damage":30.0,"enemies":"Collector","floor":33.0,"turns":6.0},{"damage":9.0,"enemies":"3 Darklings","floor":35.0,"turns":3.0},{"damage":34.0,"enemies":"3 Shapes","floor":36.0,"turns":4.0},{"damage":0,"enemies":"Transient","floor":38,"turns":5},{"damage":13,"enemies":"Maw","floor":41,"turns":3},{"damage":11,"enemies":"Writhing Mass","floor":45,"turns":3},{"damage":20,"enemies":"2 Orb Walkers","floor":46,"turns":2},{"damage":7,"enemies":"Jaw Worm Horde","floor":47,"turns":3},{"damage":1,"enemies":"3 Darklings","floor":48,"turns":2},{"damage":10,"enemies":"Donu and Deca","floor":50,"turns":4}],"seed_played":"4926568582952100995","potions_obtained":[{"floor":1.0,"key":"EntropicBrew"},{"floor":14.0,"key":"GamblersBrew"},{"floor":16.0,"key":"PowerPotion"},{"floor":24.0,"key":"LiquidMemories"},{"floor":35.0,"key":"SteroidPotion"},{"floor":36.0,"key":"DuplicationPotion"},{"floor":38,"key":"Fire Potion"},{"floor":48,"key":"LiquidMemories"}],"is_trial":false,"path_per_floor":["M","$","M","?","M","E","?","R","T","M","R","E","R","E","R","B",null,"M","?","?","?","M","M","M","E","T","$","?","M","R","M","R","B",null,"M","M","?","M","$","R","M","$","T","R","M","?","M","M","R","B",null],"character_chosen":"WATCHER","items_purchased":["Lee\u0027s Waffle","ThirdEye","DollysMirror"],"campfire_rested":2,"item_purchase_floors":[27,27,39],"current_hp_per_floor":[64,64,56,38,38,29,18,67,67,67,67,61,61,56,56,38,67,69,69,69,69,67,67,50,16,16,87,87,87,87,89,89,59,90,81,47,38,38,53,53,40,55,55,55,44,27,20,19,88,78],"gold":329,"neow_bonus":"","is_daily":true,"chose_seed":false,"campfire_upgraded":7,"win_rate":0.0,"timestamp":1608744182,"path_taken":["M","$","M","?","M","E","?","R","T","M","R","E","R","E","R","BOSS","M","?","?","?","M","M","M","E","T","$","?","M","R","M","R","BOSS","M","M","?","?","$","R","M","?","T","R","M","?","?","M","R","BOSS"],"items_purchased_type":["Relic","Card","Relic"],"build_version":"2020-12-22","purchased_purges":3,"victory":true,"max_hp_per_floor":[72,72,72,72,72,72,72,67,67,67,67,67,67,67,67,67,67,70,70,70,70,73,73,77,80,80,87,87,87,87,90,90,90,90,90,90,90,90,90,90,90,90,90,90,90,93,93,93,88,88],"card_choices":[{"not_picked":["Blood for Blood","Sword Boomerang"],"picked":"Wallop","floor":1.0},{"not_picked":["Twin Strike","True Grit"],"picked":"Adaptation","floor":3.0},{"not_picked":["ClearTheMind","Protect","Sword Boomerang"],"picked":"SKIP","floor":5.0},{"not_picked":["Corruption","ClearTheMind"],"picked":"WreathOfFlame","floor":6.0},{"not_picked":["JustLucky","Burning Pact"],"picked":"Pommel Strike","floor":10.0},{"not_picked":["Combust","Ragnarok","FlyingSleeves"],"picked":"SKIP","floor":12.0},{"not_picked":["Iron Wave","CutThroughFate","Flex","Nirvana"],"picked":"SKIP","floor":14.0},{"not_picked":["Blasphemy","Omniscience","Offering"],"picked":"Feed","floor":16.0},{"not_picked":["Havoc","Shrug It Off","Cleave+1"],"picked":"Armaments","floor":18.0},{"not_picked":["Prostrate","Thunderclap","Flex+1","Havoc+1"],"picked":"SKIP","floor":22.0},{"not_picked":["Sentinel","Sever Soul","PathToVictory"],"picked":"Spot Weakness+1","floor":23.0},{"not_picked":["Thunderclap","SashWhip","SandsOfTime+1"],"picked":"Crescendo","floor":24.0},{"not_picked":["BowlingBash","ConjureBlade","True Grit","Wild Strike"],"picked":"SKIP","floor":25.0},{"not_picked":["Havoc","MentalFortress","Heavy Blade"],"picked":"CarveReality+1","floor":29.0},{"not_picked":["Shrug It Off","Sever Soul","ReachHeaven"],"picked":"Tantrum","floor":31.0},{"not_picked":["Exhume","Devotion","SpiritShield"],"picked":"DeusExMachina","floor":33.0},{"not_picked":["Feel No Pain","Warcry+1","PathToVictory+1","EmptyFist+1"],"picked":"SKIP","floor":35.0},{"not_picked":["Dropkick","PathToVictory","CarveReality","EmptyFist+1"],"picked":"SKIP","floor":36.0},{"not_picked":["BowlingBash+1","Thunderclap","SignatureMove","CutThroughFate+1"],"picked":"SKIP","floor":38},{"not_picked":["Pommel Strike","Thunderclap","FlurryOfBlows","Entrench+1"],"picked":"SKIP","floor":41},{"not_picked":["Brutality","Twin Strike+1","BowlingBash+1","Combust"],"picked":"SKIP","floor":45},{"not_picked":["Heavy Blade+1","SashWhip+1","Iron Wave","TalkToTheHand+1"],"picked":"SKIP","floor":47},{"not_picked":["ClearTheMind","Sentinel+1","Spot Weakness","Entrench"],"picked":"SKIP","floor":48}],"player_experience":296650,"relics_obtained":[{"floor":6.0,"key":"Blue Candle"},{"floor":9.0,"key":"StrikeDummy"},{"floor":12.0,"key":"Question Card"},{"floor":14.0,"key":"StoneCalendar"},{"floor":25.0,"key":"MealTicket"},{"floor":26.0,"key":"Dead Branch"},{"floor":43,"key":"Nunchaku"},{"floor":46,"key":"CaptainsWheel"}],"event_choices":[{"damage_healed":0.0,"max_hp_gain":0.0,"max_hp_loss":0.0,"gold_gain":0.0,"event_name":"Golden Idol","player_choice":"Take Damage","floor":4.0,"gold_loss":0.0,"damage_taken":18.0,"relics_obtained":["Golden Idol"]},{"damage_healed":0.0,"max_hp_gain":0.0,"max_hp_loss":0.0,"gold_gain":75.0,"event_name":"World of Goop","player_choice":"Gather Gold","floor":7.0,"gold_loss":0.0,"damage_taken":11.0},{"damage_healed":0.0,"max_hp_gain":0.0,"max_hp_loss":0.0,"gold_gain":0.0,"event_name":"Vampires","player_choice":"Ignored","floor":19.0,"gold_loss":0.0,"damage_taken":0.0},{"cards_removed":["Thunderclap"],"damage_healed":0.0,"max_hp_gain":0.0,"max_hp_loss":0.0,"gold_gain":0.0,"event_name":"Back to Basics","player_choice":"Elegance","floor":20.0,"gold_loss":0.0,"damage_taken":0.0},{"damage_healed":0.0,"max_hp_gain":0.0,"max_hp_loss":0.0,"gold_gain":0.0,"event_name":"Addict","player_choice":"Obtained Relic","floor":21.0,"gold_loss":85.0,"damage_taken":0.0,"relics_obtained":["Smiling Mask"]},{"damage_healed":0.0,"max_hp_gain":0.0,"max_hp_loss":0.0,"gold_gain":0.0,"event_name":"Drug Dealer","player_choice":"Inject Mutagens","floor":28.0,"gold_loss":0.0,"damage_taken":0.0,"relics_obtained":["MutagenicStrength"]},{"damage_healed":0.0,"max_hp_gain":0.0,"max_hp_loss":0.0,"gold_gain":0.0,"event_name":"Wheel of Change","player_choice":"Damaged","floor":37.0,"gold_loss":0.0,"damage_taken":9.0},{"damage_healed":0,"gold_gain":0,"player_choice":"Fight","damage_taken":0,"max_hp_gain":0,"max_hp_loss":0,"event_name":"Mysterious Sphere","floor":46,"gold_loss":0}],"is_beta":false,"boss_relics":[{"not_picked":["Busted Crown","Ectoplasm"],"picked":"Runic Pyramid"},{"not_picked":["SlaversCollar","VioletLotus"],"picked":"Astrolabe"}],"items_purged_floors":[27,39,42],"is_endless":false,"potions_floor_spawned":[1,14,16,18,22,24,35,36,38,48],"ascension_level":0}}