{"host":"vsgmwxc1n8l4tqfd","time":1608702841,"event":{"mods":["AchievementEnabler","BaseMod","Bestiary","Minty Spire (QoL Compilation)","Slay-I"],"gold_per_floor":[115,115,15,34,109,124,124,142,142,142,158,158,158,169,169,169,169],"floor_reached":16,"playtime":849,"items_purged":[],"score":92,"play_id":"66194dec-4e12-40d3-9a13-c0735d299d7e","local_time":"20201223055401","is_ascension_mode":false,"campfire_choices":[{"data":"Deadly Poison","floor":7,"key":"SMITH"},{"floor":12,"key":"REST"},{"floor":15,"key":"REST"}],"circlet_count":0,"master_deck":["Strike_G","Strike_G","Strike_G","Strike_G","Strike_G","Defend_G","Defend_G","Defend_G","Defend_G","Defend_G","Survivor","Neutralize+1","Deflect","Deadly Poison+1","Accuracy","Underhanded Strike","Sucker Punch","Poisoned Stab","Reflex","Acrobatics"],"relics":["Ring of the Snake","Matryoshka","CaptainsWheel"],"acts_visited":["Exordium"],"potions_floor_usage":[14,16],"damage_taken":[{"damage":0,"enemies":"2 Louse","floor":1,"turns":5},{"damage":0,"enemies":"Cultist","floor":4,"turns":4},{"damage":0,"enemies":"Small Slimes","floor":6,"turns":5},{"damage":4,"enemies":"Blue Slaver","floor":8,"turns":5},{"damage":3,"enemies":"2 Fungi Beasts","floor":11,"turns":3},{"damage":1,"enemies":"Exordium Wildlife","floor":14,"turns":4},{"damage":74,"enemies":"Slime Boss","floor":16,"turns":15}],"seed_played":"-5984940151729089873","potions_obtained":[{"floor":6,"key":"BlessingOfTheForge"},{"floor":11,"key":"Fire Potion"},{"floor":14,"key":"Explosive Potion"}],"is_trial":false,"path_per_floor":["M","?","$","M","?","M","R","M","T","?","M","R","?","M","R","B"],"character_chosen":"THE_SILENT","items_purchased":["Deadly Poison","Accuracy"],"campfire_rested":2,"item_purchase_floors":[3,3],"current_hp_per_floor":[77,77,77,77,66,66,66,62,62,62,59,77,52,51,74,0,0],"gold":169,"neow_bonus":"TEN_PERCENT_HP_BONUS","is_daily":false,"chose_seed":false,"campfire_upgraded":1,"win_rate":0.0,"timestamp":1608702841,"path_taken":["M","?","?","?","?","M","R","M","T","?","M","R","?","M","R","BOSS"],"items_purchased_type":["Card","Card"],"build_version":"2020-12-22","purchased_purges":0,"victory":false,"max_hp_per_floor":[77,77,77,77,77,77,77,77,77,77,77,77,77,77,77,77,77],"card_choices":[{"not_picked":["Dagger Spray","Riddle With Holes"],"picked":"Deflect","floor":1},{"not_picked":["Acrobatics","Flying Knee"],"picked":"Underhanded Strike","floor":4},{"not_picked":["Dodge and Roll","Caltrops"],"picked":"Sucker Punch","floor":6},{"not_picked":["Outmaneuver","Choke"],"picked":"Poisoned Stab","floor":8},{"not_picked":["Poisoned Stab","Footwork"],"picked":"Reflex","floor":11},{"not_picked":["Underhanded Strike","Malaise"],"picked":"Acrobatics","floor":14}],"player_experience":42245,"relics_obtained":[{"floor":9,"key":"Matryoshka"}],"event_choices":[{"damage_healed":0,"gold_gain":0,"player_choice":"Upgraded","damage_taken":0,"max_hp_gain":0,"max_hp_loss":0,"event_name":"Upgrade Shrine","floor":2,"gold_loss":0,"cards_upgraded":["Neutralize"]},{"damage_healed":0,"gold_gain":75,"player_choice":"Gather Gold","damage_taken":11,"max_hp_gain":0,"max_hp_loss":0,"event_name":"World of Goop","floor":5,"gold_loss":0},{"damage_healed":0,"gold_gain":0,"player_choice":"Ignored","damage_taken":0,"max_hp_gain":0,"max_hp_loss":0,"event_name":"Liars Game","floor":10,"gold_loss":0},{"damage_healed":0,"gold_gain":0,"player_choice":"Success","damage_taken":25,"relics_obtained":["CaptainsWheel"],"max_hp_gain":0,"max_hp_loss":0,"event_name":"Scrap Ooze","floor":13,"gold_loss":0}],"is_beta":false,"boss_relics":[],"items_purged_floors":[],"is_endless":false,"potions_floor_spawned":[6,11,14],"killed_by":"Slime Boss","ascension_level":0}}