{"host":"mmqs5ul2bvb60kyc","time":1608698401,"event":{"mods":["BaseMod","Downfall","Minty Spire (QoL Compilation)","StSLib"],"gold_per_floor":[0,15,29,14,24,24,49,49,61,61,74,105,30,64,80,180,180,30,40,40,140,10,30,30,45,59,70,104,132,132,176,200,307,307,316,342,342,369,397,734,734,743,787,816,841,850,715,144,169,169,169,209,20,29,29],"floor_reached":56,"playtime":5030,"items_purged":["Guardian:Strike_Guardian","Guardian:Strike_Guardian","Guardian:Defend_Guardian"],"score":1464,"play_id":"d7e16846-fbd6-4385-84ea-aab2fe8e12eb","local_time":"20201223124001","is_ascension_mode":true,"campfire_choices":[{"floor":1.0,"key":"RECALL"},{"data":"Guardian:SentryBeam","floor":6.0,"key":"SMITH"},{"data":"Guardian:BronzeOrb","floor":8.0,"key":"SMITH"},{"data":"Guardian:TwinSlam","floor":13.0,"key":"SMITH"},{"floor":18.0,"key":"REST"},{"floor":30.0,"key":"REST"},{"floor":35.0,"key":"REST"},{"floor":42.0,"key":"REST"},{"floor":46.0,"key":"REST"},{"floor":54.0,"key":"REST"}],"circlet_count":0,"master_deck":["Guardian:Defend_Guardian","Guardian:Defend_Guardian","Guardian:Defend_Guardian","Guardian:CurlUp","Guardian:TwinSlam+1","Guardian:CrystalBeam","Guardian:ShieldCharger","Guardian:Planning","Guardian:SentryBeam+1","Guardian:TemporalStrike","Guardian:BronzeOrb+1","Guardian:Incinerate","Guardian:ChargeUp","Guardian:FastForward","Guardian:ChargeCore","Guardian:AncientConstruct","Guardian:RefractedBeam+1","Guardian:TimeCapacitor+1","Guardian:EvasiveProtocol","Guardian:BronzeArmor","Guardian:Recover+1","Guardian:VentSteam+1","Guardian:ChargeUp","Guardian:RefractedBeam+1","Guardian:Orbwalk","Guardian:StasisStrike","Guardian:TimeSifter","Guardian:SentryBeam+1","Guardian:EvasiveProtocol+1","expansioncontent:SuperHexaguard","expansioncontent:Flail","expansioncontent:PrepareCrush","Guardian:ArmoredProtocol","Guardian:MultiBeam","Guardian:TemporalShield","Guardian:Clone","Guardian:TemporalShield","Guardian:Planning+1","Guardian:Harden","Finesse","Guardian:EvasiveProtocol","Guardian:TimeCapacitor+1","Guardian:WalkerClaw","Guardian:ShieldCharger+1","Guardian:DonusPower","Guardian:StasisField","Guardian:ShieldCharger+1","Guardian:Repulse+1"],"relics":["Guardian:ModeShifter","Boot","Anchor","downfall:HeartBlessingRed","Dream Catcher","Fusion Hammer","downfall:HeartBlessingGreen","downfall:HeartBlessingBlue","Ginger","Mercury Hourglass","White Beast Statue","CeramicFish","Happy Flower","Black Star","Old Coin","Art of War","Shuriken","Pen Nib","Omamori","Lantern","DollysMirror","Question Card","Orrery","FossilizedHelix","Gremlin Horn"],"acts_visited":["Exordium","TheCity","TheBeyond","TheEnding"],"potions_floor_usage":[55,55],"damage_taken":[{"damage":0.0,"enemies":"2 Louse","floor":2.0,"turns":3.0},{"damage":1.0,"enemies":"Jaw Worm","floor":3.0,"turns":6.0},{"damage":1.0,"enemies":"downfall:FleeingMerchant","floor":4.0,"turns":4.0},{"damage":0.0,"enemies":"Small Slimes","floor":5.0,"turns":4.0},{"damage":0.0,"enemies":"Exordium Wildlife","floor":9.0,"turns":5.0},{"damage":0.0,"enemies":"3 Louse","floor":11.0,"turns":4.0},{"damage":12.0,"enemies":"Gremlin Nob","floor":12.0,"turns":4.0},{"damage":20.0,"enemies":"Lagavulin","floor":14.0,"turns":5.0},{"damage":2.0,"enemies":"Blue Slaver","floor":15.0,"turns":3.0},{"damage":10.0,"enemies":"downfall:Silent","floor":16.0,"turns":8.0},{"damage":0.0,"enemies":"3 Byrds","floor":19.0,"turns":3.0},{"damage":29.0,"enemies":"downfall:Defect","floor":21.0,"turns":7.0},{"damage":0.0,"enemies":"downfall:FleeingMerchant","floor":22.0,"turns":4.0},{"damage":0.0,"enemies":"Snake Plant","floor":23.0,"turns":3.0},{"damage":0.0,"enemies":"Centurion and Healer","floor":25.0,"turns":5.0},{"damage":0.0,"enemies":"Sentry and Sphere","floor":26.0,"turns":4.0},{"damage":2.0,"enemies":"Shelled Parasite and Fungi","floor":27.0,"turns":5.0},{"damage":0.0,"enemies":"Gremlin Leader","floor":28.0,"turns":6.0},{"damage":0.0,"enemies":"Snecko","floor":29.0,"turns":5.0},{"damage":0.0,"enemies":"Slavers","floor":31.0,"turns":4.0},{"damage":0.0,"enemies":"Centurion and Healer","floor":32.0,"turns":4.0},{"damage":19.0,"enemies":"downfall:Watcher","floor":33.0,"turns":6.0},{"damage":0.0,"enemies":"Orb Walker","floor":36.0,"turns":3.0},{"damage":0.0,"enemies":"3 Shapes","floor":39.0,"turns":2.0},{"damage":5.0,"enemies":"Reptomancer","floor":40.0,"turns":7.0},{"damage":17.0,"enemies":"Nemesis","floor":43.0,"turns":5.0},{"damage":2.0,"enemies":"3 Darklings","floor":44.0,"turns":4.0},{"damage":0.0,"enemies":"Maw","floor":45.0,"turns":5.0},{"damage":10.0,"enemies":"downfall:FleeingMerchant","floor":47.0,"turns":4.0},{"damage":0.0,"enemies":"Jaw Worm Horde","floor":49.0,"turns":2.0},{"damage":12.0,"enemies":"downfall:Ironclad","floor":50.0,"turns":12.0},{"damage":38.0,"enemies":"downfall:CharBossMerchant","floor":52.0,"turns":9.0},{"damage":0,"enemies":"downfall:NeowBoss","floor":55,"turns":17}],"seed_played":"7769782469769044734","potions_obtained":[{"floor":3.0,"key":"EssenceOfSteel"},{"floor":5.0,"key":"Swift Potion"},{"floor":9.0,"key":"Fire Potion"},{"floor":11.0,"key":"DistilledChaos"},{"floor":19.0,"key":"Explosive Potion"},{"floor":26.0,"key":"Weak Potion"},{"floor":27.0,"key":"hexamod:EctoCoolerPotion"},{"floor":28.0,"key":"CultistPotion"},{"floor":31.0,"key":"Fire Potion"},{"floor":32.0,"key":"ColorlessPotion"},{"floor":33.0,"key":"CultistPotion"},{"floor":39.0,"key":"Swift Potion"},{"floor":43.0,"key":"hexamod:EctoCoolerPotion"},{"floor":47.0,"key":"Explosive Potion"},{"floor":49.0,"key":"Energy Potion"}],"is_trial":false,"path_per_floor":["R","M","M","$","M","R","T","R","M","?","M","E","R","E","M","B",null,"R","M","?","?","$","M","T","M","M","M","E","M","R","E","M","B",null,"R","M","?","?","M","E","T","R","E","M","M","R","?","$","M","B",null,"E","$","R","B",null],"character_chosen":"GUARDIAN","items_purchased":["Guardian:Gem_Blue","Lantern","Guardian:Harden","Finesse","Guardian:EvasiveProtocol","DollysMirror","Question Card","Orrery","Guardian:Gem_Orange","Guardian:Gem_Blue"],"campfire_rested":6,"item_purchase_floors":[22,47,47,47,47,47,48,48,48,53],"current_hp_per_floor":[80,80,79,78,78,78,78,78,78,66,66,54,54,34,32,22,80,90,90,90,61,61,61,61,61,61,59,59,59,86,86,86,67,90,90,90,90,80,80,75,75,90,73,71,71,90,80,80,80,68,90,52,52,79,79],"gold":29,"neow_bonus":"TRANSFORM_TWO_CARDS","is_daily":false,"chose_seed":false,"campfire_upgraded":3,"win_rate":0.0,"timestamp":1608698401,"path_taken":["R","M","M","$","M","R","T","R","M","?","M","E","R","E","M","BOSS","R","M","?","?","$","M","T","M","M","M","E","M","R","E","M","BOSS","R","M","?","?","M","E","T","R","E","M","M","R","?","$","M","BOSS","E","$","R","BOSS"],"items_purchased_type":["Card","Relic","Card","Card","Card","Relic","Relic","Relic","Card","Card"],"build_version":"2020-12-13","purchased_purges":3,"victory":true,"max_hp_per_floor":[80,80,80,80,80,80,80,80,80,80,80,80,80,80,80,80,80,90,90,90,90,90,90,90,90,90,90,90,90,90,90,90,90,90,90,90,90,90,90,90,90,90,90,90,90,90,90,90,90,90,90,90,90,90,90],"card_choices":[{"not_picked":["Guardian:Gem_Lightblue","Guardian:GuardianWhirl"],"picked":"Guardian:Planning","floor":2.0},{"not_picked":["Guardian:RollAttack","Guardian:Planning"],"picked":"Guardian:SentryBeam","floor":3.0},{"not_picked":["Guardian:PrismaticBarrier","Guardian:CrystalBeam"],"picked":"Guardian:TemporalStrike","floor":4.0},{"not_picked":["Guardian:TemporalStrike","Guardian:ShieldCharger"],"picked":"Guardian:BronzeOrb","floor":5.0},{"not_picked":["Guardian:Planning","Guardian:CrystalBeam","Guardian:TemporalStrike"],"picked":"SKIP","floor":9.0},{"not_picked":["Guardian:PrimingBeam","Guardian:Planning"],"picked":"Guardian:Incinerate","floor":11.0},{"not_picked":["Guardian:EvasiveProtocol","Guardian:Reroute"],"picked":"Guardian:ChargeUp","floor":12.0},{"not_picked":["Guardian:Reroute","Guardian:PiercingHide"],"picked":"Guardian:FastForward","floor":14.0},{"not_picked":["Guardian:Gem_Cyan","Guardian:PrismaticBarrier"],"picked":"Guardian:ChargeCore","floor":15.0},{"not_picked":["Guardian:FastForward","Guardian:FierceBash"],"picked":"Guardian:AncientConstruct","floor":16.0},{"not_picked":["Guardian:Clone","Guardian:PrismaticBarrier"],"picked":"Guardian:RefractedBeam+1","floor":18.0},{"not_picked":["Guardian:Reroute","Guardian:TemporalStrike"],"picked":"Guardian:TimeCapacitor+1","floor":19.0},{"not_picked":["Guardian:RollAttack+1","Guardian:Gem_Red"],"picked":"Guardian:Gem_White","floor":21.0},{"not_picked":["Guardian:VentSteam","Guardian:PolyBeam+1"],"picked":"Guardian:BronzeArmor","floor":22.0},{"not_picked":["Guardian:BronzeOrb+1","Guardian:Suspension","Guardian:TemporalStrike"],"picked":"SKIP","floor":23.0},{"not_picked":["Guardian:Gem_Cyan","Guardian:ShieldSpikes"],"picked":"Guardian:Recover+1","floor":25.0},{"not_picked":["Guardian:RefractedBeam","Guardian:Recover"],"picked":"Guardian:VentSteam+1","floor":26.0},{"not_picked":["Guardian:BronzeArmor","Guardian:Gem_Green"],"picked":"Guardian:ChargeUp","floor":27.0},{"not_picked":["Guardian:Planning","Guardian:TemporalStrike"],"picked":"Guardian:RefractedBeam+1","floor":28.0},{"not_picked":["Guardian:FloatingOrbs","Guardian:BronzeArmor"],"picked":"Guardian:Orbwalk","floor":29.0},{"not_picked":["Guardian:TemporalStrike+1","Guardian:WalkerClaw"],"picked":"Guardian:StasisStrike","floor":31.0},{"not_picked":["Guardian:Emergency","Guardian:PrismaticBarrier+1"],"picked":"Guardian:Gem_Yellow","floor":32.0},{"not_picked":["Guardian:GemFire","Guardian:BaubleBeam"],"picked":"Guardian:TimeSifter","floor":33.0},{"not_picked":["Guardian:Gem_Red","Guardian:Planning+1"],"picked":"Guardian:SentryBeam+1","floor":35.0},{"not_picked":["Guardian:CrystalBeam+1","Guardian:WalkerClaw+1"],"picked":"Guardian:EvasiveProtocol+1","floor":36.0},{"not_picked":["expansioncontent:SlimeTackle","expansioncontent:DarkVoid"],"picked":"expansioncontent:SuperHexaguard","floor":38.0},{"not_picked":["expansioncontent:Torchfire","expansioncontent:ManipulateTime"],"picked":"expansioncontent:Flail","floor":38.0},{"not_picked":["expansioncontent:Torchfire","expansioncontent:HyperBeam"],"picked":"expansioncontent:PrepareCrush","floor":38.0},{"not_picked":["Guardian:DecasProtection","Guardian:CrystalBeam+1"],"picked":"Guardian:ArmoredProtocol","floor":39.0},{"not_picked":["Guardian:SentryBeam","Guardian:ShieldSpikes"],"picked":"Guardian:Gem_Green","floor":40.0},{"not_picked":["Guardian:VentSteam+1","Guardian:Gem_Red"],"picked":"Guardian:MultiBeam","floor":42.0},{"not_picked":["Guardian:Preprogram","Guardian:StasisStrike"],"picked":"Guardian:TemporalShield","floor":43.0},{"not_picked":["Guardian:RollAttack","Guardian:MultiBeam"],"picked":"Guardian:Clone","floor":44.0},{"not_picked":["Guardian:VentSteam","Guardian:Gem_Green"],"picked":"Guardian:Gem_Cyan","floor":45.0},{"not_picked":["Guardian:BronzeOrb","Guardian:Orbwalk+1"],"picked":"Guardian:TemporalShield","floor":46.0},{"not_picked":["Guardian:ShieldSpikes","Guardian:Emergency"],"picked":"Guardian:Planning+1","floor":47.0},{"not_picked":["Guardian:PrimingBeam","Guardian:CrystalBeam+1","Guardian:GuardianWhirl+1"],"picked":"Guardian:WalkerClaw","floor":48.0},{"not_picked":["Guardian:FloatingOrbs+1","Guardian:FastForward","Guardian:Suspension+1"],"picked":"Guardian:ShieldCharger+1","floor":48.0},{"not_picked":["Guardian:Planning","Guardian:Gem_Yellow","Guardian:Gem_Cyan"],"picked":"Guardian:DonusPower","floor":48.0},{"not_picked":["Guardian:VentSteam","Guardian:PrismaticBarrier","Guardian:Gem_Lightblue"],"picked":"Guardian:Gem_Yellow","floor":48.0},{"not_picked":["Guardian:TimeBomb","Guardian:SentryBeam","Guardian:Harden"],"picked":"Guardian:StasisField","floor":48.0},{"not_picked":["Guardian:Gem_Cyan","Guardian:CrystalBeam","Guardian:Recover+1"],"picked":"Guardian:ShieldCharger+1","floor":49.0},{"not_picked":["Guardian:Gem_Green","Guardian:RollAttack","Guardian:Recover"],"picked":"Guardian:Gem_Purple","floor":52.0},{"not_picked":["Guardian:PrismaticBeam+1","Guardian:ShieldSpikes","Guardian:TemporalShield+1"],"picked":"Guardian:Repulse+1","floor":54.0}],"player_experience":229905,"relics_obtained":[{"floor":12.0,"key":"Anchor"},{"floor":14.0,"key":"Dream Catcher"},{"floor":21.0,"key":"Ginger"},{"floor":21.0,"key":"Mercury Hourglass"},{"floor":24.0,"key":"White Beast Statue"},{"floor":28.0,"key":"CeramicFish"},{"floor":31.0,"key":"Happy Flower"},{"floor":40.0,"key":"Old Coin"},{"floor":40.0,"key":"Art of War"},{"floor":41.0,"key":"Shuriken"},{"floor":43.0,"key":"Pen Nib"},{"floor":43.0,"key":"Omamori"},{"floor":52.0,"key":"FossilizedHelix"},{"floor":52.0,"key":"Gremlin Horn"}],"event_choices":[{"damage_healed":0.0,"max_hp_gain":0.0,"max_hp_loss":0.0,"gold_gain":0.0,"event_name":"Scrap Ooze","player_choice":"Success","floor":10.0,"gold_loss":0.0,"damage_taken":12.0,"relics_obtained":["Boot"]},{"damage_healed":0.0,"max_hp_gain":0.0,"max_hp_loss":0.0,"gold_gain":0.0,"event_name":"The Library","player_choice":"Read","floor":20.0,"gold_loss":0.0,"damage_taken":0.0,"cards_obtained":["Guardian:EvasiveProtocol"]}],"is_beta":false,"boss_relics":[{"not_picked":["Calling Bell","Empty Cage"],"picked":"Fusion Hammer"},{"not_picked":["Runic Dome","Tiny House"],"picked":"Black Star"}],"items_purged_floors":[22,48,53],"is_endless":false,"potions_floor_spawned":[3,5,9,11,19,25,26,27,28,29,31,32,33,36,39,40,43,44,45,47,49,52],"ascension_level":1}}