{"host":"qxeepl7ydvsgmfdb","time":1608704019,"event":{"mods":["AchievementEnabler","BaseMod","Colored Powertips","Minty Spire (QoL Compilation)","Quick Restart","slay the spire mod where everything is the same but ironclad has a cowboy hat"],"gold_per_floor":[217,217,234,234,249,249,199,224,270,284,53,53,53,73,73,171,471,485,199,149,161,161,172,188,188,188,32,32,60,70,82,82,82,82],"floor_reached":33,"playtime":1654,"items_purged":["Strike_G"],"score":320,"play_id":"aa763e6e-5379-43d4-b1ea-2f4de5255b37","local_time":"20201223011339","is_ascension_mode":true,"campfire_choices":[{"data":"Backflip","floor":6.0,"key":"SMITH"},{"floor":13.0,"key":"REST"},{"floor":15.0,"key":"REST"},{"floor":25.0,"key":"REST"},{"floor":28.0,"key":"REST"},{"floor":32.0,"key":"REST"}],"circlet_count":0,"master_deck":["Strike_G","Strike_G","Strike_G","Strike_G","Defend_G","Defend_G","Defend_G","Defend_G","Defend_G","Survivor","Neutralize+1","Deadly Poison","Caltrops","Backflip+1","Escape Plan","Slice","Backstab","All Out Attack","Dagger Spray","CurseOfTheBell","Backstab+1","Cloak And Dagger","Slice"],"relics":["Ring of the Snake","Orichalcum","Vajra","Ancient Tea Set","Regal Pillow","Calling Bell","Anchor","Shuriken","Old Coin","Shovel","Mango","Blood Vial","TwistedFunnel","Whetstone"],"acts_visited":["Exordium","TheCity"],"potions_floor_usage":[],"damage_taken":[{"damage":15.0,"enemies":"Jaw Worm","floor":1.0,"turns":7.0},{"damage":0.0,"enemies":"2 Louse","floor":3.0,"turns":4.0},{"damage":2.0,"enemies":"Cultist","floor":5.0,"turns":4.0},{"damage":28.0,"enemies":"3 Sentries","floor":8.0,"turns":11.0},{"damage":9.0,"enemies":"Large Slime","floor":10.0,"turns":5.0},{"damage":4.0,"enemies":"Exordium Wildlife","floor":14.0,"turns":2.0},{"damage":21.0,"enemies":"Slime Boss","floor":16.0,"turns":8.0},{"damage":0.0,"enemies":"3 Byrds","floor":18.0,"turns":3.0},{"damage":19.0,"enemies":"Spheric Guardian","floor":21.0,"turns":4.0},{"damage":51.0,"enemies":"Chosen and Byrds","floor":23.0,"turns":7.0},{"damage":1.0,"enemies":"Centurion and Healer","floor":24.0,"turns":3.0},{"damage":17.0,"enemies":"Gremlin Leader","floor":29.0,"turns":6.0},{"damage":13.0,"enemies":"Snake Plant","floor":30.0,"turns":3.0},{"damage":6.0,"enemies":"Cultist and Chosen","floor":31.0,"turns":5.0},{"damage":84,"enemies":"Automaton","floor":33,"turns":8}],"seed_played":"-1049870442640223391","potions_obtained":[{"floor":5.0,"key":"Block Potion"},{"floor":8.0,"key":"ColorlessPotion"},{"floor":14.0,"key":"ColorlessPotion"},{"floor":16.0,"key":"ColorlessPotion"},{"floor":18.0,"key":"SteroidPotion"},{"floor":23.0,"key":"EntropicBrew"},{"floor":24.0,"key":"Weak Potion"},{"floor":30.0,"key":"SkillPotion"}],"is_trial":false,"path_per_floor":["M","?","M","?","M","R","?","E","T","M","$","$","R","M","R","B",null,"M","$","?","M","?","M","M","R","T","$","R","E","M","M","R","B"],"character_chosen":"THE_SILENT","items_purchased":["Regal Pillow","Shovel","TwistedFunnel"],"campfire_rested":5,"item_purchase_floors":[11,19,27],"current_hp_per_floor":[55,55,55,55,53,53,53,25,25,16,16,16,52,48,70,49,70,70,70,70,51,65,14,13,53,53,53,84,67,56,52,84,0,0],"gold":82,"neow_bonus":"HUNDRED_GOLD","is_daily":false,"chose_seed":false,"campfire_upgraded":1,"win_rate":0.0,"timestamp":1608704019,"path_taken":["M","?","M","?","?","R","?","E","T","M","?","$","R","M","R","BOSS","M","$","?","?","?","M","M","R","T","?","R","E","M","M","R","BOSS"],"items_purchased_type":["Relic","Relic","Relic"],"build_version":"2020-12-13","purchased_purges":1,"victory":false,"max_hp_per_floor":[70,70,70,70,70,70,70,70,70,70,70,70,70,70,70,70,70,70,70,70,70,84,84,84,84,84,84,84,84,84,84,84,84,84],"card_choices":[{"not_picked":["Quick Slash","Dagger Throw"],"picked":"Deadly Poison","floor":1.0},{"not_picked":["Catalyst","All Out Attack"],"picked":"Caltrops","floor":3.0},{"not_picked":["Bouncing Flask","Underhanded Strike"],"picked":"Slice","floor":5.0},{"not_picked":["Grand Finale","Well Laid Plans"],"picked":"Backstab","floor":8.0},{"not_picked":["PiercingWail","Expertise"],"picked":"All Out Attack","floor":10.0},{"not_picked":["Accuracy","Blur"],"picked":"Dagger Spray","floor":14.0},{"not_picked":["Dodge and Roll+1","Terror+1"],"picked":"Backstab","floor":18.0},{"not_picked":["All Out Attack","Riddle With Holes+1"],"picked":"Cloak And Dagger","floor":21.0},{"not_picked":["Sucker Punch","Reflex"],"picked":"Slice","floor":23.0},{"not_picked":["Dagger Spray","Tactician","Prepared"],"picked":"SKIP","floor":24.0},{"not_picked":["Glass Knife","Flechettes+1","Blade Dance"],"picked":"SKIP","floor":29.0},{"not_picked":["Underhanded Strike+1","Poisoned Stab","Dagger Spray+1"],"picked":"SKIP","floor":30.0},{"not_picked":["Cloak And Dagger","Dagger Spray","Flying Knee"],"picked":"SKIP","floor":31.0}],"player_experience":317731,"relics_obtained":[{"floor":8.0,"key":"Vajra"},{"floor":9.0,"key":"Ancient Tea Set"},{"floor":17.0,"key":"Anchor"},{"floor":17.0,"key":"Shuriken"},{"floor":17.0,"key":"Old Coin"},{"floor":26.0,"key":"Blood Vial"},{"floor":29.0,"key":"Whetstone"}],"event_choices":[{"damage_healed":0.0,"max_hp_gain":0.0,"max_hp_loss":0.0,"gold_gain":0.0,"event_name":"Big Fish","player_choice":"Box","floor":2.0,"gold_loss":0.0,"damage_taken":0.0,"relics_obtained":["Orichalcum"],"cards_obtained":["Regret"]},{"damage_healed":0.0,"max_hp_gain":0.0,"max_hp_loss":0.0,"gold_gain":0.0,"event_name":"Match and Keep!","player_choice":"2 cards matched","floor":4.0,"gold_loss":0.0,"damage_taken":0.0,"cards_obtained":["Backflip","Escape Plan"]},{"cards_removed":["Regret"],"damage_healed":0.0,"max_hp_gain":0.0,"max_hp_loss":0.0,"gold_gain":0.0,"event_name":"The Cleric","player_choice":"Card Removal","floor":7.0,"gold_loss":50.0,"damage_taken":0.0},{"damage_healed":0.0,"max_hp_gain":0.0,"max_hp_loss":0.0,"gold_gain":0.0,"event_name":"The Joust","player_choice":"Bet on Murderer","floor":20.0,"gold_loss":50.0,"damage_taken":0.0},{"damage_healed":0.0,"max_hp_gain":0.0,"max_hp_loss":0.0,"gold_gain":0.0,"event_name":"WeMeetAgain","player_choice":"Gave Potion","floor":22.0,"gold_loss":0.0,"damage_taken":0.0,"relics_obtained":["Mango"]}],"is_beta":false,"boss_relics":[{"not_picked":["Ring of the Serpent","SlaversCollar"],"picked":"Calling Bell"}],"items_purged_floors":[11],"is_endless":false,"potions_floor_spawned":[5,8,14,16,18,23,24,30],"killed_by":"Automaton","ascension_level":4}}