{"host":"y76x98twjnyyxs83","time":1608760901,"event":{"mods":["BaseMod","Colored Powertips","Minty Spire (QoL Compilation)","Permanent Neow","Quick Restart","Rare Cards Sparkle","Relic Stats","StSLib"],"gold_per_floor":[114,124,124,140,159,189,189,1,1,36,36,53,53,78,78,155,155,171,171,171,190,210,210,241,255,255,287,202,237,337,366,366,445,445,465,465,162,211,257,257,351,425,425,499,499,541,261,340,340,400,430,430,430,7,33,33,33],"floor_reached":56,"playtime":2929,"items_purged":["Bite","Defend_P"],"score":2154,"play_id":"bd5f812c-d3db-4a7f-a216-ef9ca6987b36","local_time":"20201224060141","is_ascension_mode":true,"campfire_choices":[{"data":"TalkToTheHand","floor":7.0,"key":"SMITH"},{"data":"Wallop","floor":13.0,"key":"SMITH"},{"data":"Brilliance","floor":15.0,"key":"SMITH"},{"data":"TalkToTheHand","floor":23,"key":"SMITH"},{"data":"Wireheading","floor":32,"key":"SMITH"},{"floor":45,"key":"RECALL"},{"floor":49,"key":"REST"},{"floor":53,"key":"REST"}],"circlet_count":0,"master_deck":["AscendersBane","Defend_P","Defend_P","Defend_P","Eruption","Vigilance","FlyingSleeves","CutThroughFate","TalkToTheHand+1","Brilliance+1","Apotheosis","Wallop+1","Vengeance+1","Blasphemy+1","TalkToTheHand+1","Bite","Bite","Bite","Bite","Worship+1","SandsOfTime","WheelKick","Wireheading+1","Brilliance","Wish+1","DeceiveReality+1","Vault+1","Protect+1","Wish+1","Conclude","Wallop","ForeignInfluence+1","Fasting2","Fasting2"],"relics":["Snecko Eye","Gremlin Horn","Toxic Egg 2","Mango","Cursed Key","Lantern","Akabeko","TeardropLocket","Yang","CaptainsWheel","Letter Opener","Ginger","Fusion Hammer","Orrery","Incense Burner","OrangePellets","Bronze Scales","Pocketwatch"],"acts_visited":["Exordium","TheCity","TheBeyond","TheEnding"],"potions_floor_usage":[24,25,30,41,41,51],"damage_taken":[{"damage":0.0,"enemies":"Jaw Worm","floor":1.0,"turns":3.0},{"damage":0.0,"enemies":"Cultist","floor":2.0,"turns":2.0},{"damage":0.0,"enemies":"Small Slimes","floor":4.0,"turns":2.0},{"damage":7.0,"enemies":"Exordium Thugs","floor":5.0,"turns":3.0},{"damage":0.0,"enemies":"Lagavulin","floor":6.0,"turns":4.0},{"damage":11.0,"enemies":"3 Sentries","floor":10.0,"turns":6.0},{"damage":4.0,"enemies":"3 Louse","floor":12.0,"turns":2.0},{"damage":3.0,"enemies":"Lagavulin","floor":14.0,"turns":5.0},{"damage":19.0,"enemies":"Hexaghost","floor":16.0,"turns":8.0},{"damage":1,"enemies":"Shell Parasite","floor":18,"turns":3},{"damage":4,"enemies":"2 Thieves","floor":21,"turns":2},{"damage":0,"enemies":"Cultist and Chosen","floor":22,"turns":4},{"damage":9,"enemies":"Gremlin Leader","floor":24,"turns":4},{"damage":0,"enemies":"3 Cultists","floor":25,"turns":3},{"damage":18,"enemies":"Book of Stabbing","floor":27,"turns":3},{"damage":0,"enemies":"Gremlin Leader","floor":29,"turns":3},{"damage":0,"enemies":"Colosseum Slavers","floor":30,"turns":1},{"damage":19,"enemies":"Colosseum Nobs","floor":30,"turns":3},{"damage":6,"enemies":"Slavers","floor":31,"turns":3},{"damage":0,"enemies":"Collector","floor":33,"turns":5},{"damage":0,"enemies":"3 Shapes","floor":35,"turns":2},{"damage":0,"enemies":"Orb Walker","floor":38,"turns":3},{"damage":0,"enemies":"4 Shapes","floor":39,"turns":4},{"damage":33,"enemies":"Nemesis","floor":41,"turns":4},{"damage":20,"enemies":"Writhing Mass","floor":42,"turns":5},{"damage":0,"enemies":"Jaw Worm Horde","floor":44,"turns":10},{"damage":3,"enemies":"Spire Growth","floor":46,"turns":5},{"damage":1,"enemies":"Maw","floor":48,"turns":6},{"damage":11,"enemies":"Time Eater","floor":50,"turns":6},{"damage":31,"enemies":"Awakened One","floor":51,"turns":9},{"damage":52,"enemies":"Shield and Spear","floor":55,"turns":4},{"damage":65,"enemies":"The Heart","floor":56,"turns":2}],"seed_played":"8706796675715304853","potions_obtained":[{"floor":3.0,"key":"Explosive Potion"},{"floor":3.0,"key":"Ancient Potion"},{"floor":5.0,"key":"BlessingOfTheForge"},{"floor":6.0,"key":"SpeedPotion"},{"floor":10.0,"key":"ColorlessPotion"},{"floor":18,"key":"Ancient Potion"},{"floor":21,"key":"BottledMiracle"},{"floor":22,"key":"LiquidMemories"},{"floor":29,"key":"LiquidBronze"},{"floor":35,"key":"Ambrosia"},{"floor":44,"key":"Fire Potion"},{"floor":46,"key":"Weak Potion"}],"is_trial":false,"path_per_floor":["M","M","?","M","M","E","R","$","T","E","?","M","R","E","R","B",null,"M","?","?","M","M","R","E","M","T","E","?","E","?","E","R","B",null,"M","?","$","M","M","?","E","M","T","M","R","M","$","M","R","B","B",null,"R","$","E","B"],"character_chosen":"WATCHER","items_purchased":["Apotheosis","Orrery","Energy Potion","Wallop","FearPotion","ForeignInfluence+1","OrangePellets","Fasting2","Bronze Scales"],"campfire_rested":2,"item_purchase_floors":[8,37,37,47,47,47,54,54,54],"current_hp_per_floor":[61,61,61,61,54,54,54,54,54,43,43,39,39,50,50,31,69,68,68,57,57,57,57,54,57,57,48,48,57,44,50,50,57,57,57,54,54,54,54,54,23,8,8,30,30,36,36,53,54,46,33,49,54,54,8,0,0],"gold":33,"neow_bonus":"BOSS_RELIC","is_daily":false,"chose_seed":false,"campfire_upgraded":5,"win_rate":0.0,"timestamp":1608760901,"path_taken":["M","M","?","?","M","E","R","$","T","E","?","?","R","E","R","BOSS","M","?","?","M","M","R","E","?","T","E","?","E","?","E","R","BOSS","M","?","$","M","M","?","E","M","T","M","R","M","$","M","R","BOSS","BOSS","R","$","E","BOSS"],"items_purchased_type":["Card","Relic","Potion","Card","Potion","Card","Relic","Card","Relic"],"build_version":"2020-12-22","purchased_purges":2,"victory":false,"max_hp_per_floor":[68,68,68,68,68,68,68,68,68,68,68,68,68,82,82,82,82,82,82,57,57,57,57,57,57,57,57,57,57,57,57,57,57,57,57,54,54,54,54,54,54,54,54,54,54,54,54,54,54,54,54,54,54,54,54,54,54],"relic_stats":{"OrangePellets":[5],"Gremlin Horn":[28,30],"counters":[32,129],"Bronze Scales":[9],"Snecko Eye":[216,238,242,217],"Yang":[177],"Letter Opener":[87],"Ginger":[16],"Cursed Key":0,"obtain_stats":[{"Lantern":24,"Gremlin Horn":6,"Mango":14,"Yang":29,"Incense Burner":41,"TeardropLocket":28,"Letter Opener":30,"Ginger":31,"Cursed Key":17,"Akabeko":27,"OrangePellets":54,"CaptainsWheel":30,"Bronze Scales":54,"Snecko Eye":0,"Orrery":37,"Fusion Hammer":34,"PureWater":0,"Toxic Egg 2":10,"Pocketwatch":55},{"Lantern":13,"Gremlin Horn":5,"Mango":8,"Yang":16,"Incense Burner":24,"TeardropLocket":15,"Letter Opener":18,"Ginger":19,"Cursed Key":9,"Akabeko":15,"OrangePellets":30,"CaptainsWheel":18,"Bronze Scales":30,"Snecko Eye":0,"Orrery":21,"Fusion Hammer":20,"PureWater":0,"Toxic Egg 2":6,"Pocketwatch":31},{"Lantern":48,"Gremlin Horn":14,"Mango":27,"Yang":57,"Incense Burner":82,"TeardropLocket":54,"Letter Opener":61,"Ginger":64,"Cursed Key":35,"Akabeko":54,"OrangePellets":123,"CaptainsWheel":61,"Bronze Scales":123,"Snecko Eye":0,"Orrery":71,"Fusion Hammer":69,"PureWater":0,"Toxic Egg 2":20,"Pocketwatch":127}],"Pocketwatch":[0]},"card_choices":[{"not_picked":["FlurryOfBlows","Halt"],"picked":"FlyingSleeves","floor":1.0},{"not_picked":["FlurryOfBlows","ThirdEye"],"picked":"CutThroughFate","floor":2.0},{"not_picked":["PathToVictory","CutThroughFate","JustLucky"],"picked":"SKIP","floor":4.0},{"not_picked":["PathToVictory","ThirdEye"],"picked":"TalkToTheHand","floor":5.0},{"not_picked":["Fasting2","ClearTheMind"],"picked":"Brilliance","floor":6.0},{"not_picked":["FlurryOfBlows","WreathOfFlame+1"],"picked":"Wallop","floor":10.0},{"not_picked":["ClearTheMind+1","Nirvana"],"picked":"Vengeance+1","floor":12.0},{"not_picked":["EmptyBody+1","ClearTheMind+1","FlyingSleeves"],"picked":"SKIP","floor":14.0},{"not_picked":["MasterReality","Scrawl+1"],"picked":"Blasphemy+1","floor":16.0},{"not_picked":["SashWhip","Pray+1"],"picked":"TalkToTheHand","floor":18},{"not_picked":["FlurryOfBlows","CarveReality"],"picked":"Worship+1","floor":21},{"not_picked":["ReachHeaven","JustLucky","CrushJoints"],"picked":"SKIP","floor":22},{"not_picked":["Wallop","ThirdEye+1"],"picked":"SandsOfTime","floor":24},{"not_picked":["Adaptation","BattleHymn","MentalFortress"],"picked":"SKIP","floor":25},{"not_picked":["Halt+1","Indignation+1"],"picked":"WheelKick","floor":27},{"not_picked":["Crescendo+1","Collect+1","Fasting2"],"picked":"SKIP","floor":29},{"not_picked":["ReachHeaven","ClearTheMind+1"],"picked":"Wireheading","floor":30},{"not_picked":["CutThroughFate","CrushJoints"],"picked":"Brilliance","floor":31},{"not_picked":["Judgement+1","Devotion"],"picked":"Wish+1","floor":33},{"not_picked":["InnerPeace+1","Evaluate+1"],"picked":"DeceiveReality+1","floor":35},{"not_picked":["Brilliance","SpiritShield+1"],"picked":"Vault+1","floor":37},{"not_picked":["CutThroughFate","WreathOfFlame+1"],"picked":"Protect+1","floor":37},{"not_picked":["FlurryOfBlows","Evaluate+1","FlyingSleeves"],"picked":"SKIP","floor":38},{"not_picked":["Wireheading","SashWhip","EmptyFist"],"picked":"SKIP","floor":39},{"not_picked":["Adaptation","FollowUp","BowlingBash"],"picked":"SKIP","floor":41},{"not_picked":["BowlingBash","InnerPeace+1","CrushJoints+1"],"picked":"SKIP","floor":42},{"not_picked":["ClearTheMind+1","Tantrum"],"picked":"Conclude","floor":44},{"not_picked":["Consecrate+1","Swivel+1","Prostrate+1"],"picked":"SKIP","floor":46},{"not_picked":["SignatureMove","Perseverance+1"],"picked":"Fasting2","floor":48},{"not_picked":["DeusExMachina+1","InnerPeace+1","JustLucky"],"picked":"SKIP","floor":55}],"player_experience":1108052,"relics_obtained":[{"floor":6.0,"key":"Gremlin Horn"},{"floor":10.0,"key":"Toxic Egg 2"},{"floor":14.0,"key":"Mango"},{"floor":24,"key":"Lantern"},{"floor":27,"key":"Akabeko"},{"floor":29,"key":"Yang"},{"floor":30,"key":"CaptainsWheel"},{"floor":30,"key":"Letter Opener"},{"floor":31,"key":"Ginger"},{"floor":41,"key":"Incense Burner"},{"floor":55,"key":"Pocketwatch"}],"event_choices":[{"damage_healed":0.0,"max_hp_gain":0.0,"max_hp_loss":0.0,"gold_gain":0.0,"event_name":"Lab","player_choice":"Got Potions","floor":3.0,"gold_loss":0.0,"damage_taken":0.0},{"cards_removed":["Strike_P"],"damage_healed":0.0,"max_hp_gain":0.0,"max_hp_loss":0.0,"gold_gain":0.0,"event_name":"Bonfire Elementals","player_choice":"Offered Basic","floor":11.0,"gold_loss":0.0,"damage_taken":0.0},{"damage_healed":0,"gold_gain":0,"player_choice":"Ignored","damage_taken":0,"max_hp_gain":0,"max_hp_loss":0,"event_name":"The Mausoleum","floor":19,"gold_loss":0},{"damage_healed":0,"gold_gain":0,"player_choice":"Became a vampire","damage_taken":0,"max_hp_gain":0,"max_hp_loss":25,"event_name":"Vampires","floor":20,"gold_loss":0,"cards_obtained":["Bite","Bite","Bite","Bite","Bite"]},{"damage_healed":0,"gold_gain":0,"player_choice":"Obtained Relic","damage_taken":0,"relics_obtained":["TeardropLocket"],"max_hp_gain":0,"max_hp_loss":0,"event_name":"Addict","floor":28,"gold_loss":85},{"damage_healed":0,"gold_gain":0,"player_choice":"Fight","damage_taken":0,"max_hp_gain":0,"max_hp_loss":0,"event_name":"Colosseum","floor":30,"gold_loss":0},{"damage_healed":0,"gold_gain":0,"player_choice":"Fought Nobs","damage_taken":0,"max_hp_gain":0,"max_hp_loss":0,"event_name":"Colosseum","floor":30,"gold_loss":0},{"damage_healed":0,"gold_gain":0,"player_choice":"Max HP","damage_taken":0,"max_hp_gain":0,"max_hp_loss":3,"event_name":"Winding Halls","floor":36,"gold_loss":0},{"damage_healed":0,"gold_gain":0,"player_choice":"1 cards matched","damage_taken":0,"max_hp_gain":0,"max_hp_loss":0,"event_name":"Match and Keep!","floor":40,"gold_loss":0,"cards_obtained":["Wish"]},{"damage_healed":0,"gold_gain":0,"player_choice":"1 cards matched","damage_taken":0,"max_hp_gain":0,"max_hp_loss":0,"event_name":"Match and Keep!","floor":40,"gold_loss":0,"cards_obtained":["Wish"]}],"is_beta":false,"boss_relics":[{"not_picked":["Astrolabe","Coffee Dripper"],"picked":"Cursed Key"},{"not_picked":["SlaversCollar","VioletLotus"],"picked":"Fusion Hammer"}],"items_purged_floors":[37,47],"is_endless":false,"potions_floor_spawned":[5,6,10,18,21,22,29,30,35,44,46,48],"killed_by":"The Heart","ascension_level":20}}