{"host":"1vysks8ssvkrgxm9","time":1608721428,"event":{"mods":["Always Whale","BaseMod","Lobotomy","Minty Spire (QoL Compilation)","StSLib","SuperFastMode"],"gold_per_floor":[114,130,9324,9335,9335,9663,9663,9677,9757,9757,9757],"floor_reached":10,"playtime":290,"items_purged":["Strike_B"],"score":146,"play_id":"b1d8b854-ba47-4064-964a-337093ac0e23","local_time":"20201223200348","is_ascension_mode":true,"campfire_choices":[{"data":"Chaos","floor":7,"key":"SMITH"}],"circlet_count":0,"master_deck":["Strike_B","Strike_B","Strike_B","Defend_B","Defend_B","Defend_B","Defend_B+1","Zap","Dualcast","Sweeping Beam","Auto Shields+1","Chaos+1","Heatsinks","Turbo","Conserve Battery","Glacier"],"relics":["Black Star","Pantograph","TheAbacus","War Paint","Old Coin","Juzu Bracelet","Matryoshka"],"acts_visited":["Exordium"],"potions_floor_usage":[6],"damage_taken":[{"damage":6,"enemies":"Cultist","floor":1,"turns":3},{"damage":11,"enemies":"Small Slimes","floor":2,"turns":3},{"damage":7,"enemies":"2 Louse","floor":4,"turns":2},{"damage":17,"enemies":"Lagavulin","floor":6,"turns":8},{"damage":0,"enemies":"Large Slime","floor":8,"turns":4},{"damage":19,"enemies":"Gremlin Nob","floor":10,"turns":4}],"seed_played":"6485532541920572821","potions_obtained":[{"floor":1,"key":"AttackPotion"},{"floor":8,"key":"Ancient Potion"}],"is_trial":false,"path_per_floor":["M","M","$","M","?","E","R","M","T","E"],"character_chosen":"DEFECT","items_purchased":["Pantograph","TheAbacus","War Paint","PotionOfCapacity","Chaos","Heatsinks"],"campfire_rested":0,"item_purchase_floors":[3,3,3,3,3,3],"current_hp_per_floor":[69,58,58,51,51,34,34,34,34,15,15],"gold":9757,"neow_bonus":"BOSS_RELIC","is_daily":false,"chose_seed":false,"campfire_upgraded":1,"win_rate":0.0,"timestamp":1608721428,"path_taken":["M","M","$","?","?","E","R","M","T","E"],"items_purchased_type":["Relic","Relic","Relic","Potion","Card","Card"],"build_version":"2020-12-22","purchased_purges":1,"victory":false,"max_hp_per_floor":[75,75,75,75,75,75,75,75,75,75,75],"card_choices":[{"not_picked":["Force Field","Fusion"],"picked":"Sweeping Beam","floor":1},{"not_picked":["Hologram","Rebound"],"picked":"Auto Shields","floor":2},{"not_picked":["Blizzard","Darkness"],"picked":"Turbo","floor":4},{"not_picked":["Hologram","Turbo"],"picked":"Conserve Battery","floor":6},{"not_picked":["Hologram","Aggregate"],"picked":"Glacier","floor":8}],"player_experience":44524,"relics_obtained":[{"floor":6,"key":"Old Coin"},{"floor":6,"key":"Juzu Bracelet"},{"floor":9,"key":"Matryoshka"}],"event_choices":[{"damage_healed":0,"gold_gain":0,"player_choice":"Ignored","damage_taken":0,"max_hp_gain":0,"max_hp_loss":0,"event_name":"Liars Game","floor":5,"gold_loss":0}],"is_beta":false,"boss_relics":[],"items_purged_floors":[3],"is_endless":false,"potions_floor_spawned":[1,8],"killed_by":"Gremlin Nob","ascension_level":1}}