{"host":"n4fty02wqqi95laq","time":1608700843,"event":{"mods":["BaseMod","Highlight Path","Minty Spire (QoL Compilation)","Quick Restart","Rare Cards Sparkle","StSLib"],"gold_per_floor":[110,35,35,35,35,35,55,55,82,82,106,130,153,189,189,282,282,302,302,322,210,229,229,265,265,315,315,315,315],"floor_reached":28,"playtime":764,"items_purged":["Pain"],"score":472,"play_id":"1b511bd8-bbf7-4909-9e96-b9262096fdd9","local_time":"20201223132043","is_ascension_mode":true,"campfire_choices":[{"data":"Blade Dance","floor":6.0,"key":"SMITH"},{"floor":8.0,"key":"REST"},{"data":"A Thousand Cuts","floor":15.0,"key":"SMITH"},{"data":"1","floor":23.0,"key":"LIFT"},{"data":"Tactician","floor":25.0,"key":"SMITH"},{"data":"2","floor":27.0,"key":"LIFT"}],"circlet_count":0,"master_deck":["AscendersBane","Strike_G","Strike_G","Strike_G","Strike_G","Defend_G+1","Defend_G","Defend_G","Defend_G","Defend_G","Survivor","Neutralize+1","After Image","Blade Dance+1","Cloak And Dagger","A Thousand Cuts+1","Terror","After Image","Acrobatics","Footwork","Accuracy","Tactician+1"],"relics":["Ring of the Snake","StrikeDummy","Toy Ornithopter","Golden Idol","Girya","Coffee Dripper","WarpedTongs","Bag of Preparation","Smiling Mask"],"acts_visited":["Exordium","TheCity"],"potions_floor_usage":[],"damage_taken":[{"damage":2.0,"enemies":"2 Louse","floor":1.0,"turns":4.0},{"damage":4.0,"enemies":"Small Slimes","floor":7.0,"turns":3.0},{"damage":0.0,"enemies":"Cultist","floor":11.0,"turns":2.0},{"damage":4.0,"enemies":"2 Fungi Beasts","floor":12.0,"turns":3.0},{"damage":0.0,"enemies":"Looter","floor":13.0,"turns":3.0},{"damage":4.0,"enemies":"3 Sentries","floor":14.0,"turns":7.0},{"damage":22.0,"enemies":"Hexaghost","floor":16.0,"turns":9.0},{"damage":0.0,"enemies":"Spheric Guardian","floor":18.0,"turns":4.0},{"damage":12.0,"enemies":"2 Thieves","floor":20.0,"turns":4.0},{"damage":15.0,"enemies":"Snake Plant","floor":22.0,"turns":5.0},{"damage":30.0,"enemies":"Slavers","floor":24.0,"turns":5.0},{"damage":5,"enemies":"Gremlin Leader","floor":28,"turns":4}],"seed_played":"-5918201746230774412","potions_obtained":[{"floor":11.0,"key":"Explosive Potion"},{"floor":13.0,"key":"Regen Potion"},{"floor":14.0,"key":"Swift Potion"},{"floor":18.0,"key":"Explosive Potion"}],"is_trial":false,"path_per_floor":["M","?","?","$","?","R","M","R","T","?","M","M","M","E","R","B",null,"M","?","M","$","M","R","E","R","T","R","E"],"character_chosen":"THE_SILENT","items_purchased":["Footwork"],"campfire_rested":1,"item_purchase_floors":[21],"current_hp_per_floor":[57,57,39,39,28,28,24,42,42,42,42,38,38,39,39,22,46,46,46,39,39,24,24,13,13,13,13,8,8],"gold":315,"neow_bonus":"THREE_RARE_CARDS","is_daily":false,"chose_seed":false,"campfire_upgraded":3,"win_rate":0.0,"timestamp":1608700843,"path_taken":["M","?","?","$","?","R","M","R","T","?","M","M","M","E","R","BOSS","M","?","M","$","M","R","E","R","T","R","E"],"items_purchased_type":["Card"],"build_version":"2020-12-22","purchased_purges":1,"victory":false,"max_hp_per_floor":[60,60,60,60,60,60,60,60,60,54,54,54,54,54,54,54,54,54,54,54,54,54,54,54,54,54,54,54,54],"card_choices":[{"not_picked":["Tools of the Trade","Doppelganger"],"picked":"After Image","floor":0.0},{"not_picked":["Flying Knee","Noxious Fumes"],"picked":"Blade Dance","floor":1.0},{"not_picked":["Dagger Spray","Poisoned Stab","Dodge and Roll"],"picked":"SKIP","floor":7.0},{"not_picked":["Bane","Prepared","Storm of Steel"],"picked":"SKIP","floor":11.0},{"not_picked":["Deflect","PiercingWail"],"picked":"Cloak And Dagger","floor":12.0},{"not_picked":["Expertise","Backflip"],"picked":"A Thousand Cuts","floor":13.0},{"not_picked":["Tactician","Poisoned Stab"],"picked":"Terror","floor":14.0},{"not_picked":["Glass Knife","Doppelganger"],"picked":"After Image","floor":16.0},{"not_picked":["Prepared+1","Predator"],"picked":"Acrobatics","floor":18.0},{"not_picked":["Blade Dance","Underhanded Strike","Flying Knee"],"picked":"SKIP","floor":20.0},{"not_picked":["Dagger Throw+1","Dagger Spray"],"picked":"Accuracy","floor":22.0},{"not_picked":["Prepared","Underhanded Strike"],"picked":"Tactician","floor":24.0}],"player_experience":631129,"relics_obtained":[{"floor":9.0,"key":"Toy Ornithopter"},{"floor":14.0,"key":"Girya"},{"floor":24.0,"key":"Bag of Preparation"},{"floor":26.0,"key":"Smiling Mask"}],"event_choices":[{"cards_removed":["Strike_G"],"damage_healed":0.0,"max_hp_gain":0.0,"max_hp_loss":0.0,"gold_gain":0.0,"event_name":"The Cleric","player_choice":"Card Removal","floor":2.0,"gold_loss":75.0,"damage_taken":0.0},{"damage_healed":0.0,"max_hp_gain":0.0,"max_hp_loss":0.0,"gold_gain":0.0,"event_name":"Shining Light","player_choice":"Entered Light","floor":3.0,"gold_loss":0.0,"damage_taken":18.0,"cards_upgraded":["Defend_G","Neutralize"]},{"damage_healed":0.0,"max_hp_gain":0.0,"max_hp_loss":0.0,"gold_gain":0.0,"event_name":"Scrap Ooze","player_choice":"Success","floor":5.0,"gold_loss":0.0,"damage_taken":11.0,"relics_obtained":["StrikeDummy"]},{"damage_healed":0.0,"max_hp_gain":0.0,"max_hp_loss":6.0,"gold_gain":0.0,"event_name":"Golden Idol","player_choice":"Lose Max HP","floor":10.0,"gold_loss":0.0,"damage_taken":0.0,"relics_obtained":["Golden Idol"]},{"damage_healed":0.0,"max_hp_gain":0.0,"max_hp_loss":0.0,"gold_gain":0.0,"event_name":"Accursed Blacksmith","player_choice":"Rummage","floor":19.0,"gold_loss":0.0,"damage_taken":0.0,"relics_obtained":["WarpedTongs"],"cards_obtained":["Pain"]}],"is_beta":false,"boss_relics":[{"not_picked":["Black Star","Sozu"],"picked":"Coffee Dripper"}],"items_purged_floors":[21],"is_endless":false,"potions_floor_spawned":[11,13,14,18],"killed_by":"Gremlin Leader","ascension_level":20}}