{"host":"dcj2yvrgcvh5dl2s","time":1608697098,"event":{"mods":["BaseMod","Better Note","Block Reminder","Colored Powertips","DeckTracker","Minty Spire (QoL Compilation)","Quick Restart","Rare Cards Sparkle","Relic Stats","StSLib"],"gold_per_floor":[111,111,286,90,104,139,154,177,177,191,207,207,242,267,267,360,360,379,379,398,48,64,64,79,79,79,179,179,200,234,253,253,342,342,358,371,27,43,43,43],"floor_reached":39,"playtime":1323,"items_purged":["Doubt","Doubt"],"score":688,"play_id":"2407a302-8dba-4433-b75e-c125da768ce3","local_time":"20201223141818","is_ascension_mode":true,"campfire_choices":[{"floor":12.0,"key":"REST"},{"data":"Uppercut","floor":15.0,"key":"SMITH"},{"data":"Intimidate","floor":23.0,"key":"SMITH"},{"data":"Body Slam","floor":25.0,"key":"SMITH"},{"data":"Perfected Strike","floor":28.0,"key":"SMITH"},{"floor":32,"key":"REST"}],"circlet_count":0,"master_deck":["AscendersBane","Bash","Panache","Pommel Strike","Perfected Strike+1","Good Instincts","Uppercut+1","Intimidate+1","Flex","Metallicize","Battle Trance","Pommel Strike","Intimidate","Cleave","Immolate","Infernal Blade+1","Shockwave","Flex","Heavy Blade","Sword Boomerang","Body Slam+1","Limit Break","Berserk+1","Reaper","Evolve+1","Pummel","Offering","Infernal Blade","Flex","Rampage","Clash","Flame Barrier","Shrug It Off"],"relics":["Burning Blood","Golden Idol","Unceasing Top","Meat on the Bone","InkBottle","Cursed Key","Pantograph","Shuriken","Frozen Egg 2","Pandora\u0027s Box","Gremlin Horn"],"acts_visited":["Exordium","TheCity","TheBeyond"],"potions_floor_usage":[36,36,36,38,38],"damage_taken":[{"damage":8.0,"enemies":"2 Louse","floor":1.0,"turns":4.0},{"damage":7.0,"enemies":"Jaw Worm","floor":5.0,"turns":3.0},{"damage":35.0,"enemies":"3 Sentries","floor":6.0,"turns":8.0},{"damage":0.0,"enemies":"Cultist","floor":7.0,"turns":3.0},{"damage":3.0,"enemies":"2 Fungi Beasts","floor":8.0,"turns":4.0},{"damage":25.0,"enemies":"Exordium Thugs","floor":10.0,"turns":5.0},{"damage":6.0,"enemies":"Lots of Slimes","floor":11.0,"turns":4.0},{"damage":36.0,"enemies":"Gremlin Nob","floor":13.0,"turns":5.0},{"damage":13.0,"enemies":"3 Louse","floor":14.0,"turns":3.0},{"damage":35.0,"enemies":"Hexaghost","floor":16.0,"turns":10.0},{"damage":18.0,"enemies":"Shell Parasite","floor":18.0,"turns":3.0},{"damage":17.0,"enemies":"2 Thieves","floor":20.0,"turns":4.0},{"damage":8.0,"enemies":"Snecko","floor":22.0,"turns":3.0},{"damage":24.0,"enemies":"Snake Plant","floor":24.0,"turns":3.0},{"damage":18.0,"enemies":"Centurion and Healer","floor":29.0,"turns":4.0},{"damage":39.0,"enemies":"Slavers","floor":30.0,"turns":3.0},{"damage":10,"enemies":"Snecko","floor":31,"turns":3},{"damage":115,"enemies":"Collector","floor":33,"turns":12},{"damage":15,"enemies":"3 Darklings","floor":35,"turns":3},{"damage":18,"enemies":"Orb Walker","floor":36,"turns":3},{"damage":41,"enemies":"Spire Growth","floor":38,"turns":3},{"damage":66,"enemies":"Transient","floor":39,"turns":5}],"seed_played":"4885820236028800975","potions_obtained":[{"floor":1.0,"key":"PowerPotion"},{"floor":5.0,"key":"FairyPotion"},{"floor":10.0,"key":"Fire Potion"},{"floor":14.0,"key":"SkillPotion"},{"floor":16.0,"key":"FairyPotion"},{"floor":33,"key":"EntropicBrew"},{"floor":35,"key":"Explosive Potion"},{"floor":36,"key":"Regen Potion"}],"is_trial":false,"path_per_floor":["M","?","?","$","M","E","M","M","T","M","M","R","E","M","R","B",null,"M","?","M","$","M","R","M","R","T","?","R","M","E","M","R","B",null,"M","M","$","M","M"],"character_chosen":"IRONCLAD","items_purchased":["Perfected Strike","Good Instincts","Pantograph","Flex","Heavy Blade","Gremlin Horn"],"campfire_rested":2,"item_purchase_floors":[4,4,21,21,21,37],"current_hp_per_floor":[70,52,52,52,51,22,28,31,31,24,36,57,39,44,44,27,61,49,49,50,50,48,48,42,42,42,42,42,42,21,29,50,39,64,69,57,57,43,0,0],"gold":43,"neow_bonus":"RANDOM_COLORLESS_2","is_daily":false,"chose_seed":false,"campfire_upgraded":4,"win_rate":0.0,"timestamp":1608697098,"path_taken":["M","?","?","$","M","E","M","M","T","M","?","R","E","M","R","BOSS","M","?","M","$","?","R","M","R","T","?","R","?","E","M","R","BOSS","M","M","$","M","?"],"items_purchased_type":["Card","Card","Relic","Card","Card","Relic"],"build_version":"2020-12-13","purchased_purges":2,"victory":false,"max_hp_per_floor":[72,72,72,72,72,72,72,72,72,72,72,72,72,72,72,72,72,72,72,72,72,72,72,72,72,72,72,72,72,72,72,72,72,72,72,72,72,72,72,72],"relic_stats":{"Gremlin Horn":[0,0],"counters":[22,98],"Golden Idol":111,"Shuriken":[15],"Pantograph":22,"Pandora\u0027s Box":["Reaper","Evolve","Pummel","Offering","Infernal Blade","Flex","Rampage","Clash","Flame Barrier"],"Cursed Key":1,"obtain_stats":[{"Gremlin Horn":37,"Golden Idol":2,"Shuriken":26,"Pantograph":21,"Pandora\u0027s Box":34,"Frozen Egg 2":30,"Cursed Key":17,"Burning Blood":0,"Unceasing Top":6,"InkBottle":13,"Meat on the Bone":9},{"Gremlin Horn":20,"Golden Idol":1,"Shuriken":14,"Pantograph":12,"Pandora\u0027s Box":18,"Frozen Egg 2":16,"Cursed Key":10,"Burning Blood":0,"Unceasing Top":3,"InkBottle":8,"Meat on the Bone":5},{"Gremlin Horn":90,"Golden Idol":4,"Shuriken":62,"Pantograph":56,"Pandora\u0027s Box":84,"Frozen Egg 2":69,"Cursed Key":49,"Burning Blood":0,"Unceasing Top":15,"InkBottle":36,"Meat on the Bone":22}],"Burning Blood":126,"Unceasing Top":[9],"InkBottle":[22],"Meat on the Bone":144},"card_choices":[{"not_picked":["The Bomb","Violence"],"picked":"Panache","floor":0.0},{"not_picked":["Evolve","Perfected Strike"],"picked":"Pommel Strike","floor":1.0},{"not_picked":["Spot Weakness","Cleave"],"picked":"Uppercut","floor":5.0},{"not_picked":["Clothesline","Iron Wave"],"picked":"Intimidate","floor":6.0},{"not_picked":["Shrug It Off","Battle Trance"],"picked":"Flex","floor":7.0},{"not_picked":["Bloodletting","Heavy Blade"],"picked":"Metallicize","floor":8.0},{"not_picked":["Perfected Strike","Headbutt"],"picked":"Battle Trance","floor":10.0},{"not_picked":["Clash","Thunderclap"],"picked":"Pommel Strike","floor":11.0},{"not_picked":["Flame Barrier","Exhume"],"picked":"Intimidate","floor":13.0},{"not_picked":["Wild Strike","Second Wind"],"picked":"Cleave","floor":14.0},{"not_picked":["Feed","Fiend Fire"],"picked":"Immolate","floor":16.0},{"not_picked":["Sword Boomerang","Power Through"],"picked":"Infernal Blade","floor":18.0},{"not_picked":["Carnage+1","Iron Wave"],"picked":"Shockwave","floor":20.0},{"not_picked":["Second Wind","Armaments"],"picked":"Sword Boomerang","floor":22.0},{"not_picked":["Whirlwind","Rage"],"picked":"Body Slam","floor":24.0},{"not_picked":["Rampage","Armaments","Warcry"],"picked":"SKIP","floor":29.0},{"not_picked":["Sentinel","Clash"],"picked":"Limit Break","floor":30.0},{"not_picked":["Heavy Blade","Warcry","Iron Wave"],"picked":"SKIP","floor":31},{"not_picked":["Demon Form+1","Exhume"],"picked":"Berserk+1","floor":33},{"not_picked":["Heavy Blade","Carnage","Perfected Strike"],"picked":"SKIP","floor":35},{"not_picked":["Clash","Wild Strike"],"picked":"Shrug It Off","floor":36},{"not_picked":["Bludgeon","Perfected Strike","Cleave"],"picked":"SKIP","floor":38},{"not_picked":["Bludgeon","Perfected Strike","Cleave"],"picked":"SKIP","floor":38}],"player_experience":2011962,"relics_obtained":[{"floor":6.0,"key":"Unceasing Top"},{"floor":9.0,"key":"Meat on the Bone"},{"floor":13.0,"key":"InkBottle"},{"floor":26.0,"key":"Shuriken"},{"floor":30.0,"key":"Frozen Egg 2"}],"event_choices":[{"damage_healed":0.0,"max_hp_gain":0.0,"max_hp_loss":0.0,"gold_gain":0.0,"event_name":"Golden Idol","player_choice":"Take Damage","floor":2.0,"gold_loss":0.0,"damage_taken":18.0,"relics_obtained":["Golden Idol"]},{"damage_healed":0.0,"max_hp_gain":0.0,"max_hp_loss":0.0,"gold_gain":175.0,"event_name":"Liars Game","player_choice":"AGREE","floor":3.0,"gold_loss":0.0,"damage_taken":0.0,"cards_obtained":["Doubt"]},{"damage_healed":0.0,"max_hp_gain":0.0,"max_hp_loss":0.0,"gold_gain":0.0,"event_name":"Accursed Blacksmith","player_choice":"Forge","floor":19.0,"gold_loss":0.0,"damage_taken":0.0,"cards_upgraded":["Infernal Blade"]},{"damage_healed":0.0,"max_hp_gain":0.0,"max_hp_loss":0.0,"gold_gain":100.0,"event_name":"Golden Shrine","player_choice":"Pray","floor":27.0,"gold_loss":0.0,"damage_taken":0.0}],"is_beta":false,"boss_relics":[{"not_picked":["Empty Cage","Runic Dome"],"picked":"Cursed Key"},{"not_picked":["SacredBark","Astrolabe"],"picked":"Pandora\u0027s Box"}],"items_purged_floors":[4,37],"is_endless":false,"potions_floor_spawned":[1,5,10,14,16,18,22,24,30,33,35,36],"killed_by":"Transient","ascension_level":13}}