{"host":"1a32ffxog1zcqoh0","time":1608723249,"event":{"mods":["BaseMod","Block Reminder","Colored Map","Colored Powertips","Googly Eyes","Minty Spire (QoL Compilation)","Quick Restart","Rare Cards Sparkle","Relic Stats","StSLib","Unceasing Turn Reminder","everything is the same but u backflip on backflip","slay the spire mod where everything is the same but ironclad has a cowboy hat"],"gold_per_floor":[112,112,127,127,144,179,199,224,224,224,204,215,215,232,232,334,334,317,11,11,11,29,60,60,60,60],"floor_reached":25,"playtime":1056,"items_purged":["Strike_G"],"score":316,"play_id":"a004320b-7c1a-4772-97a8-cd57a03d1c98","local_time":"20201223063409","is_ascension_mode":true,"campfire_choices":[{"floor":10,"key":"REST"},{"data":"Bouncing Flask","floor":15,"key":"SMITH"},{"floor":24,"key":"REST"}],"circlet_count":0,"master_deck":["Strike_G","Strike_G","Strike_G","Defend_G","Defend_G","Defend_G","Defend_G","Defend_G","Survivor","Neutralize","Poisoned Stab","Poisoned Stab","Poisoned Stab","After Image","Prepared","Blade Dance","Catalyst","Adrenaline","Bouncing Flask+1","Phantasmal Killer","Poisoned Stab+1","Cloak And Dagger","Panache","Prepared","Enlightenment","Neutralize","Poisoned Stab+1","Escape Plan+1","Bane+1"],"relics":["Ring of the Snake","NeowsBlessing","Happy Flower","Omamori","Pantograph","Prayer Wheel","SacredBark","Ornamental Fan"],"acts_visited":["Exordium","TheCity"],"potions_floor_usage":[8,8,16],"damage_taken":[{"damage":0,"enemies":"Small Slimes","floor":1,"turns":1},{"damage":0,"enemies":"Cultist","floor":3,"turns":1},{"damage":0,"enemies":"Jaw Worm","floor":4,"turns":1},{"damage":0,"enemies":"Red Slaver","floor":5,"turns":4},{"damage":29,"enemies":"3 Sentries","floor":6,"turns":9},{"damage":14,"enemies":"Large Slime","floor":7,"turns":7},{"damage":12,"enemies":"Gremlin Nob","floor":8,"turns":4},{"damage":1,"enemies":"Exordium Wildlife","floor":12,"turns":4},{"damage":0,"enemies":"Looter","floor":14,"turns":3},{"damage":25,"enemies":"The Guardian","floor":16,"turns":8},{"damage":22,"enemies":"2 Thieves","floor":18,"turns":4},{"damage":7,"enemies":"Chosen","floor":22,"turns":3},{"damage":60,"enemies":"Slavers","floor":23,"turns":8},{"damage":37,"enemies":"Book of Stabbing","floor":25,"turns":5}],"seed_played":"-5684495606855164599","potions_obtained":[{"floor":3,"key":"Weak Potion"},{"floor":5,"key":"SneckoOil"},{"floor":7,"key":"EssenceOfSteel"},{"floor":8,"key":"FairyPotion"},{"floor":11,"key":"Ancient Potion"},{"floor":14,"key":"Block Potion"},{"floor":23,"key":"GamblersBrew"}],"is_trial":false,"path_per_floor":["M","?","M","M","M","E","M","E","T","R","?","M","?","M","R","B",null,"M","$","?","?","M","E","R","E"],"character_chosen":"THE_SILENT","items_purchased":["Panache","Prepared"],"campfire_rested":2,"item_purchase_floors":[19,19],"current_hp_per_floor":[70,70,70,70,70,41,27,15,15,36,36,35,35,35,35,35,61,39,39,39,39,32,16,37,0,0],"gold":60,"neow_bonus":"THREE_ENEMY_KILL","is_daily":false,"chose_seed":false,"campfire_upgraded":1,"win_rate":0.0,"timestamp":1608723249,"path_taken":["M","?","M","M","?","E","M","E","T","R","?","?","?","M","R","BOSS","M","$","?","?","M","E","R","E"],"items_purchased_type":["Card","Card"],"build_version":"2020-12-22","purchased_purges":1,"victory":false,"max_hp_per_floor":[70,70,70,70,70,70,70,70,70,70,70,70,70,70,70,70,70,70,70,70,70,70,70,70,70,70],"relic_stats":{"Happy Flower":[15],"counters":[14,62],"Ornamental Fan":[8],"Pantograph":25,"Prayer Wheel":3,"obtain_stats":[{"NeowsBlessing":0,"Happy Flower":6,"Ornamental Fan":23,"Pantograph":9,"SacredBark":17,"Prayer Wheel":13,"Omamori":8,"Ring of the Snake":0},{"NeowsBlessing":0,"Happy Flower":5,"Ornamental Fan":13,"Pantograph":7,"SacredBark":10,"Prayer Wheel":8,"Omamori":7,"Ring of the Snake":0},{"NeowsBlessing":0,"Happy Flower":16,"Ornamental Fan":57,"Pantograph":27,"SacredBark":42,"Prayer Wheel":31,"Omamori":27,"Ring of the Snake":0}],"Ring of the Snake":[28]},"card_choices":[{"not_picked":["Outmaneuver","Dagger Throw"],"picked":"Poisoned Stab","floor":1},{"not_picked":["Footwork","Sucker Punch"],"picked":"Poisoned Stab","floor":3},{"not_picked":["Distraction","PiercingWail","Noxious Fumes"],"picked":"SKIP","floor":4},{"not_picked":["Tactician","Underhanded Strike"],"picked":"Poisoned Stab","floor":5},{"not_picked":["Dagger Throw","Finisher"],"picked":"After Image","floor":6},{"not_picked":["Dodge and Roll","Quick Slash"],"picked":"Prepared","floor":7},{"not_picked":["Predator","Dagger Throw"],"picked":"Blade Dance","floor":8},{"not_picked":["Finisher","Backflip"],"picked":"Catalyst","floor":12},{"not_picked":["Predator","PiercingWail"],"picked":"Adrenaline","floor":14},{"not_picked":["Slice","Choke"],"picked":"Bouncing Flask","floor":14},{"not_picked":["Night Terror","Grand Finale"],"picked":"Phantasmal Killer","floor":16},{"not_picked":["Underhanded Strike","Dodge and Roll+1"],"picked":"Poisoned Stab+1","floor":18},{"not_picked":["Slice","Flying Knee+1"],"picked":"Cloak And Dagger","floor":18},{"not_picked":["PiercingWail+1","Storm of Steel"],"picked":"Poisoned Stab+1","floor":22},{"not_picked":["PiercingWail+1","Calculated Gamble+1"],"picked":"Escape Plan+1","floor":22},{"not_picked":["Eviscerate+1","Riddle With Holes"],"picked":"Bane+1","floor":23}],"player_experience":257577,"relics_obtained":[{"floor":6,"key":"Happy Flower"},{"floor":8,"key":"Omamori"},{"floor":9,"key":"Pantograph"},{"floor":23,"key":"Ornamental Fan"}],"event_choices":[{"cards_removed":["Strike_G"],"damage_healed":0,"gold_gain":0,"player_choice":"Purged","damage_taken":0,"max_hp_gain":0,"max_hp_loss":0,"event_name":"Purifier","floor":2,"gold_loss":0},{"damage_healed":0,"gold_gain":0,"player_choice":"Bought 1 Potion","damage_taken":0,"max_hp_gain":0,"max_hp_loss":0,"event_name":"The Woman in Blue","floor":11,"gold_loss":0},{"damage_healed":0,"gold_gain":0,"player_choice":"Box","damage_taken":0,"relics_obtained":["Prayer Wheel"],"max_hp_gain":0,"max_hp_loss":0,"event_name":"Big Fish","floor":13,"gold_loss":0,"cards_obtained":["Regret"]},{"damage_healed":0,"gold_gain":0,"player_choice":"Ignored","damage_taken":0,"max_hp_gain":0,"max_hp_loss":0,"event_name":"Ghosts","floor":20,"gold_loss":0},{"damage_healed":0,"gold_gain":0,"player_choice":"3 cards matched","damage_taken":0,"max_hp_gain":0,"max_hp_loss":0,"event_name":"Match and Keep!","floor":21,"gold_loss":0,"cards_obtained":["Decay","Enlightenment","Neutralize"]}],"is_beta":false,"boss_relics":[{"not_picked":["Fusion Hammer","Coffee Dripper"],"picked":"SacredBark"}],"items_purged_floors":[19],"is_endless":false,"potions_floor_spawned":[3,5,7,8,14,23],"killed_by":"Book of Stabbing","ascension_level":5}}