{"host":"4edbuligkc8x13l4","time":1608727212,"event":{"mods":["BaseMod","Minty Spire (QoL Compilation)","StSLib","SuperFastMode"],"gold_per_floor":[116,116,133,152,171,171,198,198,198,227,127,127,27,52,52,129,129,145,115,131,150,150,150],"floor_reached":22,"playtime":644,"items_purged":["Strike_R","Defend_R"],"score":377,"play_id":"b9ff2b8c-b5ce-425d-a71a-222dc9d01f72","local_time":"20201223204012","is_ascension_mode":true,"campfire_choices":[{"data":"Sword Boomerang","floor":6.0,"key":"SMITH"},{"floor":8.0,"key":"REST"},{"floor":12.0,"key":"REST"},{"data":"Armaments","floor":15.0,"key":"SMITH"}],"circlet_count":0,"master_deck":["AscendersBane","Strike_R","Strike_R","Strike_R","Strike_R","Defend_R","Defend_R","Defend_R","Bash","Double Tap","Bloodletting","Sword Boomerang+1","Offering","Armaments+1","Shrug It Off","Rampage","Barricade","Flex"],"relics":["Burning Blood","Vajra","Bronze Scales","Singing Bowl","StrikeDummy","SlaversCollar"],"acts_visited":["TheCity"],"potions_floor_usage":[21,21],"damage_taken":[{"damage":11.0,"enemies":"Small Slimes","floor":1.0,"turns":5.0},{"damage":6.0,"enemies":"Cultist","floor":3.0,"turns":3.0},{"damage":10.0,"enemies":"2 Louse","floor":4.0,"turns":3.0},{"damage":14.0,"enemies":"2 Fungi Beasts","floor":5.0,"turns":4.0},{"damage":24.0,"enemies":"Lagavulin","floor":7.0,"turns":3.0},{"damage":32.0,"enemies":"3 Sentries","floor":10.0,"turns":7.0},{"damage":22.0,"enemies":"Gremlin Nob","floor":14.0,"turns":4.0},{"damage":31.0,"enemies":"The Guardian","floor":16.0,"turns":6.0},{"damage":16.0,"enemies":"Chosen","floor":18.0,"turns":4.0},{"damage":28.0,"enemies":"Shell Parasite","floor":20.0,"turns":4.0},{"damage":29,"enemies":"Shelled Parasite and Fungi","floor":21,"turns":3}],"seed_played":"6948278760661506925","potions_obtained":[{"floor":1.0,"key":"Swift Potion"},{"floor":4.0,"key":"Strength Potion"},{"floor":14.0,"key":"EntropicBrew"},{"floor":18.0,"key":"FearPotion"}],"is_trial":false,"path_per_floor":["M","?","M","M","M","R","E","R","T","E","$","R","$","E","R","B",null,"M","$","M","M","?"],"character_chosen":"IRONCLAD","items_purchased":["Shrug It Off","Flex"],"campfire_rested":2,"item_purchase_floors":[11,19],"current_hp_per_floor":[63,63,63,59,51,51,33,55,55,31,31,54,54,38,38,13,61,53,53,33,12,0,0],"gold":150,"neow_bonus":"THREE_RARE_CARDS","is_daily":false,"chose_seed":false,"campfire_upgraded":2,"win_rate":0.0,"timestamp":1608727212,"path_taken":["M","?","M","?","M","R","E","R","T","E","?","R","$","E","R","BOSS","M","$","?","M","?"],"items_purchased_type":["Card","Card"],"build_version":"2020-12-22","purchased_purges":2,"victory":false,"max_hp_per_floor":[75,75,75,75,75,75,75,75,75,77,77,77,77,77,77,77,77,79,79,81,83,88,88],"card_choices":[{"not_picked":["Bludgeon","Brutality"],"picked":"Double Tap","floor":0.0},{"not_picked":["Dark Embrace","Headbutt"],"picked":"Bloodletting","floor":1.0},{"not_picked":["Hemokinesis","Shockwave"],"picked":"Sword Boomerang","floor":3.0},{"not_picked":["Headbutt","Body Slam"],"picked":"Offering","floor":4.0},{"not_picked":["Clash","Thunderclap","Dropkick"],"picked":"SKIP","floor":5.0},{"not_picked":["Feel No Pain","Infernal Blade"],"picked":"Armaments","floor":7.0},{"not_picked":["Havoc","Headbutt","Perfected Strike"],"picked":"Singing Bowl","floor":10.0},{"not_picked":["Clash","Havoc"],"picked":"Rampage","floor":14.0},{"not_picked":["Immolate","Double Tap"],"picked":"Barricade","floor":16.0},{"not_picked":["Headbutt","Perfected Strike+1","Clash"],"picked":"Singing Bowl","floor":18.0},{"not_picked":["Fire Breathing+1","Warcry","Shrug It Off"],"picked":"Singing Bowl","floor":20.0},{"not_picked":["Havoc","Sword Boomerang","Anger"],"picked":"Singing Bowl","floor":21}],"player_experience":908825,"relics_obtained":[{"floor":7.0,"key":"Vajra"},{"floor":9.0,"key":"Bronze Scales"},{"floor":10.0,"key":"Singing Bowl"},{"floor":14.0,"key":"StrikeDummy"}],"event_choices":[{"cards_removed":["Writhe"],"damage_healed":0.0,"max_hp_gain":0.0,"max_hp_loss":0.0,"gold_gain":0.0,"event_name":"Purifier","player_choice":"Purged","floor":2.0,"gold_loss":0.0,"damage_taken":0.0}],"is_beta":false,"boss_relics":[{"not_picked":["Ectoplasm","Cursed Key"],"picked":"SlaversCollar"}],"items_purged_floors":[11,13],"is_endless":false,"potions_floor_spawned":[1,4,14,18],"ascension_level":17}}