{"host":"hksh7f5443926s0d","time":1608738712,"event":{"mods":["BaseMod","Minty Spire (QoL Compilation)","Replay The Spire","StSLib","The Judge"],"gold_per_floor":[112,112,112,112,126,156,175,209,288,306,306,336,354,364,364,466,466,479,479,479,479],"floor_reached":20,"playtime":582,"items_purged":[],"score":219,"play_id":"55361628-f373-43b5-9046-73f03ea40fa6","local_time":"20201223165152","is_ascension_mode":false,"campfire_choices":[{"data":"Inflame","floor":15,"key":"SMITH"}],"circlet_count":0,"master_deck":["Strike_R","Strike_R","Strike_R","Strike_R","Defend_R","Defend_R","Defend_R","Defend_R","Bash","Sword Boomerang","Infernal Blade","Flex","Inflame+1","Cleave","Demon Form","Cleave"],"relics":["Burning Blood","NeowsBlessing","ReplayFunnel","Ornamental Fan","Garlic","Replay:PocketPolymizer","Meat on the Bone","Blue Doll","ChewingGum"],"acts_visited":["Exordium","TheCity"],"potions_floor_usage":[10],"damage_taken":[{"damage":0,"enemies":"Jaw Worm","floor":1,"turns":1},{"damage":0,"enemies":"Small Slimes","floor":5,"turns":1},{"damage":0,"enemies":"Gremlin Nob","floor":6,"turns":1},{"damage":1,"enemies":"2 Louse","floor":7,"turns":3},{"damage":16,"enemies":"Replay:BlueRogue","floor":8,"turns":5},{"damage":7,"enemies":"Red Slaver","floor":10,"turns":4},{"damage":9,"enemies":"3 Sentries","floor":12,"turns":6},{"damage":1,"enemies":"2 Fungi Beasts","floor":13,"turns":3},{"damage":4,"enemies":"Exordium Thugs","floor":14,"turns":3},{"damage":48,"enemies":"The Guardian","floor":16,"turns":10},{"damage":20,"enemies":"2 Thieves","floor":18,"turns":3},{"damage":0,"enemies":"Spheric Guardian","floor":20,"turns":2}],"seed_played":"-5085763265241738508","potions_obtained":[{"floor":5,"key":"CultistPotion"},{"floor":7,"key":"ElixirPotion"},{"floor":8,"key":"Adrenaline Potion"},{"floor":14,"key":"Death Potion"}],"is_trial":false,"path_per_floor":["M","?","T","?","M","E","M","E","T","M","?","E","M","M","R","B",null,"M","$","M"],"character_chosen":"IRONCLAD","items_purchased":[],"campfire_rested":0,"item_purchase_floors":[],"current_hp_per_floor":[80,77,77,77,80,80,80,70,70,69,69,66,71,73,73,43,80,66,66,66,66],"gold":479,"neow_bonus":"THREE_ENEMY_KILL","is_daily":false,"chose_seed":false,"campfire_upgraded":1,"win_rate":0.0,"timestamp":1608738712,"path_taken":["M","?","?","?","M","E","?","E","T","M","?","E","M","?","R","BOSS","M","$","M"],"items_purchased_type":[],"build_version":"2020-12-22","purchased_purges":0,"victory":false,"max_hp_per_floor":[80,80,80,80,80,80,80,80,80,80,80,80,80,80,80,80,80,80,80,80,80],"card_choices":[{"not_picked":["ReplayTheSpireMod:Strike From Hell","Warcry"],"picked":"Sword Boomerang","floor":1},{"not_picked":["True Grit","Heavy Blade"],"picked":"Infernal Blade","floor":5},{"not_picked":["Bloodletting","Perfected Strike"],"picked":"Flex","floor":6},{"not_picked":["Iron Wave","Anger","Pommel Strike"],"picked":"SKIP","floor":7},{"not_picked":["Clash","Ghostly Armor"],"picked":"Inflame","floor":8},{"not_picked":["Twin Strike","Sword Boomerang"],"picked":"Cleave","floor":10},{"not_picked":["Heavy Blade","Rupture","Double Tap"],"picked":"SKIP","floor":12},{"not_picked":["Anger","Heavy Blade","Rampage"],"picked":"SKIP","floor":13},{"not_picked":["Intimidate","Thunderclap","Sword Boomerang"],"picked":"SKIP","floor":14},{"not_picked":["Hemogenesis","Bludgeon"],"picked":"Demon Form","floor":16},{"not_picked":["Clash","Anger"],"picked":"Cleave","floor":18}],"player_experience":116010,"relics_obtained":[{"floor":3,"key":"Ornamental Fan"},{"floor":6,"key":"Garlic"},{"floor":8,"key":"Replay:PocketPolymizer"},{"floor":9,"key":"Meat on the Bone"},{"floor":12,"key":"Blue Doll"}],"event_choices":[{"damage_healed":0,"gold_gain":0,"player_choice":"Success","damage_taken":3,"relics_obtained":["ReplayFunnel"],"max_hp_gain":0,"max_hp_loss":0,"event_name":"Scrap Ooze","floor":2,"gold_loss":0},{"damage_healed":0,"gold_gain":0,"player_choice":"Ignored","damage_taken":0,"max_hp_gain":0,"max_hp_loss":0,"event_name":"Golden Wing","floor":4,"gold_loss":0},{"cards_removed":["Strike_R"],"damage_healed":0,"gold_gain":0,"player_choice":"Purged","damage_taken":0,"max_hp_gain":0,"max_hp_loss":0,"event_name":"Purifier","floor":11,"gold_loss":0}],"is_beta":false,"boss_relics":[{"not_picked":["Empty Cage","Black Star"],"picked":"ChewingGum"}],"items_purged_floors":[],"is_endless":false,"potions_floor_spawned":[5,7,8,14,18],"killed_by":"Spheric Guardian","ascension_level":0}}