{"host":"o3b7ow6d1xe49css","time":1608714854,"event":{"mods":["Act Like it!","Aspiration","BaseMod","Bestiary","Better Altar","Better Match","Better Note","Better Sensory Stone","Better Skull","Better Third Choice","Colored Powertips","Conspire","Energized Spire","Force Act Four","GifTheSpireLib","Halation","Hermit","Hubris","Infinite Spire","Lobotomy","Minty Spire (QoL Compilation)","Quick Restart","Replay The Spire","Spicy Shops","Spikes Relics","StSLib","Stuff the Spire","The Blue Laboratory","Wandering Minibosses","vexMod"],"gold_per_floor":[110,121,132,132,124,157,185,185,185],"floor_reached":8,"playtime":313,"items_purged":[],"score":85,"play_id":"aa7c223a-af09-4745-908b-4844bdee7845","local_time":"20201223001414","daily_mods":["Heirloom","Flight","Elite Swarm"],"is_ascension_mode":true,"campfire_choices":[],"circlet_count":0,"master_deck":["Strike_B","Strike_B","Strike_B","Strike_B","Defend_B","Defend_B","Defend_B","Defend_B","Zap","Dualcast","UniverseFragment","Undo","Scorched","Redo","Injury","OSAHOGD","Rip and Tear","Echo Form","OldLady","Electrodynamics"],"relics":["Cracked Core","Ring of Chaos","StuffTheSpire:DarkSteelAnvil","CogitoBucket","Toxic Egg 2","ReplayFunnel","Ginger"],"acts_visited":["Exordium"],"potions_floor_usage":[6,6],"damage_taken":[{"damage":0,"enemies":"2 Louse","floor":1,"turns":2},{"damage":6,"enemies":"Small Slimes","floor":2,"turns":4},{"damage":4,"enemies":"Jaw Worm","floor":3,"turns":3},{"damage":8,"enemies":"Exordium Thugs","floor":5,"turns":6},{"damage":5,"enemies":"Gremlin Nob","floor":6,"turns":3},{"damage":50,"enemies":"Lagavulin","floor":7,"turns":5},{"damage":16,"enemies":"Gremlin Nob","floor":8,"turns":2}],"seed_played":"2867383314259541949","potions_obtained":[{"floor":1,"key":"Swift Potion"},{"floor":5,"key":"SteroidPotion"}],"is_trial":true,"path_per_floor":["M","M","M","?","M","E","E","E"],"character_chosen":"DEFECT","items_purchased":[],"campfire_rested":0,"item_purchase_floors":[],"current_hp_per_floor":[75,69,65,65,57,52,2,0,0],"gold":185,"neow_bonus":"","is_daily":false,"chose_seed":false,"campfire_upgraded":0,"win_rate":0.0,"timestamp":1608714854,"path_taken":["M","M","M","?","M","E","E","E"],"items_purchased_type":[],"build_version":"2020-12-22","purchased_purges":0,"victory":false,"max_hp_per_floor":[75,75,75,75,75,75,75,75,75],"card_choices":[{"not_picked":["DreamingCurrent","VoidDream","SpiderBud"],"picked":"Singing Bowl","floor":1},{"not_picked":["Murderer","BeautyBeast"],"picked":"UniverseFragment","floor":1},{"not_picked":["StuffTheSpire:CleanHardDrive","Darkness"],"picked":"Undo","floor":1},{"not_picked":["BigBird","MHz"],"picked":"Scorched","floor":2},{"not_picked":["StuffTheSpire:LoadUp","StuffTheSpire:GlassShard","Streamline"],"picked":"SKIP","floor":2},{"not_picked":["BigBadWolf","Yin","MeatLantern"],"picked":"Singing Bowl","floor":3},{"not_picked":["BasicCrystalCard","StuffTheSpire:LaunchingStrike"],"picked":"Redo","floor":3},{"not_picked":["VoidDream","LaLuna"],"picked":"OSAHOGD","floor":5},{"not_picked":["Hologram+1","Panic Button+1"],"picked":"Rip and Tear","floor":5},{"not_picked":["Wellcheers","CherryBlossoms","VoidDream"],"picked":"Singing Bowl","floor":6},{"not_picked":["Core Surge","Fission+1"],"picked":"Echo Form","floor":6},{"not_picked":["PunishingBird","MeatLantern","Funeral"],"picked":"Singing Bowl","floor":7},{"not_picked":["MHz","Murderer"],"picked":"OldLady","floor":7},{"not_picked":["Rainbow+1","hubris:SpecializedCircuitry"],"picked":"Electrodynamics","floor":7}],"player_experience":1835789,"relics_obtained":[{"floor":6,"key":"ReplayFunnel"},{"floor":7,"key":"Ginger"}],"event_choices":[],"is_beta":false,"boss_relics":[],"items_purged_floors":[],"is_endless":false,"potions_floor_spawned":[1,5],"killed_by":"Gremlin Nob","ascension_level":5}}