{"host":"0azimyi6n3ugndj4","time":1608748055,"event":{"mods":["BaseMod","Bestiary","Conspire","Curses Come First","Defuse TimeMaze Blight","Hyrulean Relics","Infinite Spire","Minty Spire (QoL Compilation)","Relic Stats","Replay The Spire","StSLib","SuperFastMode","Uncapped","¡¼?Úª?ø«¡½REMEMod"],"gold_per_floor":[144,192,228,285,345,345,345],"floor_reached":6,"playtime":94,"items_purged":[],"score":155,"play_id":"40b22e1d-bd72-4a75-8677-fdc4ee57a61b","local_time":"20201224032735","daily_mods":["Insanity","Chimera","Specialized","Vintage","ControlledChaos","Allstar","Diverse","Colorless Cards","Heirloom","Time Dilation","Binary","Elite Swarm","Lethality","Midas","Uncertain Future"],"is_ascension_mode":true,"campfire_choices":[],"circlet_count":0,"master_deck":["Demon Form","Wraith Form v2","Echo Form","DevaForm","AscendersBane","Bash","Survivor","Zap","Eruption","Strike_R","Strike_G","Strike_B","Defend_R","Defend_G","Defend_P","PanicButton","Panic Button","Crescendo","Blade Dance","Backflip","Flex","Gash","Replay:Battleflow","Run Through","Havoc","Iron Wave","Sentinel","Prepared","ClearTheMind","Flying Knee","PiercingWail","Replay:ManipulateFuture","Toxin Wave","SashWhip","Reflex","ReplayTheSpireMod:Dual Polarity","Deadly Poison","Coolheaded","Sweeping Beam","ThirdEye","Perfected Strike","Pommel Strike","REME_Repentance","PathToVictory","Warcry","Quick Slash","PathToVictory","Shrug It Off","Clash","Cloak And Dagger","Poisoned Stab","ReplayTheSpireMod:LeadingStrike","Protect","Barrage","Barrage","Entrench","REME_Repentance","Deflect","ReplaySort","Leap","Metallicize","Jack Of All Trades","Turbo","Deadly Poison","Twin Strike","Replay:Many Hands","Replay:Many Hands","Replay:Many Hands","Replay:Many Hands","Replay:Many Hands","Chrysalis","REME_MagicPocketWatch","PanicButton","REME_MawOfCthun","Replay:Sssssssssshield","Omniscience"],"relics":["Ring of the Snake","Frozen Eye","REME_ComplimentaryCards","Girya","Calipers","infinitespire:PuzzleCube","Dream Catcher","Byrd Skull","Blue Doll"],"acts_visited":["Exordium"],"potions_floor_usage":[6,6],"damage_taken":[{"damage":9,"enemies":"Cultist","floor":1,"turns":3},{"damage":0,"enemies":"2 Louse","floor":2,"turns":1},{"damage":13,"enemies":"Small Slimes","floor":3,"turns":2},{"damage":0,"enemies":"Blue Slaver","floor":4,"turns":1},{"damage":13,"enemies":"3 Louse","floor":5,"turns":3},{"damage":34,"enemies":"3 Sentries","floor":6,"turns":2}],"seed_played":"-2768833095405529142","potions_obtained":[{"floor":1,"key":"Explosive Potion"},{"floor":4,"key":"Cursed Concoction"}],"is_trial":true,"path_per_floor":["M","M","M","M","M","E"],"character_chosen":"THE_SILENT","items_purchased":[],"campfire_rested":0,"item_purchase_floors":[],"current_hp_per_floor":[50,50,37,37,24,0,0],"gold":345,"neow_bonus":"","is_daily":false,"chose_seed":false,"campfire_upgraded":0,"win_rate":0.0,"timestamp":1608748055,"path_taken":["M","M","M","?","M","E"],"items_purchased_type":[],"build_version":"2020-12-22","purchased_purges":0,"victory":false,"max_hp_per_floor":[66,66,66,66,66,66,66],"relic_stats":{"Dream Catcher":0,"counters":[6,12],"obtain_stats":[{"Frozen Eye":0,"Girya":0,"Dream Catcher":3,"Calipers":1,"Blue Doll":5,"Byrd Skull":4,"infinitespire:PuzzleCube":2,"Ring of the Snake":0,"REME_ComplimentaryCards":0},{"Frozen Eye":0,"Girya":0,"Dream Catcher":3,"Calipers":1,"Blue Doll":5,"Byrd Skull":4,"infinitespire:PuzzleCube":2,"Ring of the Snake":0,"REME_ComplimentaryCards":0},{"Frozen Eye":0,"Girya":0,"Dream Catcher":6,"Calipers":3,"Blue Doll":10,"Byrd Skull":7,"infinitespire:PuzzleCube":4,"Ring of the Snake":0,"REME_ComplimentaryCards":0}],"Ring of the Snake":[12]},"card_choices":[],"player_experience":1494564,"relics_obtained":[{"floor":1,"key":"Calipers"},{"floor":2,"key":"infinitespire:PuzzleCube"},{"floor":3,"key":"Dream Catcher"},{"floor":4,"key":"Byrd Skull"},{"floor":5,"key":"Blue Doll"}],"event_choices":[],"is_beta":false,"boss_relics":[],"items_purged_floors":[],"is_endless":false,"potions_floor_spawned":[1,4],"killed_by":"3 Sentries","ascension_level":20}}