{"host":"s41rn2jhghpwfrvz","time":1608717573,"event":{"mods":["BaseMod","Minty Spire (QoL Compilation)","Quick Restart","Relic Stats","SuperFastMode"],"gold_per_floor":[116,116,133,58,58,390,390,415,415,425,461,461,472,498,498,569,569,581,581,599,614,631,657,467,483,558,578,578,603,603,636,636,707,707,721,721,721,759,636,661,661,687,687,710,721,553,553,583,583,583,583,583,583,40,65,65],"floor_reached":57,"playtime":2036,"items_purged":["Rip and Tear","Disarm+1","CutThroughFate+1"],"score":3937,"play_id":"7151c196-e63f-4918-bfd3-6fc991f5ec87","local_time":"20201223115933","daily_mods":["SealedDeck","Diverse","DeadlyEvents"],"is_ascension_mode":true,"campfire_choices":[{"data":"Prostrate","floor":7.0,"key":"SMITH"},{"data":"Backflip","floor":12.0,"key":"SMITH"},{"data":"Disarm","floor":15.0,"key":"SMITH"},{"floor":28.0,"key":"RECALL"},{"data":"Quick Slash","floor":30,"key":"SMITH"},{"data":"CutThroughFate","floor":32,"key":"SMITH"},{"data":"Caltrops","floor":41,"key":"SMITH"},{"data":"Deep Breath","floor":47,"key":"SMITH"},{"data":"Second Wind","floor":49,"key":"SMITH"},{"data":"Self Repair","floor":53,"key":"SMITH"}],"circlet_count":0,"master_deck":["AscendersBane","Caltrops+1","Quick Slash+1","Double Energy+1","Self Repair+1","Prostrate+1","Backflip+1","Second Wind+1","Skim+1","Dark Embrace+1","Deep Breath+1"],"relics":["Burning Blood","Torii","Old Coin","Prayer Wheel","Calipers","CeramicFish","The Courier","Runic Cube","FossilizedHelix","TheAbacus","Red Skull","Darkstone Periapt","Coffee Dripper","Anchor","Art of War","Bronze Scales","Self Forming Clay","Charon\u0027s Ashes","ClockworkSouvenir","Sundial","Kunai","Akabeko"],"acts_visited":["Exordium","TheCity","TheBeyond","TheEnding"],"potions_floor_usage":[56,56],"damage_taken":[{"damage":6.0,"enemies":"2 Louse","floor":1.0,"turns":2.0},{"damage":6.0,"enemies":"Jaw Worm","floor":3.0,"turns":3.0},{"damage":0.0,"enemies":"Lagavulin","floor":6.0,"turns":4.0},{"damage":74.0,"enemies":"3 Sentries","floor":8.0,"turns":8.0},{"damage":6.0,"enemies":"Small Slimes","floor":10.0,"turns":3.0},{"damage":8.0,"enemies":"Gremlin Nob","floor":11.0,"turns":3.0},{"damage":0.0,"enemies":"Looter","floor":13.0,"turns":3.0},{"damage":0.0,"enemies":"Lagavulin","floor":14.0,"turns":4.0},{"damage":9.0,"enemies":"The Guardian","floor":16.0,"turns":4.0},{"damage":8.0,"enemies":"3 Byrds","floor":18.0,"turns":3.0},{"damage":1.0,"enemies":"Spheric Guardian","floor":20.0,"turns":3.0},{"damage":3.0,"enemies":"Snake Plant","floor":21.0,"turns":2.0},{"damage":35.0,"enemies":"Snecko","floor":22.0,"turns":7.0},{"damage":29.0,"enemies":"Gremlin Leader","floor":23.0,"turns":4.0},{"damage":0.0,"enemies":"3 Cultists","floor":25.0,"turns":4.0},{"damage":0.0,"enemies":"Cultist and Chosen","floor":27.0,"turns":7.0},{"damage":35,"enemies":"Slavers","floor":29,"turns":6},{"damage":0,"enemies":"Book of Stabbing","floor":31,"turns":4},{"damage":0,"enemies":"Champ","floor":33,"turns":7},{"damage":0,"enemies":"3 Darklings","floor":35,"turns":3},{"damage":0,"enemies":"Nemesis","floor":38,"turns":5},{"damage":0,"enemies":"Reptomancer","floor":40,"turns":3},{"damage":0,"enemies":"Nemesis","floor":42,"turns":3},{"damage":0,"enemies":"3 Shapes","floor":44,"turns":3},{"damage":0,"enemies":"Sphere and 2 Shapes","floor":45,"turns":3},{"damage":0,"enemies":"Giant Head","floor":48,"turns":2},{"damage":0,"enemies":"Awakened One","floor":50,"turns":4},{"damage":0,"enemies":"Time Eater","floor":51,"turns":8},{"damage":0,"enemies":"Shield and Spear","floor":55,"turns":1},{"damage":0,"enemies":"The Heart","floor":56,"turns":5}],"seed_played":"-4181936668780465418","potions_obtained":[{"floor":8.0,"key":"CultistPotion"},{"floor":13.0,"key":"Regen Potion"},{"floor":14.0,"key":"Swift Potion"},{"floor":16.0,"key":"Regen Potion"},{"floor":23.0,"key":"SpeedPotion"}],"is_trial":true,"path_per_floor":["M","?","M","?","?","E","R","E","T","M","E","R","M","E","R","B",null,"M","?","M","M","M","E","$","M","T","M","R","E","R","E","R","B",null,"M","?","?","E","$","E","R","E","T","M","M","$","R","E","R","B","B",null,"R","$","E","B",null],"character_chosen":"IRONCLAD","items_purchased":["TheAbacus","Dexterity Potion","Deep Breath","ClockworkSouvenir","Sundial","Kunai"],"campfire_rested":0,"item_purchase_floors":[24,39,46,54,54,54],"current_hp_per_floor":[75,80,80,80,75,80,80,19,19,26,31,31,44,57,57,61,75,80,80,80,80,58,42,42,55,55,68,68,46,46,59,59,72,78,80,80,80,80,80,80,80,80,80,80,80,80,80,80,80,80,80,80,80,80,80,80],"gold":65,"neow_bonus":"","is_daily":false,"chose_seed":false,"campfire_upgraded":9,"win_rate":0.0,"timestamp":1608717573,"path_taken":["M","?","M","?","?","E","R","?","T","M","E","R","M","E","R","BOSS","M","?","M","?","M","E","$","?","T","M","R","?","R","E","R","BOSS","M","?","?","?","$","E","R","E","T","?","M","$","R","E","R","BOSS","BOSS","R","$","E","BOSS"],"items_purchased_type":["Relic","Potion","Card","Relic","Relic","Relic"],"build_version":"2020-12-22","purchased_purges":3,"victory":true,"max_hp_per_floor":[75,80,80,80,80,80,80,80,80,80,80,80,80,80,80,80,80,80,80,80,80,80,80,80,80,80,80,80,80,80,80,80,80,80,80,80,80,80,80,80,80,80,80,80,80,80,80,80,80,80,80,80,80,80,80,80],"relic_stats":{"Darkstone Periapt":0,"Torii":15,"counters":[30,121],"Self Forming Clay":[0],"CeramicFish":36,"Charon\u0027s Ashes":[78],"Burning Blood":107,"TheAbacus":[2514],"Sundial":[72],"Bronze Scales":[90],"Prayer Wheel":11,"Art of War":[5],"Kunai":[9],"obtain_stats":[{"Darkstone Periapt":31,"Calipers":9,"Torii":5,"Self Forming Clay":43,"CeramicFish":11,"The Courier":14,"Charon\u0027s Ashes":48,"Burning Blood":0,"Akabeko":55,"Old Coin":6,"ClockworkSouvenir":54,"Anchor":38,"TheAbacus":24,"Sundial":54,"Bronze Scales":42,"Prayer Wheel":8,"Coffee Dripper":34,"Art of War":40,"Kunai":54,"FossilizedHelix":23,"Red Skull":29,"Runic Cube":17},{"Darkstone Periapt":18,"Calipers":4,"Torii":2,"Self Forming Clay":23,"CeramicFish":6,"The Courier":8,"Charon\u0027s Ashes":26,"Burning Blood":0,"Akabeko":29,"Old Coin":3,"ClockworkSouvenir":28,"Anchor":21,"TheAbacus":14,"Sundial":28,"Bronze Scales":23,"Prayer Wheel":4,"Coffee Dripper":19,"Art of War":22,"Kunai":28,"FossilizedHelix":14,"Red Skull":17,"Runic Cube":9},{"Darkstone Periapt":74,"Calipers":17,"Torii":5,"Self Forming Clay":95,"CeramicFish":23,"The Courier":30,"Charon\u0027s Ashes":103,"Burning Blood":0,"Akabeko":116,"Old Coin":9,"ClockworkSouvenir":115,"Anchor":89,"TheAbacus":53,"Sundial":115,"Bronze Scales":95,"Prayer Wheel":17,"Coffee Dripper":81,"Art of War":92,"Kunai":115,"FossilizedHelix":53,"Red Skull":70,"Runic Cube":34}],"Runic Cube":[23]},"card_choices":[{"not_picked":["Barrage","Gash","Go for the Eyes"],"picked":"SKIP","floor":1.0},{"not_picked":["Havoc","SashWhip","ThirdEye"],"picked":"SKIP","floor":3.0},{"not_picked":["MentalFortress","Dodge and Roll","Havoc"],"picked":"SKIP","floor":6.0},{"not_picked":["Capacitor","Concentrate","Tactician"],"picked":"SKIP","floor":8.0},{"not_picked":["Clash","BowlingBash"],"picked":"Backflip","floor":10.0},{"not_picked":["JustLucky","Heatsinks","Cleave"],"picked":"SKIP","floor":10.0},{"not_picked":["Meteor Strike","Blood for Blood"],"picked":"Second Wind","floor":11.0},{"not_picked":["Meditate","Flex","Battle Trance"],"picked":"SKIP","floor":13.0},{"not_picked":["Compile Driver","Dash","EmptyBody"],"picked":"SKIP","floor":13.0},{"not_picked":["Gash","Pray","ClearTheMind"],"picked":"SKIP","floor":14.0},{"not_picked":["EmptyFist","Deadly Poison","Clash"],"picked":"SKIP","floor":18.0},{"not_picked":["SashWhip","CrushJoints","Turbo"],"picked":"SKIP","floor":18.0},{"not_picked":["Prepared","Heavy Blade+1","CutThroughFate"],"picked":"SKIP","floor":20.0},{"not_picked":["Fire Breathing","Iron Wave+1","Heatsinks"],"picked":"SKIP","floor":20.0},{"not_picked":["Aggregate","Outmaneuver","Thunderclap"],"picked":"SKIP","floor":21.0},{"not_picked":["Loop","BattleHymn","MentalFortress"],"picked":"SKIP","floor":21.0},{"not_picked":["Envenom","FlyingSleeves","Evaluate"],"picked":"SKIP","floor":22.0},{"not_picked":["Backflip","Bane+1","SashWhip"],"picked":"SKIP","floor":22.0},{"not_picked":["Sweeping Beam","SpiritShield","Leap"],"picked":"SKIP","floor":23.0},{"not_picked":["Dagger Spray","Dodge and Roll","FlurryOfBlows"],"picked":"SKIP","floor":25.0},{"not_picked":["Turbo","True Grit","Coolheaded"],"picked":"SKIP","floor":25.0},{"not_picked":["Reckless Charge","Consume","FlyingSleeves"],"picked":"SKIP","floor":27.0},{"not_picked":["Rebound","Pommel Strike","Outmaneuver"],"picked":"SKIP","floor":27.0},{"not_picked":["Rip and Tear","Doppelganger","CrushJoints+1"],"picked":"SKIP","floor":29},{"not_picked":["Sweeping Beam+1","Dual Wield","Halt"],"picked":"SKIP","floor":31},{"not_picked":["EmptyBody+1","Cloak And Dagger","Prostrate"],"picked":"SKIP","floor":35},{"not_picked":["Conserve Battery+1","ClearTheMind","Battle Trance"],"picked":"SKIP","floor":35},{"not_picked":["FlyingSleeves+1","Sucker Punch"],"picked":"Skim+1","floor":38},{"not_picked":["Recycle","Infernal Blade+1","Conserve Battery"],"picked":"SKIP","floor":40},{"not_picked":["Brilliance","Sweeping Beam+1","Hologram"],"picked":"SKIP","floor":42},{"not_picked":["Twin Strike","Consecrate"],"picked":"Dark Embrace+1","floor":44},{"not_picked":["LessonLearned","Indignation+1","Prostrate+1"],"picked":"SKIP","floor":44},{"not_picked":["Poisoned Stab+1","Halt+1","Prepared"],"picked":"SKIP","floor":45},{"not_picked":["Warcry","Redo","Shrug It Off"],"picked":"SKIP","floor":45},{"not_picked":["Masterful Stab","Skewer","PathToVictory"],"picked":"SKIP","floor":48},{"not_picked":["Reinforced Body","Streamline","Genetic Algorithm"],"picked":"SKIP","floor":55}],"player_experience":1599353,"relics_obtained":[{"floor":6.0,"key":"Old Coin"},{"floor":8.0,"key":"Prayer Wheel"},{"floor":9.0,"key":"Calipers"},{"floor":11.0,"key":"CeramicFish"},{"floor":14.0,"key":"The Courier"},{"floor":23.0,"key":"FossilizedHelix"},{"floor":29,"key":"Red Skull"},{"floor":31,"key":"Darkstone Periapt"},{"floor":38,"key":"Anchor"},{"floor":40,"key":"Art of War"},{"floor":42,"key":"Bronze Scales"},{"floor":43,"key":"Self Forming Clay"},{"floor":48,"key":"Charon\u0027s Ashes"},{"floor":55,"key":"Akabeko"}],"event_choices":[{"damage_healed":0.0,"max_hp_gain":5.0,"max_hp_loss":0.0,"gold_gain":0.0,"event_name":"Big Fish","player_choice":"Donut","floor":2.0,"gold_loss":0.0,"damage_taken":0.0},{"cards_removed":["Chill"],"damage_healed":0.0,"max_hp_gain":0.0,"max_hp_loss":0.0,"gold_gain":0.0,"event_name":"The Cleric","player_choice":"Card Removal","floor":4.0,"gold_loss":75.0,"damage_taken":0.0},{"damage_healed":0.0,"max_hp_gain":0.0,"max_hp_loss":0.0,"gold_gain":0.0,"event_name":"Scrap Ooze","player_choice":"Success","floor":5.0,"gold_loss":0.0,"damage_taken":5.0,"relics_obtained":["Torii"]},{"damage_healed":0.0,"max_hp_gain":0.0,"max_hp_loss":0.0,"gold_gain":0.0,"event_name":"Accursed Blacksmith","player_choice":"Forge","floor":19.0,"gold_loss":0.0,"damage_taken":0.0,"cards_upgraded":["Double Energy"]},{"damage_healed":0,"gold_gain":0,"player_choice":"Ignored","damage_taken":0,"max_hp_gain":0,"max_hp_loss":0,"event_name":"Tomb of Lord Red Mask","floor":36,"gold_loss":0},{"cards_removed":["Turbo"],"damage_healed":0,"gold_gain":0,"player_choice":"Removed Skill","damage_taken":0,"max_hp_gain":0,"max_hp_loss":0,"event_name":"Falling","floor":37,"gold_loss":0}],"is_beta":false,"boss_relics":[{"not_picked":["Runic Dome","Velvet Choker"],"picked":"Runic Cube"},{"not_picked":["Busted Crown","Black Blood"],"picked":"Coffee Dripper"}],"items_purged_floors":[24,39,46],"is_endless":false,"potions_floor_spawned":[8,13,14,16,21,23,27,31,40,44,45],"ascension_level":20}}