{"host":"6pgtslebjnyv5xmi","time":1608702724,"event":{"mods":["AchievementEnabler","BaseMod","Colored Map","Marisa£¨Ùöéë¡¡Øª×âÞÞ£©","Minty Spire (QoL Compilation)","Rare Cards Sparkle","StSLib","SuperFastMode","everything is the same but u backflip on backflip"],"gold_per_floor":[110,37,37,37,37,56,56,67,92,125,140,140,86,104,104,200,200,210,210,125,50,62,62,89,107,133,133,159,177,25,54,54,149,199,215,228,228,1227,1253,1253,1082,1093,1119,1137,385,401,401,411,411,431],"floor_reached":51,"playtime":4651,"items_purged":["Strike_R","Defend_R","Normality","Normality"],"score":740,"play_id":"6f24d671-c7c9-41ff-bb4d-2bb40347cae5","local_time":"20201223145204","is_ascension_mode":false,"campfire_choices":[{"data":"Flex","floor":12.0,"key":"SMITH"},{"data":"Flex","floor":15.0,"key":"SMITH"},{"data":"Bash","floor":23.0,"key":"SMITH"},{"data":"Armaments","floor":27.0,"key":"SMITH"},{"data":"Heavy Blade","floor":32.0,"key":"SMITH"},{"data":"Shrug It Off","floor":40,"key":"SMITH"},{"data":"Heavy Blade","floor":47,"key":"SMITH"},{"floor":49,"key":"REST"}],"circlet_count":0,"master_deck":["Strike_R","Strike_R","Strike_R","Defend_R+1","Defend_R","Defend_R+1","Bash+1","Sword Boomerang+1","Flex+1","Thunderclap","Sword Boomerang","Iron Wave","Thunderclap","Flex+1","Twin Strike","Armaments+1","Flex+1","Shrug It Off+1","Heavy Blade+1","Anger+1","Heavy Blade+1","Twin Strike+1","Shrug It Off","Perfected Strike+1"],"relics":["Burning Blood","Akabeko","Mercury Hourglass","Toy Ornithopter","StrikeDummy","Runic Pyramid","Regal Pillow","Pen Nib","War Paint","Red Skull","Red Mask","Tiny House","Juzu Bracelet","Anchor","Ginger","Boot","Brimstone"],"acts_visited":["Exordium","TheCity","TheBeyond"],"potions_floor_usage":[33,36,42,50,50,50],"damage_taken":[{"damage":1.0,"enemies":"Cultist","floor":1.0,"turns":4.0},{"damage":6.0,"enemies":"Jaw Worm","floor":6.0,"turns":2.0},{"damage":0.0,"enemies":"2 Louse","floor":8.0,"turns":1.0},{"damage":7.0,"enemies":"Gremlin Nob","floor":10.0,"turns":3.0},{"damage":2.0,"enemies":"Blue Slaver","floor":11.0,"turns":2.0},{"damage":0.0,"enemies":"Looter","floor":14.0,"turns":1.0},{"damage":7.0,"enemies":"Slime Boss","floor":16.0,"turns":4.0},{"damage":0.0,"enemies":"Chosen","floor":18.0,"turns":3.0},{"damage":5.0,"enemies":"Spheric Guardian","floor":22.0,"turns":3.0},{"damage":22.0,"enemies":"Slavers","floor":24.0,"turns":2.0},{"damage":15.0,"enemies":"Centurion and Healer","floor":25.0,"turns":4.0},{"damage":5.0,"enemies":"Cultist and Chosen","floor":29.0,"turns":3.0},{"damage":0.0,"enemies":"Masked Bandits","floor":31.0,"turns":3.0},{"damage":30,"enemies":"Collector","floor":33,"turns":4},{"damage":18,"enemies":"3 Darklings","floor":35,"turns":3},{"damage":11,"enemies":"Orb Walker","floor":36,"turns":2},{"damage":10,"enemies":"Spire Growth","floor":42,"turns":5},{"damage":36,"enemies":"Maw","floor":44,"turns":7},{"damage":15,"enemies":"Jaw Worm Horde","floor":46,"turns":3},{"damage":0,"enemies":"Spire Growth","floor":48,"turns":2},{"damage":105,"enemies":"Awakened One","floor":50,"turns":8}],"seed_played":"-1270728374786593411","potions_obtained":[{"floor":1.0,"key":"BloodPotion"},{"floor":6.0,"key":"Dexterity Potion"},{"floor":11.0,"key":"Strength Potion"},{"floor":18.0,"key":"LiquidBronze"},{"floor":24.0,"key":"LiquidBronze"},{"floor":25.0,"key":"DuplicationPotion"},{"floor":34,"key":"ColorlessPotion"},{"floor":35,"key":"SkillPotion"},{"floor":36,"key":"Block Potion"},{"floor":44,"key":"Strength Potion"}],"is_trial":false,"path_per_floor":["M","$","$","?","?","M","$","M","T","E","M","R","$","M","R","B",null,"M","?","?","$","M","R","E","M","T","R","T","M","$","?","R","B",null,"M","M","?","?","T","R","$","M","T","M","$","M","R","M","R","B",null],"character_chosen":"IRONCLAD","items_purchased":["Flex","Thunderclap","Flex","Shrug It Off","Heavy Blade","Ginger","Boot","Brimstone"],"campfire_rested":1,"item_purchase_floors":[2,2,13,30,41,45,45,45],"current_hp_per_floor":[80,80,80,73,48,48,48,54,54,58,62,62,62,68,68,72,80,80,64,64,64,65,65,54,45,45,45,45,46,46,57,57,38,85,73,73,68,68,68,68,68,69,69,39,39,30,30,36,76,8],"gold":431,"neow_bonus":"RANDOM_COMMON_RELIC","is_daily":false,"chose_seed":false,"campfire_upgraded":7,"win_rate":0.0,"timestamp":1608702724,"path_taken":["M","?","$","?","?","M","?","M","T","E","M","R","?","?","R","BOSS","M","?","?","$","?","R","E","?","T","R","?","M","$","?","R","BOSS","M","M","?","?","?","R","$","M","T","M","$","M","R","M","R","BOSS"],"items_purchased_type":["Card","Card","Card","Card","Card","Relic","Relic","Relic"],"build_version":"2020-12-13","purchased_purges":4,"victory":true,"max_hp_per_floor":[80,80,80,80,80,80,80,80,80,80,80,80,80,80,80,80,80,80,80,80,80,80,80,80,80,80,80,80,80,80,80,80,80,85,85,85,85,85,85,85,85,85,85,85,85,85,85,85,85,85],"card_choices":[{"not_picked":["Spot Weakness","Thunderclap"],"picked":"Sword Boomerang","floor":1.0},{"not_picked":["Rampage","Battle Trance"],"picked":"Sword Boomerang","floor":6.0},{"not_picked":["Anger","Blood for Blood"],"picked":"Iron Wave","floor":8.0},{"not_picked":["Shockwave","Flame Barrier"],"picked":"Thunderclap","floor":10.0},{"not_picked":["Fire Breathing","Bloodletting","Sword Boomerang"],"picked":"SKIP","floor":11.0},{"not_picked":["Infernal Blade","Havoc","Hemokinesis"],"picked":"SKIP","floor":14.0},{"not_picked":["Wild Strike","Entrench+1"],"picked":"Twin Strike","floor":18.0},{"not_picked":["Perfected Strike","Body Slam","Clothesline"],"picked":"SKIP","floor":22.0},{"not_picked":["Rupture+1","Cleave","Pummel"],"picked":"SKIP","floor":24.0},{"not_picked":["Sentinel","Cleave"],"picked":"Armaments","floor":25.0},{"not_picked":["Pommel Strike+1","Cleave+1"],"picked":"Flex+1","floor":29.0},{"not_picked":["Exhume","Iron Wave+1"],"picked":"Heavy Blade","floor":31.0},{"not_picked":["Body Slam+1","Flame Barrier"],"picked":"Anger+1","floor":34},{"not_picked":["Intimidate+1","Carnage","Flex"],"picked":"SKIP","floor":35},{"not_picked":["Body Slam+1","Dropkick","Rampage+1"],"picked":"SKIP","floor":36},{"not_picked":["Sever Soul","Shockwave"],"picked":"Twin Strike+1","floor":42},{"not_picked":["Hemokinesis+1","Seeing Red+1"],"picked":"Shrug It Off","floor":44},{"not_picked":["Anger","Power Through","Seeing Red"],"picked":"SKIP","floor":46},{"not_picked":["Warcry+1","Heavy Blade"],"picked":"Perfected Strike+1","floor":48}],"player_experience":386823,"relics_obtained":[{"floor":9.0,"key":"Toy Ornithopter"},{"floor":10.0,"key":"StrikeDummy"},{"floor":24.0,"key":"Pen Nib"},{"floor":26.0,"key":"War Paint"},{"floor":28.0,"key":"Red Skull"},{"floor":31.0,"key":"Red Mask"},{"floor":39,"key":"Juzu Bracelet"},{"floor":43,"key":"Anchor"}],"event_choices":[{"cards_removed":["Strike_R"],"damage_healed":0.0,"max_hp_gain":0.0,"max_hp_loss":0.0,"gold_gain":0.0,"event_name":"Golden Wing","player_choice":"Card Removal","floor":4.0,"gold_loss":0.0,"damage_taken":7.0},{"damage_healed":0.0,"max_hp_gain":0.0,"max_hp_loss":0.0,"gold_gain":0.0,"event_name":"Scrap Ooze","player_choice":"Success","floor":5.0,"gold_loss":0.0,"damage_taken":25.0,"relics_obtained":["Mercury Hourglass"]},{"damage_healed":0.0,"max_hp_gain":0.0,"max_hp_loss":0.0,"gold_gain":0.0,"event_name":"Cursed Tome","player_choice":"Obtained Book","floor":19.0,"gold_loss":0.0,"damage_taken":16.0},{"damage_healed":0.0,"max_hp_gain":0.0,"max_hp_loss":0.0,"gold_gain":0.0,"event_name":"Addict","player_choice":"Obtained Relic","floor":20.0,"gold_loss":85.0,"damage_taken":0.0,"relics_obtained":["Regal Pillow"]},{"damage_healed":0.0,"max_hp_gain":0.0,"max_hp_loss":0.0,"gold_gain":0.0,"event_name":"Masked Bandits","player_choice":"Fought Bandits","floor":31.0,"gold_loss":0.0,"damage_taken":0.0},{"damage_healed":0,"gold_gain":0,"player_choice":"Memory 2","damage_taken":5,"max_hp_gain":0,"max_hp_loss":0,"event_name":"SensoryStone","floor":37,"gold_loss":0},{"damage_healed":0,"gold_gain":999,"player_choice":"Gold","damage_taken":0,"max_hp_gain":0,"max_hp_loss":0,"event_name":"MindBloom","floor":38,"gold_loss":0,"cards_obtained":["Normality","Normality"]}],"is_beta":false,"boss_relics":[{"not_picked":["Ectoplasm","Astrolabe"],"picked":"Runic Pyramid"},{"not_picked":["Runic Dome","Pandora\u0027s Box"],"picked":"Tiny House"}],"items_purged_floors":[21,30,41,45],"is_endless":false,"potions_floor_spawned":[1,6,11,18,24,25,29,35,36,44],"ascension_level":0}}