{"host":"newqdrzxfhh2im9e","time":1608755723,"event":{"mods":["AchievementEnabler","BaseMod","BetterRewards","Block Reminder","Colored Map","Jorbs\u0027s Wanderer Trilogy","Minty Spire (QoL Compilation)","Rare Cards Sparkle","Shop Mod","StSLib"],"gold_per_floor":[116,129,129,140,30,30,64,64,87,152,187,187,206,235,235,335,335,350,45,55,134,150,150,176,176,176,176,34,34,44,61,61,162,162,177,197,6,0,10,10,10,10],"floor_reached":41,"playtime":2404,"items_purged":[],"score":499,"play_id":"898b9f34-3a6c-49e0-9ac9-cd2773c3b2f8","local_time":"20201223123523","is_ascension_mode":true,"campfire_choices":[{"data":"Defragment","floor":6,"key":"SMITH"},{"data":"Blizzard","floor":15,"key":"SMITH"},{"data":"Echo Form","floor":23,"key":"SMITH"},{"data":"Storm","floor":27,"key":"SMITH"},{"data":"Consume","floor":29,"key":"SMITH"},{"data":"Glacier","floor":32,"key":"SMITH"},{"floor":40,"key":"REST"}],"circlet_count":0,"master_deck":["Strike_B","Strike_B","Strike_B","Strike_B","Defend_B","Defend_B+1","Defend_B","Defend_B","Zap+1","Dualcast","Reinforced Body+1","Consume+1","Conserve Battery","Defragment+1","Glacier+1","Conserve Battery","FTL","Blizzard+1","Echo Form+1","CurseOfTheBell","Storm+1","Double Energy","Melter+1","Genetic Algorithm+1","BootSequence","Conserve Battery","Amplify+1","Genetic Algorithm+1","Cold Snap+1","Cold Snap+1","Thunder Strike+1","Heatsinks","Fusion+1"],"relics":["Busted Crown","Blood Vial","Boot","Mercury Hourglass","Ancient Tea Set","Eternal Feather","Bottled Flame","Calling Bell","Strawberry","Molten Egg 2","Prayer Wheel","Bag of Marbles","Ornamental Fan","Matryoshka","CultistMask","Smiling Mask","Toxic Egg 2","SlaversCollar","Membership Card","Red Mask"],"acts_visited":["Exordium","TheCity","TheBeyond"],"potions_floor_usage":[2,7,10,16,22,31,33,33,39],"damage_taken":[{"damage":4,"enemies":"Jaw Worm","floor":1,"turns":4},{"damage":0,"enemies":"2 Louse","floor":2,"turns":2},{"damage":1,"enemies":"Cultist","floor":4,"turns":3},{"damage":10,"enemies":"3 Sentries","floor":7,"turns":13},{"damage":0,"enemies":"Lagavulin Event","floor":10,"turns":6},{"damage":0,"enemies":"Lagavulin","floor":11,"turns":9},{"damage":0,"enemies":"Red Slaver","floor":13,"turns":4},{"damage":18,"enemies":"3 Sentries","floor":14,"turns":6},{"damage":12,"enemies":"Hexaghost","floor":16,"turns":15},{"damage":7,"enemies":"Shell Parasite","floor":18,"turns":8},{"damage":5,"enemies":"Chosen","floor":20,"turns":6},{"damage":35,"enemies":"3 Cultists","floor":22,"turns":6},{"damage":12,"enemies":"Gremlin Leader","floor":24,"turns":8},{"damage":28,"enemies":"Shelled Parasite and Fungi","floor":30,"turns":7},{"damage":6,"enemies":"Snake Plant","floor":31,"turns":4},{"damage":16,"enemies":"Champ","floor":33,"turns":13},{"damage":15,"enemies":"3 Darklings","floor":35,"turns":7},{"damage":9,"enemies":"3 Shapes","floor":36,"turns":4},{"damage":50,"enemies":"Maw","floor":39,"turns":11},{"damage":64,"enemies":"Giant Head","floor":41,"turns":11}],"seed_played":"-2619420058565332740","potions_obtained":[{"floor":1,"key":"AttackPotion"},{"floor":2,"key":"Strength Potion"},{"floor":7,"key":"SkillPotion"},{"floor":14,"key":"Explosive Potion"},{"floor":16,"key":"PotionOfCapacity"},{"floor":20,"key":"DistilledChaos"},{"floor":30,"key":"ColorlessPotion"},{"floor":31,"key":"PotionOfCapacity"},{"floor":36,"key":"Swift Potion"}],"is_trial":false,"path_per_floor":["M","M","?","M","$","R","E","?","T","?","E","T","M","E","R","B",null,"M","$","M","T","M","R","E","?","T","R","$","R","M","M","R","B",null,"M","M","$","?","M","R","E"],"character_chosen":"DEFECT","items_purchased":["Defragment","Glacier","Bag of Marbles","Storm","Double Energy","Amplify+1","Membership Card","Heatsinks"],"campfire_rested":1,"item_purchase_floors":[5,5,19,19,19,28,37,37],"current_hp_per_floor":[71,71,71,70,70,70,60,45,45,47,49,49,51,35,44,34,82,75,75,72,72,39,54,44,44,44,59,59,74,48,44,62,48,82,67,60,60,60,12,54,0,0],"gold":10,"neow_bonus":"BOSS_RELIC","is_daily":false,"chose_seed":false,"campfire_upgraded":6,"win_rate":0.0,"timestamp":1608755723,"path_taken":["M","M","?","M","$","R","E","?","T","?","E","?","?","E","R","BOSS","M","$","M","?","?","R","E","?","T","R","?","R","?","M","R","BOSS","M","M","$","?","M","R","E"],"items_purchased_type":["Card","Card","Relic","Card","Card","Card","Relic","Card"],"build_version":"2020-12-22","purchased_purges":0,"victory":false,"max_hp_per_floor":[75,75,75,75,75,75,75,75,75,75,75,75,75,75,75,75,82,82,82,82,82,82,82,82,82,82,82,82,82,82,82,82,82,82,82,82,82,82,82,82,82,82],"card_choices":[{"not_picked":[],"picked":"Reinforced Body","floor":1},{"not_picked":[],"picked":"Consume","floor":2},{"not_picked":[],"picked":"Conserve Battery","floor":4},{"not_picked":[],"picked":"Conserve Battery","floor":7},{"not_picked":["Beam Cell"],"picked":"SKIP","floor":11},{"not_picked":[],"picked":"FTL","floor":13},{"not_picked":[],"picked":"Blizzard","floor":14},{"not_picked":[],"picked":"Echo Form","floor":16},{"not_picked":["Go for the Eyes+1"],"picked":"SKIP","floor":18},{"not_picked":["Cold Snap+1"],"picked":"SKIP","floor":18},{"not_picked":[],"picked":"Melter+1","floor":20},{"not_picked":[],"picked":"Genetic Algorithm+1","floor":20},{"not_picked":[],"picked":"BootSequence","floor":22},{"not_picked":["Coolheaded+1"],"picked":"SKIP","floor":22},{"not_picked":[],"picked":"Conserve Battery","floor":24},{"not_picked":[],"picked":"Genetic Algorithm+1","floor":30},{"not_picked":["Barrage+1"],"picked":"SKIP","floor":30},{"not_picked":[],"picked":"Cold Snap+1","floor":31},{"not_picked":[],"picked":"Cold Snap+1","floor":31},{"not_picked":[],"picked":"Thunder Strike+1","floor":33},{"not_picked":["Redo+1"],"picked":"SKIP","floor":35},{"not_picked":["Conserve Battery+1"],"picked":"SKIP","floor":35},{"not_picked":["Cold Snap+1"],"picked":"SKIP","floor":36},{"not_picked":["Genetic Algorithm+1"],"picked":"SKIP","floor":36},{"not_picked":[],"picked":"Fusion+1","floor":39},{"not_picked":["Hologram+1"],"picked":"SKIP","floor":39}],"player_experience":636397,"relics_obtained":[{"floor":7,"key":"Blood Vial"},{"floor":9,"key":"Boot"},{"floor":11,"key":"Ancient Tea Set"},{"floor":12,"key":"Eternal Feather"},{"floor":14,"key":"Bottled Flame"},{"floor":17,"key":"Strawberry"},{"floor":17,"key":"Molten Egg 2"},{"floor":17,"key":"Prayer Wheel"},{"floor":21,"key":"Ornamental Fan"},{"floor":24,"key":"Matryoshka"},{"floor":26,"key":"Smiling Mask"},{"floor":26,"key":"Toxic Egg 2"}],"event_choices":[{"damage_healed":0,"gold_gain":0,"player_choice":"Grow","damage_taken":0,"max_hp_gain":0,"max_hp_loss":0,"event_name":"Living Wall","floor":3,"gold_loss":0,"cards_upgraded":["Reinforced Body"]},{"damage_healed":0,"gold_gain":0,"player_choice":"Entered Light","damage_taken":15,"max_hp_gain":0,"max_hp_loss":0,"event_name":"Shining Light","floor":8,"gold_loss":0,"cards_upgraded":["Zap","Defend_B"]},{"damage_healed":0,"gold_gain":0,"player_choice":"Searched \u00273\u0027 times","damage_taken":0,"relics_obtained":["Mercury Hourglass"],"max_hp_gain":0,"max_hp_loss":0,"event_name":"Dead Adventurer","floor":10,"gold_loss":0},{"damage_healed":0,"gold_gain":0,"player_choice":"Trade","damage_taken":0,"relics_obtained":["CultistMask"],"max_hp_gain":0,"max_hp_loss":0,"event_name":"FaceTrader","floor":25,"gold_loss":0},{"damage_healed":0,"gold_gain":0,"player_choice":"Paid","damage_taken":0,"relics_obtained":["Red Mask"],"max_hp_gain":0,"max_hp_loss":0,"event_name":"Tomb of Lord Red Mask","floor":38,"gold_loss":6}],"is_beta":false,"boss_relics":[{"not_picked":["Runic Dome","Fusion Hammer"],"picked":"Calling Bell"},{"not_picked":["SacredBark","Coffee Dripper"],"picked":"SlaversCollar"}],"items_purged_floors":[],"is_endless":false,"potions_floor_spawned":[1,2,7,14,16,20,30,31,36],"killed_by":"Giant Head","ascension_level":2}}