{"host":"30jsp143e4v19aze","time":1608741522,"event":{"mods":["BaseMod","Colored Map","Colored Powertips","Curses Come First","DeckTracker","Highlight Path","Minty Spire (QoL Compilation)","Quick Restart","Relic Stats","StSLib"],"gold_per_floor":[112,131,141,141,141,141,168,168,194,222,234,234,263,277,277,378,378,391,391,306,320,28,55,55,55,101,101,101,117,144,156,156,256,256,274,293,293,293,309,309,89,89,112,12,58,83,97,97,97,97],"floor_reached":51,"playtime":1504,"items_purged":["Defend_B","Strike_B"],"score":1115,"play_id":"10d82ff7-a15d-40ce-b39b-37a02f3303d0","local_time":"20201223173842","is_ascension_mode":true,"campfire_choices":[{"data":"Streamline","floor":6,"key":"SMITH"},{"data":"1","floor":8,"key":"LIFT"},{"floor":12,"key":"REST"},{"data":"2","floor":15,"key":"LIFT"},{"floor":24,"key":"REST"},{"data":"3","floor":28,"key":"LIFT"},{"floor":32,"key":"REST"},{"data":"Hyperbeam","floor":40,"key":"SMITH"},{"data":"Seek","floor":42,"key":"SMITH"},{"floor":49,"key":"REST"}],"circlet_count":0,"master_deck":["Strike_B","Strike_B","Defend_B","Defend_B","Defend_B","Ball Lightning","Coolheaded","Streamline+1","Barrage","Sweeping Beam","Gash","Hyperbeam+1","Gash+1","Necronomicurse","Echo Form+1","Conserve Battery+1","Steam Power","Rebound+1","Seek+1","Ghostly","Ghostly","Ghostly","Ghostly","Ghostly","Machine Learning+1","Hologram","Auto Shields","Gash+1","All For One","Go for the Eyes+1","Buffer+1","Beam Cell+1","Gash+1"],"relics":["Cracked Core","NeowsBlessing","Vajra","Girya","Pen Nib","Shuriken","Pear","Sozu","Necronomicon","Frozen Egg 2","Orrery","Toy Ornithopter","Orichalcum","Dream Catcher","Empty Cage","Bag of Marbles","Strawberry","CaptainsWheel","Oddly Smooth Stone"],"acts_visited":["Exordium","TheCity","TheBeyond"],"potions_floor_usage":[13,13,16],"damage_taken":[{"damage":0,"enemies":"Small Slimes","floor":1,"turns":1},{"damage":0,"enemies":"Cultist","floor":2,"turns":1},{"damage":0,"enemies":"Jaw Worm","floor":3,"turns":1},{"damage":19,"enemies":"3 Sentries","floor":7,"turns":6},{"damage":16,"enemies":"Gremlin Nob","floor":10,"turns":3},{"damage":2,"enemies":"3 Louse","floor":11,"turns":2},{"damage":13,"enemies":"3 Sentries","floor":13,"turns":5},{"damage":0,"enemies":"Blue Slaver","floor":14,"turns":2},{"damage":31,"enemies":"The Guardian","floor":16,"turns":12},{"damage":10,"enemies":"3 Byrds","floor":18,"turns":3},{"damage":9,"enemies":"Shell Parasite","floor":21,"turns":2},{"damage":19,"enemies":"Slavers","floor":23,"turns":2},{"damage":14,"enemies":"Shelled Parasite and Fungi","floor":29,"turns":2},{"damage":15,"enemies":"Book of Stabbing","floor":30,"turns":5},{"damage":0,"enemies":"Snake Plant","floor":31,"turns":3},{"damage":0,"enemies":"Champ","floor":33,"turns":8},{"damage":0,"enemies":"3 Darklings","floor":35,"turns":2},{"damage":0,"enemies":"3 Shapes","floor":36,"turns":4},{"damage":0,"enemies":"Transient","floor":39,"turns":5},{"damage":11,"enemies":"2 Orb Walkers","floor":45,"turns":3},{"damage":0,"enemies":"Reptomancer","floor":46,"turns":5},{"damage":1,"enemies":"4 Shapes","floor":47,"turns":1},{"damage":15,"enemies":"Awakened One","floor":50,"turns":9}],"seed_played":"-1489626130914895897","potions_obtained":[{"floor":1,"key":"CultistPotion"},{"floor":11,"key":"Dexterity Potion"},{"floor":14,"key":"FearPotion"}],"is_trial":false,"path_per_floor":["M","M","M","?","?","R","E","R","T","E","M","R","E","M","R","B",null,"M","?","?","M","$","E","R","?","T","?","R","M","E","M","R","B",null,"M","M","?","?","M","R","$","R","T","$","?","E","M","?","R","B",null],"character_chosen":"DEFECT","items_purchased":["Orrery","Seek","Bag of Marbles"],"campfire_rested":4,"item_purchase_floors":[22,22,41],"current_hp_per_floor":[68,68,68,50,50,50,31,31,31,15,13,35,32,32,32,1,64,54,38,38,29,29,10,35,35,35,35,35,21,6,6,18,18,36,36,36,36,36,36,36,36,36,43,43,32,32,31,31,45,30],"gold":97,"neow_bonus":"THREE_ENEMY_KILL","is_daily":false,"chose_seed":false,"campfire_upgraded":3,"win_rate":0.0,"timestamp":1608741522,"path_taken":["M","M","M","?","?","R","E","R","T","E","?","R","E","M","R","BOSS","M","?","?","M","$","E","R","?","T","?","R","M","E","?","R","BOSS","M","M","?","?","?","R","$","R","T","$","?","E","M","?","R","BOSS"],"items_purchased_type":["Relic","Card","Relic"],"build_version":"2020-12-22","purchased_purges":2,"victory":true,"max_hp_per_floor":[75,75,75,75,75,75,75,75,75,75,75,75,85,85,85,85,85,85,85,85,85,85,85,85,42,42,42,42,42,42,42,42,42,42,42,42,40,40,40,40,40,40,47,47,47,47,47,47,47,47],"relic_stats":{"Sozu":9,"Dream Catcher":2,"counters":[23,87],"Shuriken":[32],"Pen Nib":[17],"Necronomicon":[23],"Orichalcum":[162],"obtain_stats":[{"Girya":7,"Pear":13,"NeowsBlessing":0,"Vajra":4,"Oddly Smooth Stone":46,"Pen Nib":9,"Frozen Egg 2":20,"Orichalcum":26,"Empty Cage":34,"Sozu":17,"Dream Catcher":30,"CaptainsWheel":45,"Shuriken":10,"Strawberry":43,"Orrery":22,"Necronomicon":19,"Bag of Marbles":41,"Cracked Core":0,"Toy Ornithopter":23},{"Girya":4,"Pear":7,"NeowsBlessing":0,"Vajra":3,"Oddly Smooth Stone":21,"Pen Nib":4,"Frozen Egg 2":10,"Orichalcum":12,"Empty Cage":16,"Sozu":9,"Dream Catcher":14,"CaptainsWheel":20,"Shuriken":5,"Strawberry":19,"Orrery":11,"Necronomicon":10,"Bag of Marbles":19,"Cracked Core":0,"Toy Ornithopter":12},{"Girya":9,"Pear":19,"NeowsBlessing":0,"Vajra":3,"Oddly Smooth Stone":77,"Pen Nib":9,"Frozen Egg 2":36,"Orichalcum":40,"Empty Cage":58,"Sozu":33,"Dream Catcher":47,"CaptainsWheel":72,"Shuriken":12,"Strawberry":69,"Orrery":38,"Necronomicon":36,"Bag of Marbles":69,"Cracked Core":0,"Toy Ornithopter":40}],"Toy Ornithopter":0},"card_choices":[{"not_picked":["Gash","Hello World"],"picked":"Ball Lightning","floor":1},{"not_picked":["Steam","Skim"],"picked":"Coolheaded","floor":2},{"not_picked":["Tempest","Chill"],"picked":"Streamline","floor":3},{"not_picked":["Auto Shields","Redo"],"picked":"Barrage","floor":7},{"not_picked":["Sunder","Leap"],"picked":"Sweeping Beam","floor":10},{"not_picked":["Hologram","Streamline","Rebound"],"picked":"SKIP","floor":11},{"not_picked":["Lockon","Loop"],"picked":"Gash","floor":13},{"not_picked":["Ball Lightning","Sweeping Beam","Streamline"],"picked":"SKIP","floor":14},{"not_picked":["Biased Cognition","Rainbow"],"picked":"Hyperbeam","floor":16},{"not_picked":["Stack","Go for the Eyes"],"picked":"Gash+1","floor":18},{"not_picked":["Barrage+1","Storm+1","Glacier"],"picked":"SKIP","floor":21},{"not_picked":["Blizzard","Conserve Battery"],"picked":"Echo Form+1","floor":22},{"not_picked":["BootSequence","White Noise"],"picked":"Conserve Battery+1","floor":22},{"not_picked":["Force Field","Beam Cell+1"],"picked":"Steam Power","floor":22},{"not_picked":["Steam Power","Barrage+1"],"picked":"Rebound+1","floor":22},{"not_picked":["Steam+1","Lockon+1","Coolheaded+1"],"picked":"SKIP","floor":23},{"not_picked":["Recycle+1","Conserve Battery"],"picked":"Hologram","floor":29},{"not_picked":["Melter","Hologram"],"picked":"Auto Shields","floor":30},{"not_picked":["Rainbow","Blizzard","Steam Power"],"picked":"SKIP","floor":31},{"not_picked":["Redo","Beam Cell"],"picked":"Gash+1","floor":32},{"not_picked":["Machine Learning+1","Amplify"],"picked":"All For One","floor":33},{"not_picked":["Gash","Rebound+1","Compile Driver"],"picked":"SKIP","floor":35},{"not_picked":["Reprogram","Gash+1"],"picked":"Go for the Eyes+1","floor":36},{"not_picked":["Stack+1","Conserve Battery+1"],"picked":"Buffer+1","floor":39},{"not_picked":["Streamline","Leap+1"],"picked":"Beam Cell+1","floor":45},{"not_picked":["Steam Power+1","Machine Learning+1"],"picked":"Gash+1","floor":46},{"not_picked":["Gash","Barrage","Stack"],"picked":"SKIP","floor":47}],"player_experience":3099407,"relics_obtained":[{"floor":7,"key":"Girya"},{"floor":9,"key":"Pen Nib"},{"floor":10,"key":"Shuriken"},{"floor":13,"key":"Pear"},{"floor":19,"key":"Necronomicon"},{"floor":23,"key":"Toy Ornithopter"},{"floor":26,"key":"Orichalcum"},{"floor":30,"key":"Dream Catcher"},{"floor":43,"key":"Strawberry"},{"floor":45,"key":"CaptainsWheel"},{"floor":46,"key":"Oddly Smooth Stone"}],"event_choices":[{"damage_healed":0,"gold_gain":0,"player_choice":"Success","damage_taken":18,"relics_obtained":["Vajra"],"max_hp_gain":0,"max_hp_loss":0,"event_name":"Scrap Ooze","floor":4,"gold_loss":0},{"cards_removed":["Strike_B"],"damage_healed":0,"gold_gain":0,"player_choice":"Offered Basic","damage_taken":0,"max_hp_gain":0,"max_hp_loss":0,"event_name":"Bonfire Elementals","floor":5,"gold_loss":0},{"damage_healed":0,"gold_gain":0,"player_choice":"Obtained Book","damage_taken":16,"max_hp_gain":0,"max_hp_loss":0,"event_name":"Cursed Tome","floor":19,"gold_loss":0},{"damage_healed":0,"gold_gain":0,"player_choice":"Obtained Relic","damage_taken":0,"relics_obtained":["Frozen Egg 2"],"max_hp_gain":0,"max_hp_loss":0,"event_name":"Addict","floor":20,"gold_loss":85},{"damage_healed":0,"gold_gain":0,"player_choice":"Became a Ghost","damage_taken":0,"max_hp_gain":0,"max_hp_loss":43,"event_name":"Ghosts","floor":25,"gold_loss":0,"cards_obtained":["Ghostly","Ghostly","Ghostly","Ghostly","Ghostly"]},{"damage_healed":0,"gold_gain":0,"player_choice":"Read","damage_taken":0,"max_hp_gain":0,"max_hp_loss":0,"event_name":"The Library","floor":27,"gold_loss":0,"cards_obtained":["Machine Learning"]},{"damage_healed":0,"gold_gain":0,"player_choice":"Max HP","damage_taken":0,"max_hp_gain":0,"max_hp_loss":2,"event_name":"Winding Halls","floor":37,"gold_loss":0},{"damage_healed":0,"gold_gain":0,"player_choice":"Ignored","damage_taken":0,"max_hp_gain":0,"max_hp_loss":0,"event_name":"SecretPortal","floor":38,"gold_loss":0},{"damage_healed":0,"gold_gain":0,"player_choice":"Fight","damage_taken":0,"max_hp_gain":0,"max_hp_loss":0,"event_name":"Mysterious Sphere","floor":45,"gold_loss":0},{"damage_healed":0,"gold_gain":0,"player_choice":"Got Potions","damage_taken":0,"max_hp_gain":0,"max_hp_loss":0,"event_name":"Lab","floor":48,"gold_loss":0}],"is_beta":false,"boss_relics":[{"not_picked":["Runic Dome","Runic Pyramid"],"picked":"Sozu"},{"not_picked":["Philosopher\u0027s Stone","Nuclear Battery"],"picked":"Empty Cage"}],"items_purged_floors":[41,44],"is_endless":false,"potions_floor_spawned":[1,11,14,18,21,30,33,35,39],"ascension_level":6}}