{"host":"Teixeira","time":1608754353,"event":{"mods":["2.2 Compatiblity","AchievementEnabler","Aspiration","BaseMod","Better Match","Better Note","Better Sensory Stone","Better Skull","Better Third Choice","Colored Map","Colored Powertips","Downfall","Hermit","Hubris","Infinite Spire","Marked Mod","Minty Spire (QoL Compilation)","Permanent Neow","Quick Restart","Rare Cards Sparkle","Relic Filter","Replay The Spire","Spicy Shops","StSLib","SuperFastMode"],"gold_per_floor":[199,214,139,159,173,72,72,72,95,120,159,173,23,8,24,145,145,145,169,190,390,232,232,232,157,173,193,233,39,39,39,59,193,256,256,269,292,292,305,305,305,343,343,343,366,385,385,425,441,15,28,28,28,68,68,68,68],"floor_reached":58,"playtime":4799,"items_purged":["hexamod:Strike","Pride","hexamod:Strike","hexamod:Strike","hexamod:Strike"],"score":1343,"play_id":"18807d8d-1c1c-4822-9d73-770e83b49132","local_time":"20201223171232","is_ascension_mode":false,"campfire_choices":[{"floor":1.0,"key":"RECALL"},{"data":"hexamod:RainOfEmbers","floor":8.0,"key":"SMITH"},{"data":"hexamod:HeatMetal","floor":13.0,"key":"SMITH"},{"floor":18.0,"key":"DIG"},{"data":"hexamod:EmpoweringStance","floor":23.0,"key":"SMITH"},{"data":"hexamod:Float","floor":25.0,"key":"SMITH"},{"data":"hexamod:FastForward","floor":30.0,"key":"SMITH"},{"data":"hexamod:FastForward","floor":35.0,"key":"SMITH"},{"data":"hexamod:GhostflameInferno","floor":40.0,"key":"SMITH"},{"floor":47,"key":"REST"},{"floor":56,"key":"REST"}],"circlet_count":0,"master_deck":["hexamod:Defend","hexamod:Defend","hexamod:Defend","hexamod:Defend","hexamod:Sear","hexamod:Float+1","hexamod:RainOfEmbers+1","hexamod:TimeWarp+1","hexamod:TimeWarp+1","hexamod:HexaLevel+1","hexamod:ThermalTransfer","hexamod:ExtraCrispy","hexamod:HeatMetal+1","hexamod:EmpoweredFlame+1","hexamod:VolcanoVisage+1","hexamod:FastForward+1","hexamod:EmpoweringStance+1","AbeCurse","hexamod:FastForward+1","hexamod:WildfireWeapon+1","hexamod:HeatCrush+1","hexamod:GhostflameInferno+1"],"relics":["hexamod:SpiritBrand","Golden Idol","Chemical X","Mercury Hourglass","Toy Ornithopter","downfall:HeartBlessingRed","downfall:HeartBlessingGreen","Abe\u0027s Treasure","Thread and Needle","Onion Ring","HandDrill","downfall:HeartBlessingBlue","CeramicFish","Garlic","Pear","Cursed Key","Tiny House","downfall:TeleportStone","Oddly Smooth Stone","infinitespire:Bottled Soul","Guide Book","Replay:Arrowhead"],"acts_visited":["Exordium","TheCity","TheBeyond","TheEnding"],"potions_floor_usage":[42,48,57],"damage_taken":[{"damage":0.0,"enemies":"Small Slimes","floor":2.0,"turns":3.0},{"damage":0.0,"enemies":"Cultist","floor":4.0,"turns":3.0},{"damage":2.0,"enemies":"Jaw Worm","floor":5.0,"turns":3.0},{"damage":0.0,"enemies":"downfall:FleeingMerchant","floor":6.0,"turns":4.0},{"damage":4.0,"enemies":"2 Fungi Beasts","floor":9.0,"turns":3.0},{"damage":10.0,"enemies":"Large Slime","floor":10.0,"turns":3.0},{"damage":16.0,"enemies":"Lagavulin","floor":11.0,"turns":5.0},{"damage":2.0,"enemies":"Gremlin Gang","floor":12.0,"turns":3.0},{"damage":0.0,"enemies":"downfall:FleeingMerchant","floor":14.0,"turns":4.0},{"damage":2.0,"enemies":"Red Slaver","floor":15.0,"turns":3.0},{"damage":18.0,"enemies":"downfall:Defect","floor":16.0,"turns":5.0},{"damage":0.0,"enemies":"3 Byrds","floor":19.0,"turns":4.0},{"damage":2.0,"enemies":"Chosen","floor":20.0,"turns":3.0},{"damage":0.0,"enemies":"downfall:FleeingMerchant","floor":22.0,"turns":4.0},{"damage":0.0,"enemies":"3 Cultists","floor":26.0,"turns":4.0},{"damage":0.0,"enemies":"Snecko","floor":27.0,"turns":4.0},{"damage":8.0,"enemies":"Slavers","floor":28.0,"turns":4.0},{"damage":0.0,"enemies":"Chosen and Byrds","floor":32.0,"turns":4.0},{"damage":0.0,"enemies":"downfall:Watcher","floor":33.0,"turns":4.0},{"damage":0.0,"enemies":"3 Shapes","floor":36.0,"turns":3.0},{"damage":3.0,"enemies":"3 Darklings","floor":37.0,"turns":4.0},{"damage":19.0,"enemies":"Maw","floor":39.0,"turns":4.0},{"damage":35,"enemies":"Nemesis","floor":42,"turns":5},{"damage":4,"enemies":"Transient","floor":45,"turns":5},{"damage":9,"enemies":"Sphere and 2 Shapes","floor":46,"turns":4},{"damage":25,"enemies":"Nightmare","floor":48,"turns":6},{"damage":0,"enemies":"Writhing Mass","floor":49,"turns":4},{"damage":8,"enemies":"Maw","floor":51,"turns":5},{"damage":22,"enemies":"downfall:Silent","floor":52,"turns":4},{"damage":30,"enemies":"downfall:CharBossMerchant","floor":54,"turns":6},{"damage":19,"enemies":"downfall:NeowBoss","floor":57,"turns":19}],"seed_played":"7921066107559155461","potions_obtained":[{"floor":4.0,"key":"Venom Potion"},{"floor":11.0,"key":"Energy Potion"},{"floor":15.0,"key":"Doom Potion"},{"floor":16.0,"key":"Languid Potion"},{"floor":19.0,"key":"SneckoOil"},{"floor":20.0,"key":"Fire Potion"},{"floor":32.0,"key":"sneckomod:MuddlingPotion"},{"floor":34.0,"key":"Flashbang"},{"floor":42,"key":"BlessingOfTheForge"},{"floor":46,"key":"Weak Potion"},{"floor":48,"key":"GamblersBrew"},{"floor":49,"key":"AttackPotion"}],"is_trial":false,"path_per_floor":["R","M","?","M","M","$","T","R","M","M","E","M","R","$","M","B",null,"R_BF","M","M","?","$","R","T","R","M","M","E","$","R","AVR","M","B",null,"R","M","M","?","M","R","T","E","PTL","PTL","M","M","R","NM","M","$","M","B",null,"E","$","R","B",null],"character_chosen":"THE_SPIRIT","items_purchased":["Onion Ring","HandDrill","Garlic","Guide Book"],"campfire_rested":2,"item_purchase_floors":[22,22,29,50],"current_hp_per_floor":[70,70,70,70,68,68,68,68,64,54,38,36,36,36,34,16,70,70,70,68,68,70,70,70,80,80,80,72,72,72,82,82,82,95,95,95,92,92,73,73,73,43,43,43,39,30,58,38,38,38,30,8,95,65,65,93,76],"gold":68,"neow_bonus":"HUNDRED_GOLD","is_daily":false,"chose_seed":false,"campfire_upgraded":7,"win_rate":0.0,"timestamp":1608754352,"path_taken":["R","M","?","M","M","$","T","R","M","M","E","M","R","?","M","BOSS","R_BF","M","M","?","$","R","T","R","M","M","E","$","R","AVR","M","BOSS","R","M","M","?","M","R","T","E","PTL","PTL","M","M","R","NM","M","$","M","BOSS","E","$","R","BOSS"],"items_purchased_type":["Relic","Relic","Relic","Relic"],"build_version":"2020-11-17","purchased_purges":5,"victory":true,"max_hp_per_floor":[70,70,70,70,70,70,70,70,70,70,70,70,70,70,70,70,70,70,70,70,70,70,70,70,80,80,80,80,80,80,90,90,90,95,95,95,95,95,95,95,95,95,95,95,95,95,95,95,95,95,95,95,95,95,95,95,95],"card_choices":[{"not_picked":["hexamod:GhostOfSpirePast","hexamod:BurningTouch"],"picked":"hexamod:RainOfEmbers","floor":2.0},{"not_picked":["hexamod:UnleashSpirits+1","hexamod:ParanormalForm+1"],"picked":"hexamod:TimeWarp+1","floor":3.0},{"not_picked":["hexamod:CrushingStance+1","hexamod:SixthSeal"],"picked":"hexamod:TimeWarp+1","floor":3.0},{"not_picked":["hexamod:TurnItUp+1","hexamod:EmpoweringStance+1"],"picked":"hexamod:HexaLevel+1","floor":3.0},{"not_picked":["hexamod:Firestarter","hexamod:RainOfEmbers"],"picked":"hexamod:ThermalTransfer","floor":4.0},{"not_picked":["hexamod:Firestarter","hexamod:SpectersWail"],"picked":"hexamod:ExtraCrispy","floor":5.0},{"not_picked":["hexamod:AdvancingGuard","hexamod:Hexaguard"],"picked":"hexamod:HeatMetal","floor":6.0},{"not_picked":["hexamod:BurningTouch","hexamod:GhostShield","hexamod:RetreatToShadows"],"picked":"SKIP","floor":9.0},{"not_picked":["hexamod:RainOfEmbers","hexamod:SpectralAdrenaline","hexamod:HeatCrush"],"picked":"SKIP","floor":10.0},{"not_picked":["hexamod:RecurringNightmare","hexamod:AdvancingGuard"],"picked":"hexamod:EmpoweredFlame","floor":11.0},{"not_picked":["hexamod:DynamicBlow","hexamod:NightmareStrike","hexamod:SpectralAdrenaline"],"picked":"SKIP","floor":12.0},{"not_picked":["hexamod:SecondSeal","hexamod:BacktrackSmack"],"picked":"hexamod:VolcanoVisage","floor":14.0},{"not_picked":["hexamod:ShieldOfDarkness","hexamod:SwordOfDarkness"],"picked":"hexamod:FastForward","floor":15.0},{"not_picked":["hexamod:UnleashSpirits","hexamod:TurnItUp"],"picked":"hexamod:EmpoweringStance","floor":16.0},{"not_picked":["hexamod:Firestarter","hexamod:FourthSeal","hexamod:GhostShield"],"picked":"SKIP","floor":19.0},{"not_picked":["hexamod:ExtraCrispy","hexamod:GhostLash"],"picked":"hexamod:FastForward","floor":20.0},{"not_picked":["hexamod:FirstSeal","hexamod:CatchUp","hexamod:GhostLash"],"picked":"SKIP","floor":22.0},{"not_picked":["hexamod:BurningTouch","hexamod:Hexaguard"],"picked":"hexamod:WildfireWeapon","floor":26.0},{"not_picked":["hexamod:Again","hexamod:FastForward","hexamod:HauntingEcho"],"picked":"SKIP","floor":27.0},{"not_picked":["hexamod:SwordOfDarkness","hexamod:GhostOfSpireFuture+1"],"picked":"hexamod:HeatCrush+1","floor":28.0},{"not_picked":["hexamod:HauntingEcho","hexamod:PhantomCloak+1","hexamod:ChargedBarrage+1"],"picked":"SKIP","floor":32.0},{"not_picked":["hexamod:UnleashSpirits","hexamod:SixthSeal"],"picked":"hexamod:GhostflameInferno","floor":33.0},{"not_picked":["hexamod:EmpoweredFlame+1","hexamod:NightmareStrike+1","hexamod:RecurringNightmare"],"picked":"SKIP","floor":36.0},{"not_picked":["hexamod:BurningTouch+1","hexamod:ThermalTransfer+1","hexamod:HeatMetal+1"],"picked":"SKIP","floor":37.0},{"not_picked":["hexamod:Firestarter+1","hexamod:InspiringFlames+1","hexamod:NightmareGuise+1"],"picked":"SKIP","floor":39.0},{"not_picked":["hexamod:GhostShield","hexamod:NightmareStrike+1","hexamod:UnleashSpirits"],"picked":"SKIP","floor":42},{"not_picked":["hexamod:NightmareGuise+1","hexamod:SecondSeal","hexamod:CatchUp+1"],"picked":"SKIP","floor":45},{"not_picked":["hexamod:RainOfEmbers+1","hexamod:HauntingEcho+1","hexamod:ShieldOfDarkness"],"picked":"SKIP","floor":46},{"not_picked":["hexamod:Rewind","hexamod:GhostOfSpirePast","hexamod:BurningTouch"],"picked":"SKIP","floor":48},{"not_picked":["hexamod:SwordOfDarkness+1","hexamod:NightmareGuise+1","hexamod:EmpoweredFlame+1"],"picked":"SKIP","floor":49},{"not_picked":["hexamod:EtherealExpedition+1","hexamod:ChargedBarrage+1","hexamod:RadiantFlame"],"picked":"SKIP","floor":51},{"not_picked":["hexamod:GhostOfSpirePast","hexamod:InspiringFlames","hexamod:SpectersWail+1"],"picked":"SKIP","floor":54}],"player_experience":115716,"relics_obtained":[{"floor":7.0,"key":"Mercury Hourglass"},{"floor":11.0,"key":"Toy Ornithopter"},{"floor":18.0,"key":"Thread and Needle"},{"floor":28.0,"key":"CeramicFish"},{"floor":42,"key":"Oddly Smooth Stone"},{"floor":48,"key":"infinitespire:Bottled Soul"},{"floor":54,"key":"Replay:Arrowhead"}],"event_choices":[{"damage_healed":0.0,"max_hp_gain":0.0,"max_hp_loss":0.0,"gold_gain":0.0,"event_name":"betterMatch:BetterMatch","player_choice":"3","floor":3.0,"gold_loss":0.0,"damage_taken":0.0,"cards_obtained":["betterMatch:RareCard"]},{"damage_healed":0.0,"max_hp_gain":0.0,"max_hp_loss":0.0,"gold_gain":200.0,"event_name":"Wheel of Change","player_choice":"Gold","floor":21.0,"gold_loss":0.0,"damage_taken":0.0}],"is_beta":true,"boss_relics":[{"not_picked":["Runic Pyramid","aspiration:DefectSkillbook"],"picked":"Abe\u0027s Treasure"},{"not_picked":["Fusion Hammer","aspiration:FutureDiary"],"picked":"Tiny House"}],"items_purged_floors":[22,29,31,50,50],"is_endless":false,"potions_floor_spawned":[4,11,15,16,19,20,32,42,46,48,49],"ascension_level":0}}