{"host":"uwh382mre4waz4ff","time":1608681809,"event":{"mods":["AchievementEnabler","BaseMod","Better Note","Better Third Choice","BetterRewards","Highlight Path","HololiveMod","Minty Spire (QoL Compilation)","Shop Mod","StSLib"],"gold_per_floor":[76,96,118,129,144,175,188,188,188,138,197,209,257,284,284,394,394,413,413,432,464,501,451,451,10,35,35,35,53,92,112,112,223,223,235,235,235,257,282,282,301,322,347,347,347,165,180,219,219,229],"floor_reached":51,"playtime":1284,"items_purged":["Hololive_Defend","Hololive_Defend+1"],"score":1140,"play_id":"1bacab39-6ffe-4091-96df-3c4b4f597b71","local_time":"20201223080329","is_ascension_mode":false,"campfire_choices":[{"data":"Hololive_CallAmaneKanata","floor":8,"key":"SMITH"},{"data":"Hololive_CallOzoraSubaru","floor":15,"key":"SMITH"},{"data":"Hololive_CallShiroganeNoel","floor":24,"key":"SMITH"},{"data":"Hololive_CallUsadaPekora","floor":28,"key":"SMITH"},{"data":"Hololive_CallHoshimachiSuisei","floor":32,"key":"SMITH"},{"data":"Hololive_CocoNews","floor":40,"key":"SMITH"},{"data":"Hololive_CallTokinoSora","floor":45,"key":"SMITH"},{"data":"Hololive_CallShishiroBotan","floor":49,"key":"SMITH"}],"circlet_count":0,"master_deck":["Hololive_CallHoushouMarine","Hololive_CallShiroganeNoel+1","Hololive_CallUruhaRushia","Hololive_CallShiranuiFlare","Hololive_CallUsadaPekora+1","Hololive_StrengthChampion","Hololive_RevenueBasedLive+1","Hololive_CallAmaneKanata+1","Hololive_CallOzoraSubaru+1","Hololive_CallTokinoSora+1","Hololive_ILoveYou","Hololive_CallAiraniIofifteen","Hololive_CallHoshimachiSuisei+1","Hololive_CocoNews+1","Hololive_CallMinatoAqua","Hololive_CallShishiroBotan+1","Hololive_CallSpadeEcho","Hololive_Nanodesu","Hololive_CallNatsuiroMatsuri","Hololive_CallHoushouMarine","Hololive_CallArtia","Hololive_CallKiryuuCoco","Hololive_CallHimemoriLuna","Hololive_CallUruhaRushia","Hololive_CallYukihanaLamy","Hololive_CallAyundaRisu","Hololive_CallKiryuuCoco","Hololive_Nanodesu","Hololive_CocoNews+1","Hololive_CallAkaiHaato+1","Hololive_CallShiroganeNoel","Hololive_CallOkamiMio","Hololive_StrengthChampion+1","Hololive_CallInugamiKorone"],"relics":["Hololive_TheStar","Dream Catcher","MerchantsRug","Bag of Marbles","Centennial Puzzle","Bag of Preparation","Darkstone Periapt","Happy Flower","War Paint","Velvet Choker","Hololive_LightStick","Tiny Chest","Juzu Bracelet","Pear","Busted Crown","Oddly Smooth Stone","Toy Ornithopter"],"acts_visited":["Exordium","TheCity","TheBeyond"],"potions_floor_usage":[7,14,41,50,50],"damage_taken":[{"damage":0,"enemies":"Cultist","floor":1,"turns":2},{"damage":0,"enemies":"Small Slimes","floor":2,"turns":3},{"damage":0,"enemies":"2 Louse","floor":3,"turns":2},{"damage":0,"enemies":"Blue Slaver","floor":4,"turns":2},{"damage":0,"enemies":"Large Slime","floor":5,"turns":3},{"damage":0,"enemies":"Gremlin Nob","floor":6,"turns":2},{"damage":0,"enemies":"Lots of Slimes","floor":7,"turns":3},{"damage":0,"enemies":"Lagavulin Event","floor":11,"turns":3},{"damage":0,"enemies":"Exordium Wildlife","floor":12,"turns":2},{"damage":0,"enemies":"3 Sentries","floor":14,"turns":3},{"damage":0,"enemies":"Slime Boss","floor":16,"turns":4},{"damage":0,"enemies":"Shell Parasite","floor":18,"turns":3},{"damage":0,"enemies":"2 Thieves","floor":20,"turns":3},{"damage":0,"enemies":"Shelled Parasite and Fungi","floor":21,"turns":4},{"damage":0,"enemies":"Snecko","floor":22,"turns":3},{"damage":0,"enemies":"Chosen and Byrds","floor":29,"turns":2},{"damage":0,"enemies":"3 Cultists","floor":30,"turns":2},{"damage":0,"enemies":"Shelled Parasite and Fungi","floor":31,"turns":1},{"damage":0,"enemies":"Champ","floor":33,"turns":7},{"damage":0,"enemies":"3 Shapes","floor":35,"turns":2},{"damage":0,"enemies":"Orb Walker","floor":38,"turns":2},{"damage":0,"enemies":"3 Darklings","floor":41,"turns":2},{"damage":0,"enemies":"Writhing Mass","floor":42,"turns":3},{"damage":0,"enemies":"Spire Growth","floor":47,"turns":2},{"damage":0,"enemies":"Maw","floor":48,"turns":6},{"damage":0,"enemies":"Donu and Deca","floor":50,"turns":7}],"seed_played":"3918028798704742054","potions_obtained":[{"floor":1,"key":"SkillPotion"},{"floor":3,"key":"Fire Potion"},{"floor":5,"key":"SkillPotion"},{"floor":7,"key":"Explosive Potion"},{"floor":16,"key":"Explosive Potion"},{"floor":18,"key":"Regen Potion"},{"floor":20,"key":"DuplicationPotion"},{"floor":29,"key":"SkillPotion"},{"floor":42,"key":"Explosive Potion"}],"is_trial":false,"path_per_floor":["M","M","M","M","M","E","M","R","T","?","?","M","T","E","R","B",null,"M","?","M","M","M","?","R","$","T","?","R","M","M","M","R","B",null,"M","?","?","M","T","R","M","M","T","?","R","$","M","M","R","B",null],"character_chosen":"Hololive_HololiveCharacter","items_purchased":["MerchantsRug","Hololive_CallAmaneKanata","Hololive_LightStick","Tiny Chest","Hololive_CallUruhaRushia","Hololive_CallOkamiMio"],"campfire_rested":0,"item_purchase_floors":[0,0,25,25,25,46],"current_hp_per_floor":[20,20,20,20,20,20,20,20,20,20,20,20,20,20,20,20,30,30,30,30,30,30,30,30,30,30,40,40,40,40,40,40,40,40,40,40,40,40,40,40,40,40,40,40,40,40,40,40,40,40],"gold":229,"neow_bonus":"","is_daily":false,"chose_seed":false,"campfire_upgraded":8,"win_rate":0.0,"timestamp":1608681809,"path_taken":["M","M","M","M","?","E","M","R","T","?","?","M","?","E","R","BOSS","M","?","M","?","M","?","R","?","T","?","R","M","M","M","R","BOSS","M","?","?","M","?","R","M","M","T","?","R","?","M","M","R","BOSS"],"items_purchased_type":["Relic","Card","Relic","Relic","Card","Card"],"build_version":"2020-12-13","purchased_purges":2,"victory":true,"max_hp_per_floor":[30,30,30,30,30,30,30,30,30,30,30,30,30,30,30,30,30,30,30,30,30,30,30,30,30,30,40,40,40,40,40,40,40,40,40,40,40,40,40,40,40,40,40,40,40,40,40,40,40,40],"card_choices":[{"not_picked":["Hololive_Drill","Hololive_CocoNews","Hololive_CallUruhaRushia"],"picked":"Hololive_CallOzoraSubaru","floor":1},{"not_picked":["Hololive_CallMoonaHoshinova","Hololive_Trident","Hololive_CallYogiri"],"picked":"Hololive_CallTokinoSora","floor":2},{"not_picked":["Hololive_Rebound","Hololive_Sequa","Hololive_Psychosis"],"picked":"Hololive_ILoveYou","floor":3},{"not_picked":["Hololive_OvertimeWork","Hololive_StrengthChampion","Hololive_Thief"],"picked":"Hololive_CallAiraniIofifteen","floor":4},{"not_picked":["Hololive_CocoNews","Hololive_RevenueBasedLive","Hololive_LuckPotion"],"picked":"Hololive_CallHoshimachiSuisei","floor":5},{"not_picked":["Hololive_Trident","Hololive_DDD","Hololive_LuckPotion"],"picked":"Hololive_CocoNews","floor":6},{"not_picked":["Hololive_RevenueBasedLive","Hololive_Rebound","Hololive_SoulCatcher","Hololive_FlyingPonyTail"],"picked":"SKIP","floor":7},{"not_picked":["Hololive_RevenueBasedLive","Hololive_CandyCastle","Hololive_CallSpadeEcho"],"picked":"Hololive_CallMinatoAqua","floor":11},{"not_picked":["Hololive_CallAiraniIofifteen","Hololive_CocoNews","Hololive_Trident"],"picked":"Hololive_CallShishiroBotan","floor":12},{"not_picked":["Hololive_Sequa","Hololive_HighAtkLowDef","Hololive_Rebound"],"picked":"Hololive_CallSpadeEcho","floor":14},{"not_picked":["Hololive_HighAtkLowDef","Hololive_AWSL","Hololive_BeCareful"],"picked":"Hololive_Nanodesu","floor":16},{"not_picked":["Hololive_CallRosalyn","Hololive_OvertimeWork","Hololive_LuckPotion"],"picked":"Hololive_CallNatsuiroMatsuri","floor":18},{"not_picked":["Hololive_CallNatsuiroMatsuri","Hololive_Breathe","Hololive_SoulCatcher"],"picked":"Hololive_CallArtia","floor":20},{"not_picked":["Hololive_CallAiraniIofifteen","Hololive_LuckPotion+1","Hololive_CallAkaiHaato+1"],"picked":"Hololive_CallKiryuuCoco","floor":21},{"not_picked":["Hololive_LuckPotion","Hololive_RevenueBasedLive","Hololive_Sequa"],"picked":"Hololive_CallHimemoriLuna","floor":22},{"not_picked":["Hololive_LuckPotion","Hololive_CallUsadaPekora","Hololive_BeCareful"],"picked":"Hololive_CallYukihanaLamy","floor":29},{"not_picked":["Hololive_OvertimeWork","Hololive_CandyCastle","Hololive_Rebound"],"picked":"Hololive_CallAyundaRisu","floor":30},{"not_picked":["Hololive_Trident","Hololive_Psychosis","Hololive_FlyingPonyTail"],"picked":"Hololive_CallKiryuuCoco","floor":31},{"not_picked":["Hololive_FlareMind","Hololive_AWSL","Hololive_OpenUp"],"picked":"Hololive_Nanodesu","floor":33},{"not_picked":["Hololive_OvertimeWork+1"],"picked":"Hololive_CocoNews+1","floor":35},{"not_picked":["Hololive_CallRoboco"],"picked":"Hololive_CallAkaiHaato+1","floor":38},{"not_picked":["Hololive_Psychosis","Hololive_HuntDinosaur"],"picked":"SKIP","floor":41},{"not_picked":["Hololive_Breathe"],"picked":"Hololive_CallShiroganeNoel","floor":42},{"not_picked":["Hololive_CallAyundaRisu"],"picked":"Hololive_StrengthChampion+1","floor":47},{"not_picked":["Hololive_CallOmaruPolka"],"picked":"Hololive_CallInugamiKorone","floor":48}],"player_experience":175788,"relics_obtained":[{"floor":6,"key":"Centennial Puzzle"},{"floor":9,"key":"Bag of Preparation"},{"floor":11,"key":"Darkstone Periapt"},{"floor":13,"key":"Happy Flower"},{"floor":14,"key":"War Paint"},{"floor":26,"key":"Juzu Bracelet"},{"floor":39,"key":"Oddly Smooth Stone"},{"floor":43,"key":"Toy Ornithopter"}],"event_choices":[{"cards_removed":["Hololive_Strike"],"damage_healed":0,"gold_gain":0,"player_choice":"Card Removal","damage_taken":0,"max_hp_gain":0,"max_hp_loss":0,"event_name":"The Cleric","floor":10,"gold_loss":50},{"damage_healed":0,"gold_gain":30,"player_choice":"Searched \u00272\u0027 times","damage_taken":0,"max_hp_gain":0,"max_hp_loss":0,"event_name":"Dead Adventurer","floor":11,"gold_loss":0},{"damage_healed":0,"gold_gain":0,"cards_transformed":["Hololive_Strike"],"player_choice":"Transformed","damage_taken":0,"max_hp_gain":0,"max_hp_loss":0,"event_name":"Transmorgrifier","floor":19,"gold_loss":0,"cards_obtained":["Hololive_CallHoushouMarine"]},{"damage_healed":0,"gold_gain":0,"player_choice":"Bet on Murderer","damage_taken":0,"max_hp_gain":0,"max_hp_loss":0,"event_name":"The Joust","floor":23,"gold_loss":50},{"damage_healed":0,"gold_gain":0,"player_choice":"Gave Potion","damage_taken":0,"relics_obtained":["Pear"],"max_hp_gain":0,"max_hp_loss":0,"event_name":"WeMeetAgain","floor":27,"gold_loss":0},{"damage_healed":0,"gold_gain":0,"player_choice":"Ignored","damage_taken":0,"max_hp_gain":0,"max_hp_loss":0,"event_name":"Tomb of Lord Red Mask","floor":36,"gold_loss":0},{"damage_healed":0,"gold_gain":0,"player_choice":"Memory 1","damage_taken":0,"max_hp_gain":0,"max_hp_loss":0,"event_name":"SensoryStone","floor":37,"gold_loss":0},{"damage_healed":0,"gold_gain":0,"player_choice":"Ignored","damage_taken":0,"max_hp_gain":0,"max_hp_loss":0,"event_name":"Mysterious Sphere","floor":44,"gold_loss":0}],"is_beta":false,"boss_relics":[{"not_picked":["Calling Bell","Runic Pyramid"],"picked":"Velvet Choker"},{"not_picked":["SacredBark","Tiny House"],"picked":"Busted Crown"}],"items_purged_floors":[25,46],"is_endless":false,"potions_floor_spawned":[1,3,5,7,12,16,18,20,21,29,35,42,48],"ascension_level":0}}