{"host":"95i1gxnztdrdyvhi","time":1608730739,"event":{"mods":["AchievementEnabler","Act Like it!","BaseMod","Downfall","Minty Spire (QoL Compilation)","Quick Restart","StSLib"],"gold_per_floor":[99,99,99,99,99,112,157,185,43,43,53,2,29,47,60,60,60,60],"floor_reached":16,"playtime":1037,"items_purged":["hexamod:Strike"],"score":133,"play_id":"d023808b-ef48-4c25-8758-2c7d25a7b9c2","local_time":"20201223133859","is_ascension_mode":false,"campfire_choices":[{"data":"hexamod:Float","floor":1,"key":"SMITH"}],"circlet_count":0,"master_deck":["hexamod:Strike","hexamod:Strike+1","hexamod:Strike","hexamod:Defend","hexamod:Defend+1","hexamod:Defend+1","hexamod:Defend+1","hexamod:Sear","hexamod:Float+1","hexamod:FirstSeal","hexamod:Firestarter+1","hexamod:SixthSeal","hexamod:BurningTouch+1","hexamod:Firestarter","hexamod:HeatCrush+1","hexamod:WildfireWeapon"],"relics":["hexamod:SpiritBrand","downfall:HeartsMalice","Toy Ornithopter","Mango","hexamod:SoulOfChaos","Smiling Mask"],"acts_visited":["Exordium"],"potions_floor_usage":[13,16],"damage_taken":[{"damage":0,"enemies":"Cultist","floor":2,"turns":1},{"damage":0,"enemies":"2 Louse","floor":3,"turns":1},{"damage":0,"enemies":"Jaw Worm","floor":4,"turns":1},{"damage":12,"enemies":"Gremlin Gang","floor":6,"turns":5},{"damage":27,"enemies":"Lagavulin","floor":8,"turns":10},{"damage":0,"enemies":"downfall:FleeingMerchant","floor":9,"turns":4},{"damage":19,"enemies":"Exordium Wildlife","floor":11,"turns":6},{"damage":7,"enemies":"downfall:FleeingMerchant","floor":12,"turns":4},{"damage":23,"enemies":"Gremlin Nob","floor":13,"turns":5},{"damage":13,"enemies":"Blue Slaver","floor":14,"turns":5},{"damage":0,"enemies":"2 Fungi Beasts","floor":15,"turns":4},{"damage":10,"enemies":"downfall:Watcher","floor":16,"turns":5}],"seed_played":"449247090998800155","potions_obtained":[{"floor":6,"key":"Block Potion"},{"floor":11,"key":"Explosive Potion"},{"floor":13,"key":"FearPotion"},{"floor":14,"key":"Ancient Potion"}],"is_trial":false,"path_per_floor":["R","M","M","M","T","M","T","E","$","?","M","$","E","M","M","B"],"character_chosen":"THE_SPIRIT","items_purchased":["hexamod:BurningTouch","hexamod:HeatCrush"],"campfire_rested":0,"item_purchase_floors":[9,12],"current_hp_per_floor":[70,70,70,70,70,58,58,52,52,49,37,37,19,13,20,15,15,15],"gold":60,"neow_bonus":"THREE_ENEMY_KILL","is_daily":false,"chose_seed":false,"campfire_upgraded":1,"win_rate":0.0,"timestamp":1608730739,"path_taken":["R","M","M","M","?","M","T","E","$","?","M","?","E","?","M","BOSS"],"items_purchased_type":["Card","Card"],"build_version":"2020-12-22","purchased_purges":1,"victory":false,"max_hp_per_floor":[70,70,70,70,70,70,70,84,84,84,84,84,84,84,84,84,84,84],"card_choices":[{"not_picked":["hexamod:InspiringFlames","hexamod:DynamicBlow"],"picked":"hexamod:FirstSeal","floor":2},{"not_picked":["hexamod:HauntingEcho","hexamod:RainOfEmbers"],"picked":"hexamod:Firestarter","floor":3},{"not_picked":["hexamod:AdvancingGuard","hexamod:RecurringNightmare","hexamod:BacktrackSmack"],"picked":"SKIP","floor":4},{"not_picked":["hexamod:ThermalTransfer","hexamod:AdvancingGuard"],"picked":"hexamod:SixthSeal","floor":6},{"not_picked":["hexamod:GhostflameBarrier","hexamod:FastForward","hexamod:PowerFromBeyond"],"picked":"SKIP","floor":8},{"not_picked":["hexamod:GhostflameBarrier","hexamod:NightmareStrike","hexamod:GhostOfSpireFuture"],"picked":"SKIP","floor":9},{"not_picked":["hexamod:StepThrough","hexamod:HauntingEcho","hexamod:SwordOfDarkness"],"picked":"SKIP","floor":11},{"not_picked":["hexamod:ShieldOfDarkness","hexamod:Haunt"],"picked":"hexamod:Firestarter","floor":12},{"not_picked":["hexamod:ShieldOfDarkness","hexamod:GhostShield"],"picked":"hexamod:WildfireWeapon","floor":13},{"not_picked":["hexamod:GhostOfSpirePast","hexamod:EtherealExpedition","hexamod:PhantomFireball"],"picked":"SKIP","floor":14},{"not_picked":["hexamod:SuperheatedStrike","hexamod:ShieldOfDarkness","hexamod:GhostLash"],"picked":"SKIP","floor":15}],"player_experience":796633,"relics_obtained":[{"floor":7,"key":"Toy Ornithopter"},{"floor":8,"key":"Mango"},{"floor":13,"key":"Smiling Mask"}],"event_choices":[{"damage_healed":0,"gold_gain":0,"player_choice":"Success","damage_taken":3,"relics_obtained":["hexamod:SoulOfChaos"],"max_hp_gain":0,"max_hp_loss":0,"event_name":"Scrap Ooze","floor":10,"gold_loss":0}],"is_beta":false,"boss_relics":[],"items_purged_floors":[9],"is_endless":false,"potions_floor_spawned":[6,11,13,14,15],"killed_by":"downfall:Watcher","ascension_level":0}}