{"host":"btj53a7qlsawl9sy","time":1608745765,"event":{"mods":["Act Like it!","BaseMod","Better Vampires","Colored Powertips","Gensokyo","Luminous","Marisa£®ÏF”Í°°ƒß¿Ì…≥£©","Marked Mod","Minty Spire (QoL Compilation)","Quick Restart","Reimu£®≤©¿ˆ¡È√Œ£©","Relic Stats","Remilia£®¿Ÿ√◊¿Ú—«£©","Replay The Spire","Spicy Shops","StSLib","The Administrix","The Hierophant","The Servant 0.9.4","Waifu the Spire","WarShipGirlsR/’ΩΩ¢…Ÿ≈ÆR mod","Youmu£®ªÍ∆«—˝√Œ£©","Yuyuko","vexMod","°æ∂´∑Ω∂˛¥Œ¥¥◊˜°ø∞À‘∆◊œmod","°æ“≈ŒÔø®≈∆°øREMEMod"],"gold_per_floor":[109,69,30,30,45,73,90,90,90,101,50,50,76,96,96,193,193,213,257,275,2,2,2,20,20,20],"floor_reached":25,"playtime":981,"items_purged":[],"score":213,"play_id":"ffe3a35a-fc04-4a31-9d9a-a6c1aeb0fae4","local_time":"20201224014925","is_ascension_mode":false,"campfire_choices":[{"floor":8,"key":"REST"},{"data":"KamiRite:ReiMu","floor":12,"key":"SMITH"},{"data":"KyokaiOfKami:ReiMu","floor":15,"key":"SMITH"},{"floor":23,"key":"REST"}],"circlet_count":0,"master_deck":["Strike_Lin:ReiMu","Strike_Lin:ReiMu","Strike_Lin:ReiMu","Strike_Lin:ReiMu","Defend_Lin:ReiMu","Defend_Lin:ReiMu","Defend_Lin:ReiMu","Defend_Lin:ReiMu","NB:ReiMu","Stagnation:ReiMu","KyokaiOfKami:ReiMu+1","SafetyPray:ReiMu","OrbThrow:ReiMu+1","SubcavityInstant:ReiMu","KamiRite:ReiMu+1","WonderfulDomain:ReiMu","SafetyPray:ReiMu","SafetyPray:ReiMu","Conquer:ReiMu","RainPray2:ReiMu","CardOfSanctity:ReiMu","RainPray2:ReiMu+1","OrbThrow:ReiMu","FineLineFantasy:ReiMu","PrepareRite:ReiMu"],"relics":["REME_ComplimentaryCards","REME_DuelDisc","PaintedHorse:ReiMu","Bottled Flame","MealTicket","Akabeko","Velvet Choker","Membership Card","Ornamental Fan","Replay:Wax Seal"],"acts_visited":["Exordium","TheCity"],"potions_floor_usage":[19,19],"damage_taken":[{"damage":13,"enemies":"Jaw Worm","floor":1,"turns":7},{"damage":0,"enemies":"Small Slimes","floor":5,"turns":4},{"damage":18,"enemies":"3 Sentries","floor":6,"turns":14},{"damage":9,"enemies":"Cultist","floor":7,"turns":4},{"damage":9,"enemies":"Red Slaver","floor":10,"turns":4},{"damage":8,"enemies":"Gremlin Nob","floor":13,"turns":4},{"damage":0,"enemies":"Gremlin Gang","floor":14,"turns":1},{"damage":17,"enemies":"Hexaghost","floor":16,"turns":12},{"damage":8,"enemies":"Shell Parasite","floor":18,"turns":5},{"damage":25,"enemies":"2 Thieves","floor":19,"turns":5},{"damage":13,"enemies":"Snake Plant","floor":20,"turns":5},{"damage":16,"enemies":"Centurion and Healer","floor":24,"turns":10},{"damage":0,"enemies":"Chosen and Byrds","floor":25,"turns":1}],"seed_played":"-2458197404244141436","potions_obtained":[{"floor":1,"key":"SteroidPotion"},{"floor":13,"key":"Elixir"},{"floor":16,"key":"LiquidBronze"},{"floor":18,"key":"REME_GoldPotion"},{"floor":20,"key":"ZuzhouPotion:ReiMu"}],"is_trial":false,"path_per_floor":["M","?","$","?","M","E","M","R","T","M","$","R","E","M","R","B",null,"M","M","M","$","?","R","M","M"],"character_chosen":"REIMU","items_purchased":["OrbThrow:ReiMu+1","SafetyPray:ReiMu","Membership Card","Ornamental Fan"],"campfire_rested":2,"item_purchase_floors":[3,11,21,21],"current_hp_per_floor":[52,52,52,65,65,47,38,57,57,48,63,63,55,55,55,38,65,57,32,19,34,34,53,37,37,37],"gold":20,"neow_bonus":"BOSS_RELIC","is_daily":false,"chose_seed":false,"campfire_upgraded":2,"win_rate":0.0,"timestamp":1608745765,"path_taken":["M","?","$","?","?","E","M","R","T","M","?","R","E","M","R","BOSS","M","?","M","?","?","R","M","M"],"items_purchased_type":["Card","Card","Relic","Relic"],"build_version":"2020-12-22","purchased_purges":0,"victory":false,"max_hp_per_floor":[65,65,65,65,65,65,65,65,65,65,65,65,65,65,65,65,65,65,65,65,65,65,65,65,65,65],"relic_stats":{"counters":[13,73],"Ornamental Fan":[8],"MealTicket":30,"obtain_stats":[{"Bottled Flame":6,"PaintedHorse:ReiMu":2,"Ornamental Fan":21,"Velvet Choker":17,"MealTicket":9,"REME_DuelDisc":0,"Membership Card":21,"Replay:Wax Seal":22,"FlyPower:ReiMu":0,"Akabeko":13,"REME_ComplimentaryCards":0},{"Bottled Flame":3,"PaintedHorse:ReiMu":1,"Ornamental Fan":11,"Velvet Choker":8,"MealTicket":4,"REME_DuelDisc":0,"Membership Card":11,"Replay:Wax Seal":11,"FlyPower:ReiMu":0,"Akabeko":6,"REME_ComplimentaryCards":0},{"Bottled Flame":25,"PaintedHorse:ReiMu":7,"Ornamental Fan":63,"Velvet Choker":49,"MealTicket":29,"REME_DuelDisc":0,"Membership Card":63,"Replay:Wax Seal":63,"FlyPower:ReiMu":0,"Akabeko":37,"REME_ComplimentaryCards":0}]},"card_choices":[{"not_picked":["AirManeuver:ReiMu","Conquer:ReiMu"],"picked":"SafetyPray:ReiMu","floor":1},{"not_picked":["SealNeedle:ReiMu","PayForSelf:ReiMu"],"picked":"SubcavityInstant:ReiMu","floor":5},{"not_picked":["Revelation:ReiMu","FantasyMoon:ReiMu"],"picked":"KamiRite:ReiMu","floor":6},{"not_picked":["EmergencyTakeOff:ReiMu","AirStrike:ReiMu"],"picked":"WonderfulDomain:ReiMu","floor":7},{"not_picked":["KamiSacrifice:ReiMu","SubAcupoint:ReiMu"],"picked":"RainPray2:ReiMu","floor":10},{"not_picked":["SafetyPray:ReiMu","SubcavityInstant:ReiMu"],"picked":"Conquer:ReiMu","floor":13},{"not_picked":["RunawayExorcism:ReiMu","EmergencyTakeOff:ReiMu"],"picked":"RainPray2:ReiMu","floor":14},{"not_picked":["SubcavityFantasy:ReiMu","RunawayExorcism:ReiMu"],"picked":"CardOfSanctity:ReiMu","floor":16},{"not_picked":["Enchanting:ReiMu","MountainWay:ReiMu"],"picked":"RainPray2:ReiMu+1","floor":18},{"not_picked":["SubcavityInstant:ReiMu","EmergencyTakeOff:ReiMu"],"picked":"OrbThrow:ReiMu","floor":19},{"not_picked":["Determination:ReiMu","UpKicking:ReiMu"],"picked":"FineLineFantasy:ReiMu","floor":20},{"not_picked":["Amulet:ReiMu","AirStrike:ReiMu"],"picked":"PrepareRite:ReiMu","floor":24}],"player_experience":118566,"relics_obtained":[{"floor":6,"key":"Bottled Flame"},{"floor":9,"key":"MealTicket"},{"floor":13,"key":"Akabeko"}],"event_choices":[{"damage_healed":0,"gold_gain":0,"player_choice":"»˚«Æ","damage_taken":0,"relics_obtained":["PaintedHorse:ReiMu"],"max_hp_gain":0,"max_hp_loss":0,"event_name":"yidonshenshe","floor":2,"gold_loss":40},{"damage_healed":13,"gold_gain":0,"player_choice":"Full Heal","damage_taken":0,"max_hp_gain":0,"max_hp_loss":0,"event_name":"Wheel of Change","floor":4,"gold_loss":0},{"cards_removed":["RainPray2:ReiMu"],"damage_healed":0,"gold_gain":0,"player_choice":"Gave Card","damage_taken":0,"relics_obtained":["Replay:Wax Seal"],"max_hp_gain":0,"max_hp_loss":0,"event_name":"WeMeetAgain","floor":22,"gold_loss":0}],"is_beta":false,"boss_relics":[{"not_picked":["RedLine:ReiMu","DonationBox:ReiMu"],"picked":"Velvet Choker"}],"items_purged_floors":[],"is_endless":false,"potions_floor_spawned":[1,13,16,18,20],"killed_by":"Chosen and Byrds","ascension_level":0}}