{"host":"xx5zt3jtdyh8iun7","time":1608746842,"event":{"mods":["AchievementEnabler","Act Like it!","BaseMod","Bestiary","Downfall","Minty Spire (QoL Compilation)","Replay The Spire","StSLib"],"gold_per_floor":[99,116,126,126,1,451,500,511,540,169,169,182,107,131,150,252,252,252,271,284,284,384,86,140,167,167,195,221,221,234,249,269,369,369,369,387,402,381,401,434,458,193,223,148,148,148,73,93,108,108,108,137,49,49,49],"floor_reached":56,"playtime":7887,"items_purged":["Slimebound:Icky","Slimebound:Icky","Slimebound:Icky","champ:Strike+1","Amnesia"],"score":1551,"play_id":"95ce84ed-8775-4b4f-ba47-8158b921efb7","local_time":"20201223190722","is_ascension_mode":true,"campfire_choices":[{"data":"champ:Taunt","floor":1,"key":"SMITH"},{"data":"champ:FocusedBerserking","floor":13,"key":"SMITH"},{"floor":18,"key":"DIG"},{"floor":26,"key":"REST"},{"data":"champ:DancingMaster","floor":29,"key":"SMITH"},{"data":"champ:IronFortress","floor":35,"key":"SMITH"},{"floor":44,"key":"RECALL"},{"data":"expansioncontent:StudyTheSpire","floor":47,"key":"SMITH"},{"data":"champ:HoldFirm","floor":54,"key":"SMITH"}],"circlet_count":0,"master_deck":["champ:Strike+1","champ:Strike+1","champ:Defend+1","champ:Defend+1","champ:Execute","champ:Taunt+1","champ:RageSigil","champ:FalseCounter","champ:DancingMaster+1","champ:BringItOn","champ:BringItOn","champ:CalledShot","champ:Backstep","champ:FocusedBerserking+1","champ:Balance","champ:Balance+1","champ:BerserkerStyle","champ:IronFortress+1","champ:FlashCut","champ:Improvising","champ:Backstep+1","champ:FanOfKnives","J.A.X.","champ:Circumvent","champ:ShieldThrow","champ:StanceDance+1","expansioncontent:StudyTheSpire+1","expansioncontent:QuickStudy","ReplayTheSpireMod:Private Reserves","champ:Lariat+1","champ:ShieldSlam","champ:ShieldThrow","champ:EndlessRage","champ:StanceDance+1","champ:HoldFirm+1","champ:FocusedGladiator","champ:EndlessRage+1","champ:CrownThrow","champ:GladiatorStyle+1","champ:DefensiveStyle","champ:ViciousMockery","champ:GladiatorsShout+1"],"relics":["champ:ChampionCrown","Guardian:PocketSentry","Onion Ring","Centennial Puzzle","downfall:HeartBlessingGreen","Odd Mushroom","Philosopher\u0027s Stone","Orichalcum","MutagenicStrength","Replay:Wax Seal","ReplayTheSpireMod:ShopPack","Strawberry","Bronze Scales","ReplayTheSpireMod:Lightbulb","Tiny Chest","SlaversCollar","Membership Card","War Paint","Bottled Tornado","Anchor","Replay:Rubber Ducky","Pen Nib","downfall:HeartBlessingBlue","Ring of Peace","Ring of Searing","downfall:HeartBlessingRed","Vajra"],"acts_visited":["Exordium","TheCity","TheBeyond","TheEnding"],"potions_floor_usage":[0,16,20,25,25,33,38,48,55,55,55],"damage_taken":[{"damage":5,"enemies":"Small Slimes","floor":2,"turns":3},{"damage":14,"enemies":"Jaw Worm","floor":3,"turns":4},{"damage":10,"enemies":"downfall:FleeingMerchant","floor":5,"turns":4},{"damage":5,"enemies":"2 Louse","floor":8,"turns":3},{"damage":16,"enemies":"Lagavulin","floor":9,"turns":9},{"damage":0,"enemies":"downfall:FleeingMerchant","floor":10,"turns":4},{"damage":3,"enemies":"Exordium Wildlife","floor":12,"turns":3},{"damage":11,"enemies":"The Mushroom Lair","floor":14,"turns":5},{"damage":8,"enemies":"Large Slime","floor":15,"turns":5},{"damage":55,"enemies":"downfall:Defect","floor":16,"turns":8},{"damage":9,"enemies":"Spheric Guardian","floor":19,"turns":3},{"damage":26,"enemies":"3 Byrds","floor":20,"turns":7},{"damage":41,"enemies":"downfall:Augmenter","floor":22,"turns":5},{"damage":15,"enemies":"downfall:FleeingMerchant","floor":23,"turns":4},{"damage":25,"enemies":"Slavers","floor":25,"turns":5},{"damage":6,"enemies":"Gremlin Leader","floor":27,"turns":7},{"damage":28,"enemies":"Snake Plant","floor":30,"turns":2},{"damage":20,"enemies":"Centurion and Healer","floor":31,"turns":6},{"damage":8,"enemies":"Shelled Parasite and Fungi","floor":32,"turns":4},{"damage":12,"enemies":"downfall:Silent","floor":33,"turns":6},{"damage":15,"enemies":"3 Shapes","floor":36,"turns":5},{"damage":10,"enemies":"3 Darklings","floor":37,"turns":5},{"damage":3,"enemies":"downfall:FleeingMerchant","floor":38,"turns":4},{"damage":14,"enemies":"Writhing Mass","floor":39,"turns":5},{"damage":10,"enemies":"Giant Head","floor":40,"turns":6},{"damage":16,"enemies":"Reptomancer","floor":43,"turns":5},{"damage":21,"enemies":"Transient","floor":48,"turns":5},{"damage":0,"enemies":"Spire Growth","floor":49,"turns":4},{"damage":32,"enemies":"downfall:Ironclad","floor":50,"turns":6},{"damage":29,"enemies":"downfall:CharBossMerchant","floor":52,"turns":6},{"damage":102,"enemies":"downfall:NeowBoss","floor":55,"turns":13}],"seed_played":"8192069632053931641","potions_obtained":[{"floor":0,"key":"EssenceOfSteel"},{"floor":0,"key":"Fruit Juice"},{"floor":0,"key":"LifebloodPotion"},{"floor":2,"key":"Ancient Potion"},{"floor":3,"key":"Regen Potion"},{"floor":16,"key":"champ:UltimateStancePotion"},{"floor":20,"key":"EssenceOfSteel"},{"floor":32,"key":"Weak Potion"},{"floor":33,"key":"SpeedPotion"},{"floor":37,"key":"Adrenaline Potion"},{"floor":40,"key":"Venom Potion"},{"floor":48,"key":"hexamod:EctoCoolerPotion"},{"floor":49,"key":"Milkshake"}],"is_trial":false,"path_per_floor":["R","M","M","?","$","?","T","M","E","$","?","M","R","?","M","B",null,"R","M","M","?","?","$","T","E","R","E","T","R","M","M","M","B",null,"R","M","M","$","M","E","T","$","E","R","?","?","R","M","M","B",null,"E","$","R","B",null],"character_chosen":"THE_CHAMP","items_purchased":["champ:BringItOn","champ:CalledShot","champ:Balance+1","champ:BerserkerStyle","Centennial Puzzle","Replay:Wax Seal","ReplayTheSpireMod:ShopPack","Membership Card","champ:HoldFirm","War Paint","Anchor","Replay:Rubber Ducky","champ:CrownThrow"],"campfire_rested":1,"item_purchase_floors":[5,5,10,10,10,23,23,38,38,38,42,42,42],"current_hp_per_floor":[95,95,86,86,86,86,86,86,75,75,75,75,75,66,60,27,95,95,95,74,74,65,62,69,49,79,83,83,83,80,76,76,66,102,102,102,99,96,85,82,82,82,69,79,79,79,79,79,82,82,112,94,94,94,78],"gold":49,"neow_bonus":"THREE_SMALL_POTIONS","is_daily":false,"chose_seed":false,"campfire_upgraded":6,"win_rate":0.0,"timestamp":1608746842,"path_taken":["R","M","M","?","?","?","T","M","E","$","?","?","R","?","M","BOSS","R","M","M","?","?","$","T","E","R","E","?","R","M","?","M","BOSS","R","M","M","$","M","E","T","$","E","R","?","?","R","M","M","BOSS","E","$","R","BOSS"],"items_purchased_type":["Card","Card","Card","Card","Relic","Relic","Relic","Relic","Card","Relic","Relic","Relic","Card"],"build_version":"2020-12-22","purchased_purges":5,"victory":true,"max_hp_per_floor":[95,95,95,95,95,95,95,95,95,95,95,95,95,95,95,95,95,95,95,95,95,95,95,102,102,102,102,102,102,102,102,102,102,102,102,102,102,102,102,102,102,102,102,112,112,112,112,112,112,112,112,112,112,112,112],"card_choices":[{"not_picked":["champ:EnGarde","champ:HeartStrike"],"picked":"champ:RageSigil","floor":2},{"not_picked":["champ:CrookedStrike","champ:BladeFlurry"],"picked":"champ:FalseCounter","floor":3},{"not_picked":["champ:FalseCounter","champ:EnGarde"],"picked":"champ:DancingMaster","floor":5},{"not_picked":["champ:FanOfKnives","champ:TornadoPunch"],"picked":"champ:Backstep","floor":8},{"not_picked":["champ:PerfectedStrike","champ:Haymaker"],"picked":"champ:FocusedBerserking","floor":9},{"not_picked":["champ:Haymaker","champ:BerserkersShout"],"picked":"champ:Balance","floor":10},{"not_picked":["champ:Encircle","champ:HeartStrike"],"picked":"champ:IronFortress","floor":12},{"not_picked":["champ:BladeFlurry","champ:AdrenalArmor"],"picked":"champ:FlashCut","floor":14},{"not_picked":["champ:RageSigil","champ:CrookedStrike","champ:PerfectForm"],"picked":"SKIP","floor":15},{"not_picked":["champ:LastStand","champ:SteelEdge"],"picked":"champ:Improvising","floor":16},{"not_picked":["champ:RageSigil","champ:Riposte"],"picked":"champ:Backstep","floor":19},{"not_picked":["champ:Riposte","champ:PreciseThrust"],"picked":"champ:FanOfKnives","floor":20},{"not_picked":[],"picked":"J.A.X.","floor":22},{"not_picked":["champ:CrookedStrike","champ:Duel"],"picked":"champ:Circumvent","floor":22},{"not_picked":["champ:CalledShot","champ:GladiatorsShout"],"picked":"champ:StanceDance","floor":23},{"not_picked":["Secret Technique","Chrysalis"],"picked":"expansioncontent:StudyTheSpire","floor":23},{"not_picked":["expansioncontent:LastStand","expansioncontent:Torchfire"],"picked":"expansioncontent:QuickStudy","floor":23},{"not_picked":["Jack Of All Trades","Poisoned Strike"],"picked":"ReplayTheSpireMod:Private Reserves","floor":23},{"not_picked":["champ:CheapShot","champ:RecklessLeap"],"picked":"champ:Lariat+1","floor":25},{"not_picked":["champ:CrookedStrike","champ:Duel"],"picked":"champ:ShieldSlam","floor":27},{"not_picked":["champ:BringItOn","champ:AdrenalArmor","champ:CrookedStrike"],"picked":"SKIP","floor":30},{"not_picked":["champ:BringItOn","champ:RageSigil","champ:Backstep"],"picked":"SKIP","floor":31},{"not_picked":["champ:BringItOn","champ:RapidStrikes","champ:Duel+1"],"picked":"SKIP","floor":32},{"not_picked":["champ:LastStand","champ:IgnorePain"],"picked":"champ:ShieldThrow","floor":33},{"not_picked":["champ:FlashCut+1","champ:BladeFlurry"],"picked":"champ:EndlessRage","floor":36},{"not_picked":["champ:AdrenalArmor","champ:PreciseThrust"],"picked":"champ:StanceDance+1","floor":37},{"not_picked":["champ:Encircle","champ:Haymaker","champ:FightOn"],"picked":"SKIP","floor":38},{"not_picked":["champ:DeathBlow","champ:FanOfKnives+1"],"picked":"champ:FocusedGladiator","floor":39},{"not_picked":["champ:GladiatorsShout","champ:Encircle"],"picked":"champ:EndlessRage+1","floor":40},{"not_picked":["champ:RageSigil","champ:BerserkerStyle"],"picked":"champ:GladiatorStyle+1","floor":43},{"not_picked":["champ:EnragedBash","champ:GladiatorStyle"],"picked":"champ:DefensiveStyle","floor":48},{"not_picked":["champ:EndlessRage","champ:StanceDance"],"picked":"champ:ViciousMockery","floor":49},{"not_picked":["champ:BerserkerStyle","champ:Backstep"],"picked":"champ:GladiatorsShout+1","floor":52}],"player_experience":725553,"relics_obtained":[{"floor":7,"key":"Guardian:PocketSentry"},{"floor":9,"key":"Onion Ring"},{"floor":14,"key":"Odd Mushroom"},{"floor":18,"key":"Orichalcum"},{"floor":22,"key":"MutagenicStrength"},{"floor":24,"key":"Strawberry"},{"floor":25,"key":"Bronze Scales"},{"floor":27,"key":"ReplayTheSpireMod:Lightbulb"},{"floor":28,"key":"Tiny Chest"},{"floor":40,"key":"Bottled Tornado"},{"floor":43,"key":"Pen Nib"},{"floor":46,"key":"Ring of Peace"},{"floor":46,"key":"Ring of Searing"},{"floor":52,"key":"Vajra"}],"event_choices":[{"damage_healed":0,"gold_gain":0,"player_choice":"Fought Mushrooms","damage_taken":0,"max_hp_gain":0,"max_hp_loss":0,"event_name":"Mushrooms","floor":14,"gold_loss":0},{"damage_healed":0,"gold_gain":0,"player_choice":"Simplicity","damage_taken":0,"max_hp_gain":0,"max_hp_loss":0,"event_name":"Back to Basics","floor":21,"gold_loss":0,"cards_upgraded":["champ:Strike","champ:Strike","champ:Strike","champ:Strike","champ:Defend","champ:Defend","champ:Defend"]},{"cards_removed":["champ:CrookedStrike"],"damage_healed":0,"gold_gain":0,"player_choice":"Removed Attack","damage_taken":0,"max_hp_gain":0,"max_hp_loss":0,"event_name":"Falling","floor":45,"gold_loss":0}],"is_beta":false,"boss_relics":[{"not_picked":["Sozu","Pandora\u0027s Box"],"picked":"Philosopher\u0027s Stone"},{"not_picked":["Tiny House","ReplayTheSpireMod:DimensionalGlitch"],"picked":"SlaversCollar"}],"items_purged_floors":[10,23,38,42,53],"is_endless":false,"potions_floor_spawned":[2,3,9,12,16,20,32,33,37,40,48,49,52],"ascension_level":1}}