{"host":"ix2a18c4ohfsrslv","time":1608685046,"event":{"mods":["BaseMod","Better Third Choice","Downfall","Lobotomy","Minty Spire (QoL Compilation)","Replay The Spire","StSLib"],"gold_per_floor":[115,115,190,209,224,224,255,268,268,278,248,248,261,275,275,275,275],"floor_reached":16,"playtime":1070,"items_purged":[],"score":114,"play_id":"6b19c33f-ffb8-4435-b2a7-ddc2968d98b7","local_time":"20201222165726","is_ascension_mode":true,"campfire_choices":[{"data":"Evolve","floor":6,"key":"SMITH"},{"floor":12,"key":"REST"},{"data":"Armaments","floor":15,"key":"SMITH"}],"circlet_count":0,"master_deck":["Strike_R","Strike_R","Strike_R","Strike_R","Strike_R","Defend_R","Defend_R+1","Defend_R+1","Defend_R","Bash","OSAHOGD","Evolve+1","ShyLook","Ghostly Armor","Wild Strike","UniverseFragment","Body Slam","MHz","Armaments+1","VoidDream","ReplayTheSpireMod:Stacked","CherryBlossoms","Headbutt","BeautyBeast","Cleave","CrumblingArmor","Wild Strike"],"relics":["Burning Blood","CogitoBucket","ReplayTheSpireMod:Lightbulb","Replay:Baseball","TreeSap"],"acts_visited":["Exordium"],"potions_floor_usage":[7,7,7,10,16],"damage_taken":[{"damage":2,"enemies":"2 Louse","floor":1,"turns":3},{"damage":14,"enemies":"Jaw Worm","floor":4,"turns":4},{"damage":0,"enemies":"Small Slimes","floor":5,"turns":4},{"damage":18,"enemies":"Gremlin Nob","floor":7,"turns":4},{"damage":15,"enemies":"Red Slaver","floor":8,"turns":4},{"damage":4,"enemies":"2 Fungi Beasts","floor":10,"turns":5},{"damage":12,"enemies":"Looter","floor":11,"turns":4},{"damage":0,"enemies":"Red Slaver","floor":13,"turns":3},{"damage":20,"enemies":"Exordium Thugs","floor":14,"turns":6},{"damage":70,"enemies":"Hexaghost","floor":16,"turns":7}],"seed_played":"-1022474248659870265","potions_obtained":[{"floor":4,"key":"EntropicBrew"},{"floor":5,"key":"Strength Potion"},{"floor":14,"key":"SkillPotion"}],"is_trial":false,"path_per_floor":["M","?","?","M","M","R","E","M","T","M","M","R","M","M","R","B"],"character_chosen":"IRONCLAD","items_purchased":[],"campfire_rested":1,"item_purchase_floors":[],"current_hp_per_floor":[80,64,53,45,51,51,39,30,30,32,26,50,65,51,51,0,0],"gold":275,"neow_bonus":"","is_daily":false,"chose_seed":false,"campfire_upgraded":2,"win_rate":0.0,"timestamp":1608685046,"path_taken":["M","?","?","M","M","R","E","M","T","M","M","R","?","M","R","BOSS"],"items_purchased_type":[],"build_version":"2020-12-13","purchased_purges":0,"victory":false,"max_hp_per_floor":[80,80,80,80,80,80,80,80,80,80,80,80,65,65,65,65,65],"card_choices":[{"not_picked":["PunishingBird","BeautyBeast"],"picked":"OSAHOGD","floor":1},{"not_picked":["Pummel","Pommel Strike"],"picked":"Evolve","floor":1},{"not_picked":["WallGazer","MeatLantern"],"picked":"ShyLook","floor":4},{"not_picked":["Searing Blow","ReplayTheSpireMod:Strike From Hell"],"picked":"Ghostly Armor","floor":4},{"not_picked":["Anger","Shrug It Off"],"picked":"Wild Strike","floor":5},{"not_picked":["SpiderBud","Murderer"],"picked":"UniverseFragment","floor":7},{"not_picked":["Warcry","Evolve"],"picked":"Body Slam","floor":7},{"not_picked":["HeroicMonk","Woodsman","NakedNest"],"picked":"Singing Bowl","floor":8},{"not_picked":["PunishingBird","Bloodbath"],"picked":"MHz","floor":8},{"not_picked":["Fire Breathing","ReplayTheSpireMod:Stacked"],"picked":"Armaments","floor":8},{"not_picked":["Murderer","BeautyBeast"],"picked":"VoidDream","floor":10},{"not_picked":["Blood for Blood","Second Wind"],"picked":"ReplayTheSpireMod:Stacked","floor":10},{"not_picked":["Wellcheers","BigBadWolf"],"picked":"CherryBlossoms","floor":11},{"not_picked":["Whirlwind","Feel No Pain"],"picked":"Headbutt","floor":11},{"not_picked":["LongBird","WallGazer"],"picked":"BeautyBeast","floor":13},{"not_picked":["Headbutt","Evolve"],"picked":"Cleave","floor":13},{"not_picked":["SnowQueen","Mercenary"],"picked":"CrumblingArmor","floor":14},{"not_picked":["Headbutt","Whirlwind"],"picked":"Wild Strike","floor":14}],"player_experience":111173,"relics_obtained":[{"floor":7,"key":"ReplayTheSpireMod:Lightbulb"},{"floor":9,"key":"Replay:Baseball"}],"event_choices":[{"damage_healed":80,"gold_gain":0,"player_choice":"Upgrade","damage_taken":16,"max_hp_gain":0,"max_hp_loss":80,"event_name":"betterThird:BetterShining","floor":2,"gold_loss":0,"cards_upgraded":["Defend_R","Defend_R"]},{"damage_healed":0,"gold_gain":75,"player_choice":"Gold","damage_taken":11,"max_hp_gain":0,"max_hp_loss":0,"event_name":"betterThird:BetterGoop","floor":3,"gold_loss":0}],"is_beta":false,"boss_relics":[],"items_purged_floors":[],"is_endless":false,"potions_floor_spawned":[4,5,14],"killed_by":"Hexaghost","ascension_level":2}}