{"host":"1sep654oresgee70","time":1608753976,"event":{"mods":["2.2 Compatiblity","Aspiration","BaseMod","Better Altar","Better Match","Better Note","Better Sensory Stone","Better Skull","Better Third Choice","Better Vampires","Better-Laid Plans","BetterRewards","Block Reminder","Conspire","Curses Come First","Displayed Cursed Tome","Gold Saver","Hubris","Infinite Spire","Minty Spire (QoL Compilation)","Potion Indicator Mod","Quick Restart","Red Circlet Mod","Replay The Spire","Shop Mod","Spicy Shops","StSLib","The Blue Laboratory","Thieving Mod","Transform Curses","Unceasing Turn Reminder","UnlockEverythingMod"],"gold_per_floor":[114,129,144,159,174,174,174,174,174,174,174,189,189,189,189,189,189],"floor_reached":16,"playtime":729,"items_purged":[],"score":90,"play_id":"395d6cdf-846a-4fe2-8ce2-9e2eff9f02bc","local_time":"20201223210616","daily_mods":["SealedDeck","Red Cards","Night Terrors"],"is_ascension_mode":false,"campfire_choices":[{"floor":6,"key":"REST"},{"floor":13,"key":"REST"},{"data":"Wallop","floor":15,"key":"SMITH"}],"circlet_count":0,"master_deck":["conspire:ExplosiveBarrier","Evaluate","FlurryOfBlows","Halt","Crescendo","ClearTheMind","Wallop+1","Prostrate","Replay:DivineShield","Consecrate","Havoc","Shrug It Off","Prostrate","Halt","Replay:Anticipation","Massacre+1","ReplayTheSpireMod:Corrosion Curse"],"relics":["PureWater","ReplayTheSpireMod:Lightbulb","Molten Egg 2","Iron Hammer","Turnip","conspire:Boomerang"],"acts_visited":["Exordium"],"potions_floor_usage":[12,16],"damage_taken":[{"damage":5,"enemies":"2 Louse","floor":1,"turns":2},{"damage":13,"enemies":"conspire:MimicChest","floor":2,"turns":8},{"damage":1,"enemies":"Jaw Worm","floor":3,"turns":3},{"damage":0,"enemies":"conspire:RoseBush","floor":4,"turns":3},{"damage":0,"enemies":"Large Slime","floor":5,"turns":8},{"damage":12,"enemies":"2 Fungi Beasts","floor":12,"turns":4},{"damage":65,"enemies":"Hexaghost","floor":16,"turns":14}],"seed_played":"4926568582952100995","potions_obtained":[{"floor":1,"key":"blueLaboratory:ArtificerPotion"},{"floor":4,"key":"ColorlessPotion"}],"is_trial":false,"path_per_floor":["M","?","M","M","M","R","?","?","T","?","T","M","R","?","R","B"],"character_chosen":"WATCHER","items_purchased":[],"campfire_rested":2,"item_purchase_floors":[],"current_hp_per_floor":[67,54,53,53,53,67,67,67,67,67,67,55,62,62,62,0,0],"gold":189,"neow_bonus":"","is_daily":true,"chose_seed":false,"campfire_upgraded":1,"win_rate":0.0,"timestamp":1608753976,"path_taken":["M","?","M","M","M","R","?","?","T","?","?","M","R","?","R","BOSS"],"items_purchased_type":[],"build_version":"2020-12-22","purchased_purges":0,"victory":false,"max_hp_per_floor":[72,72,72,72,72,67,67,67,67,67,67,67,62,62,62,62,62],"card_choices":[{"not_picked":["Study","ReplayReversal"],"picked":"Havoc","floor":1},{"not_picked":["Heavy Blade","Ghostly Armor"],"picked":"Shrug It Off","floor":2},{"not_picked":["ReplayTheSpireMod:Strike From Hell","PathToVictory"],"picked":"Prostrate","floor":3},{"not_picked":["Perfected Strike","Thunderclap"],"picked":"Halt","floor":4},{"not_picked":["Berserk","Iron Wave"],"picked":"CutThroughFate","floor":5},{"not_picked":["MentalFortress","Meditate"],"picked":"Massacre+1","floor":12}],"player_experience":2368831,"relics_obtained":[{"floor":2,"key":"ReplayTheSpireMod:Lightbulb"},{"floor":9,"key":"Iron Hammer"},{"floor":10,"key":"Turnip"},{"floor":11,"key":"conspire:Boomerang"}],"event_choices":[{"damage_healed":0,"gold_gain":0,"cards_transformed":["CutThroughFate"],"player_choice":"Change","damage_taken":0,"max_hp_gain":0,"max_hp_loss":0,"event_name":"Living Wall","floor":7,"gold_loss":0,"cards_obtained":["Replay:Anticipation"]},{"damage_healed":0,"gold_gain":0,"cards_transformed":["Injury"],"player_choice":"Transformed","damage_taken":0,"max_hp_gain":0,"max_hp_loss":0,"event_name":"Transmorgrifier","floor":14,"gold_loss":0,"cards_obtained":["ReplayTheSpireMod:Corrosion Curse"]}],"is_beta":false,"boss_relics":[],"items_purged_floors":[],"is_endless":false,"potions_floor_spawned":[1,4],"killed_by":"Hexaghost","ascension_level":0}}