{"host":"nox","time":1608690683,"event":{"mods":["Aspiration","BaseMod","Better Third Choice","Colored Powertips","Conspire","Hubris","Infinite Spire","Minty Spire (QoL Compilation)","Quick Restart","Rare Cards Sparkle","Replay The Spire","Shop Mod","Spikes Relics","StSLib","SuperFastMode","The Alterego","vexMod"],"gold_per_floor":[116,216,231,247,260,260,287,303,352,377,424,436,458,482,494,506,506],"floor_reached":16,"playtime":1587,"items_purged":[],"score":139,"play_id":"40647e09-90c3-4383-83af-4000b19d9936","local_time":"20201223093123","is_ascension_mode":true,"campfire_choices":[{"data":"Sucker Punch","floor":6,"key":"SMITH"},{"floor":12,"key":"REST"},{"floor":15,"key":"RECALL"}],"circlet_count":0,"master_deck":["Strike_G","Strike_G","Strike_G","Strike_G","Strike_G","Defend_G","Defend_G","Defend_G","Defend_G","Defend_G","Survivor","Neutralize","PiercingWail","Sucker Punch+1","Heel Hook","Underhanded Strike","Underhanded Strike","Leg Sweep","MasterReality"],"relics":["Ring of the Snake","aspiration:Nostalgia","Replay:M_StaffOfTheSnake","aspiration:HiddenCompartment","MawBank","infinitespire:Beetle Shell"],"acts_visited":["Exordium"],"potions_floor_usage":[7,11,11],"damage_taken":[{"damage":1,"enemies":"Jaw Worm","floor":1,"turns":3},{"damage":2,"enemies":"Cultist","floor":3,"turns":4},{"damage":4,"enemies":"Small Slimes","floor":4,"turns":5},{"damage":2,"enemies":"Blue Slaver","floor":5,"turns":4},{"damage":37,"enemies":"Gremlin Nob","floor":7,"turns":6},{"damage":2,"enemies":"Red Slaver","floor":8,"turns":4},{"damage":7,"enemies":"Large Slime","floor":10,"turns":6},{"damage":4,"enemies":"Lagavulin","floor":11,"turns":6},{"damage":3,"enemies":"2 Fungi Beasts","floor":13,"turns":3},{"damage":0,"enemies":"Exordium Thugs","floor":14,"turns":4},{"damage":29,"enemies":"Hexaghost","floor":16,"turns":14}],"seed_played":"3815635477391735891","potions_obtained":[{"floor":4,"key":"Dexterity Potion"},{"floor":5,"key":"Fire Potion"},{"floor":7,"key":"Strength Potion"},{"floor":11,"key":"SpeedPotion"}],"is_trial":false,"path_per_floor":["M","?","M","M","M","R","E","M","T","M","E","R","M","M","R","B"],"character_chosen":"THE_SILENT","items_purchased":[],"campfire_rested":1,"item_purchase_floors":[],"current_hp_per_floor":[69,69,67,63,61,61,24,22,22,15,11,32,29,29,29,0,0],"gold":506,"neow_bonus":"NOSTALGIA","is_daily":false,"chose_seed":false,"campfire_upgraded":1,"win_rate":0.0,"timestamp":1608690683,"path_taken":["M","?","M","M","M","R","E","M","T","M","E","R","M","M","R","BOSS"],"items_purchased_type":[],"build_version":"2020-11-17","purchased_purges":0,"victory":false,"max_hp_per_floor":[70,70,70,70,70,70,70,70,70,70,70,70,70,70,70,70,70],"card_choices":[{"not_picked":["JustLucky","Skewer"],"picked":"PiercingWail","floor":1},{"not_picked":["Infinite Blades","CutThroughFate","Crippling Poison"],"picked":"SKIP","floor":3},{"not_picked":["Infinite Blades","CutThroughFate","Crippling Poison"],"picked":"SKIP","floor":3},{"not_picked":["Infinite Blades","CutThroughFate","Crippling Poison"],"picked":"SKIP","floor":3},{"not_picked":["Reflex","Predator"],"picked":"Sucker Punch","floor":4},{"not_picked":["Blur","Deadly Poison","hubris:SlightOfHand"],"picked":"SKIP","floor":5},{"not_picked":["Poisoned Stab","Reflex"],"picked":"Heel Hook","floor":7},{"not_picked":["Cloak And Dagger","ReplayTheSpireMod:Speed Training"],"picked":"Underhanded Strike","floor":8},{"not_picked":["Bane","Sanctity"],"picked":"Underhanded Strike","floor":10},{"not_picked":["conspire:DoublingDagger","Backflip"],"picked":"Leg Sweep","floor":11},{"not_picked":["ClearTheMind","JustLucky","Dodge and Roll"],"picked":"SKIP","floor":13},{"not_picked":["ThirdEye","Acrobatics"],"picked":"MasterReality","floor":14}],"player_experience":230158,"relics_obtained":[{"floor":7,"key":"aspiration:HiddenCompartment"},{"floor":9,"key":"MawBank"},{"floor":11,"key":"infinitespire:Beetle Shell"}],"event_choices":[{"damage_healed":0,"gold_gain":100,"player_choice":"Gold","damage_taken":0,"max_hp_gain":0,"max_hp_loss":0,"event_name":"Wheel of Change","floor":2,"gold_loss":0}],"is_beta":true,"boss_relics":[],"items_purged_floors":[],"is_endless":false,"potions_floor_spawned":[4,5,7,11],"killed_by":"Hexaghost","ascension_level":4}}