{"host":"ufl0k2so27eic2iy","time":1608733842,"event":{"mods":["BaseMod","Minty Spire (QoL Compilation)","StSLib","The Animator"],"gold_per_floor":[110,60,71,93,93,130,142,168,180,192,220,265,293,320,332,420,432,425,352,100,115,126,158,158,203,229,262,278,278,21,53,53,124,124,142,142,42,42,42,68,68,86,86,119,50,76,76,89,89,89,89,89,26,57,57,57],"floor_reached":55,"playtime":3775,"items_purged":["animator:Strike","animator:MamiTomoe","animator:Strike_NoGameNoLife"],"score":1469,"play_id":"4fbf879e-3b36-4ed7-ad2a-d4a3131b8e84","local_time":"20201223143042","is_ascension_mode":true,"campfire_choices":[{"data":"animator:DolaSchwi","floor":7.0,"key":"SMITH"},{"data":"animator:Aqua","floor":10.0,"key":"SMITH"},{"data":"animator:Evileye","floor":15.0,"key":"SMITH"},{"data":"animator:Eris","floor":24.0,"key":"SMITH"},{"data":"animator:Arpeggio","floor":32.0,"key":"SMITH"},{"floor":41.0,"key":"RECALL"},{"data":"animator:Zero","floor":47,"key":"SMITH"},{"data":"animator:LeleiLaLalena","floor":49,"key":"SMITH"},{"data":"animator:MisaKurobane","floor":52,"key":"SMITH"}],"circlet_count":0,"master_deck":["AscendersBane","animator:Defend_NoGameNoLife","animator:Defend","animator:Defend","animator:Defend","animator:DolaSchwi+1","animator:DolaCouronne","animator:Entoma+12","animator:Aqua+1","animator:FielNirvalen","animator:IzunaHatsuse","animator:Evileye+1","animator:IzunaHatsuse","animator:IrohaTamaki","animator:FielNirvalen","animator:MisaKurobane+1","animator:MarisaKirisame","animator:TukaLunaMarceau","animator:Sebas","animator:OrikoMikuni","animator:Jibril","animator:LeleiLaLalena+1","animator:Arpeggio+1","animator:Tet","animator:RinTohsaka","animator:Wiz","animator:AyaShameimaru+1","animator:TukaLunaMarceau+1","animator:Zero+1","animator:RinTohsaka","animator:RinTohsaka"],"relics":["animator:VividPicture","animator:TheMissingPiece","Juzu Bracelet","MawBank","Matryoshka","animator:WornHelmet","Oddly Smooth Stone","The Courier","Nunchaku","Anchor","Orichalcum","animator:PurpleTeddyBear","DataDisk","Sozu","Boot","Toy Ornithopter","Frozen Egg 2","Centennial Puzzle"],"acts_visited":["Exordium","TheCity","TheBeyond","TheEnding"],"potions_floor_usage":[54,55],"damage_taken":[{"damage":0.0,"enemies":"2 Louse","floor":1.0,"turns":5.0},{"damage":7.0,"enemies":"Small Slimes","floor":3.0,"turns":4.0},{"damage":5.0,"enemies":"Cultist","floor":4.0,"turns":4.0},{"damage":23.0,"enemies":"Gremlin Nob","floor":6.0,"turns":5.0},{"damage":7.0,"enemies":"Red Slaver","floor":8.0,"turns":4.0},{"damage":0.0,"enemies":"Large Slime","floor":11.0,"turns":6.0},{"damage":16.0,"enemies":"Lagavulin","floor":12.0,"turns":6.0},{"damage":8.0,"enemies":"Blue Slaver","floor":13.0,"turns":5.0},{"damage":1.0,"enemies":"2 Fungi Beasts","floor":14.0,"turns":3.0},{"damage":5.0,"enemies":"The Guardian","floor":16.0,"turns":10.0},{"damage":13.0,"enemies":"2 Thieves","floor":18.0,"turns":4.0},{"damage":0.0,"enemies":"Shell Parasite","floor":21.0,"turns":4.0},{"damage":21.0,"enemies":"Snake Plant","floor":22.0,"turns":4.0},{"damage":15.0,"enemies":"Book of Stabbing","floor":23.0,"turns":6.0},{"damage":43.0,"enemies":"Gremlin Leader","floor":25.0,"turns":8.0},{"damage":28.0,"enemies":"Book of Stabbing","floor":27.0,"turns":5.0},{"damage":2.0,"enemies":"Centurion and Healer","floor":28.0,"turns":6.0},{"damage":0.0,"enemies":"Snecko","floor":31.0,"turns":7.0},{"damage":47.0,"enemies":"Automaton","floor":33.0,"turns":11.0},{"damage":0.0,"enemies":"Orb Walker","floor":35.0,"turns":3.0},{"damage":0.0,"enemies":"Reptomancer","floor":40.0,"turns":7.0},{"damage":0.0,"enemies":"3 Darklings","floor":42.0,"turns":7.0},{"damage":18,"enemies":"Nemesis","floor":44,"turns":9},{"damage":21,"enemies":"Giant Head","floor":46,"turns":9},{"damage":3,"enemies":"Writhing Mass","floor":48,"turns":6},{"damage":17,"enemies":"Donu and Deca","floor":50,"turns":10},{"damage":49,"enemies":"Shield and Spear","floor":54,"turns":14},{"damage":54,"enemies":"The Heart","floor":55,"turns":8}],"seed_played":"-3684972806628112538","potions_obtained":[{"floor":3.0,"key":"ColorlessPotion"},{"floor":4.0,"key":"animator:FalseLifePotion"},{"floor":12.0,"key":"Fire Potion"},{"floor":13.0,"key":"AttackPotion"},{"floor":21.0,"key":"Weak Potion"},{"floor":25.0,"key":"SkillPotion"},{"floor":28.0,"key":"Regen Potion"},{"floor":33.0,"key":"Swift Potion"}],"is_trial":false,"path_per_floor":["M","$","M","M","?","E","R","M","T","R","M","E","M","M","R","B",null,"M","?","$","M","M","E","R","E","T","E","M","?","$","M","R","B",null,"M","?","$","?","?","E","R","M","T","E","$","E","R","M","R","B",null,"R","$","E","B"],"character_chosen":"THE_ANIMATOR","items_purchased":["animator:Entoma","animator:MisaKurobane","animator:MarisaKirisame","animator:TukaLunaMarceau","DataDisk","animator:RinTohsaka","animator:Zero","animator:RinTohsaka"],"campfire_rested":0,"item_purchase_floors":[2,20,20,20,30,30,45,53],"current_hp_per_floor":[54,54,49,46,51,30,30,26,26,26,31,22,17,25,25,26,66,59,59,59,62,47,40,40,20,20,13,28,28,28,37,37,24,68,71,71,71,71,71,80,80,85,85,76,76,64,64,70,70,62,79,79,79,42,0,0],"gold":57,"neow_bonus":"RANDOM_COMMON_RELIC","is_daily":false,"chose_seed":true,"campfire_upgraded":8,"win_rate":0.0,"timestamp":1608733842,"path_taken":["M","$","M","M","?","E","R","M","T","R","M","E","M","M","R","BOSS","M","?","$","M","M","E","R","E","T","E","M","?","$","M","R","BOSS","M","?","$","?","?","E","R","M","T","E","$","E","R","M","R","BOSS","R","$","E","BOSS"],"items_purchased_type":["Card","Card","Card","Card","Relic","Card","Card","Card"],"build_version":"2020-12-22","purchased_purges":3,"victory":false,"max_hp_per_floor":[60,60,62,64,69,71,71,72,72,72,74,74,74,76,76,79,79,79,79,79,79,79,81,81,83,83,83,83,83,83,83,83,83,83,83,83,83,83,83,83,83,85,85,85,85,85,85,85,85,85,85,85,85,85,85,85],"card_choices":[{"not_picked":["animator:Tyuule","animator:Illya"],"picked":"animator:Entoma","floor":1.0},{"not_picked":["animator:Alexander","animator:Assassin","animator:Berserker"],"picked":"SKIP","floor":3.0},{"not_picked":["animator:KyokoSakura","animator:Clownpiece"],"picked":"animator:Aqua","floor":4.0},{"not_picked":["animator:Tet","animator:ChlammyZell"],"picked":"animator:FielNirvalen","floor":6.0},{"not_picked":["animator:Tyuule","animator:Rider"],"picked":"animator:IzunaHatsuse","floor":8.0},{"not_picked":["animator:YachiyoNanami","animator:Sebas"],"picked":"animator:YuiTsuruno","floor":11.0},{"not_picked":["animator:SatoriKomeiji","animator:SanaeKochiya"],"picked":"animator:Evileye","floor":12.0},{"not_picked":["animator:DolaRiku","animator:Tet"],"picked":"animator:IzunaHatsuse","floor":13.0},{"not_picked":["animator:SuikaIbuki","animator:MadokaKaname"],"picked":"animator:IrohaTamaki","floor":14.0},{"not_picked":["animator:Hans","animator:HomuraAkemi"],"picked":"animator:Eris","floor":16.0},{"not_picked":["animator:SuikaIbuki","animator:DolaSchwi"],"picked":"animator:FielNirvalen","floor":18.0},{"not_picked":["animator:IrohaTamaki","animator:YaoHaDucy","animator:AliceMargatroid"],"picked":"SKIP","floor":21.0},{"not_picked":["animator:Cocytus","animator:Demiurge"],"picked":"animator:Sebas","floor":22.0},{"not_picked":["animator:Lancer","animator:ReimuHakurei"],"picked":"animator:OrikoMikuni","floor":23.0},{"not_picked":["animator:SanaeKochiya","animator:OrikoMikuni"],"picked":"animator:Jibril","floor":25.0},{"not_picked":["animator:Eris","animator:DolaRiku"],"picked":"animator:LeleiLaLalena","floor":27.0},{"not_picked":["animator:Kuribayashi","animator:RoryMercury"],"picked":"animator:Arpeggio","floor":28.0},{"not_picked":["animator:SakuraMatou","animator:Illya"],"picked":"animator:Wiz","floor":31.0},{"not_picked":["animator:Assassin+1","animator:KaguyaHouraisan+1"],"picked":"animator:AyaShameimaru","floor":35.0},{"not_picked":["animator:YuiTsuruno","animator:Tet+1"],"picked":"animator:TukaLunaMarceau+1","floor":40.0},{"not_picked":["animator:KomachiOnozuka","animator:DolaSchwi"],"picked":"animator:Entoma+1","floor":44},{"not_picked":["animator:DolaCouronne","animator:OrikoMikuni","animator:YuiTsuruno"],"picked":"SKIP","floor":46},{"not_picked":["animator:Tyuule","animator:Verdia"],"picked":"animator:RinTohsaka","floor":48}],"player_experience":2352931,"relics_obtained":[{"floor":6.0,"key":"MawBank"},{"floor":9.0,"key":"Matryoshka"},{"floor":12.0,"key":"animator:WornHelmet"},{"floor":23.0,"key":"The Courier"},{"floor":25.0,"key":"Nunchaku"},{"floor":26.0,"key":"Anchor"},{"floor":26.0,"key":"Orichalcum"},{"floor":27.0,"key":"animator:PurpleTeddyBear"},{"floor":40.0,"key":"Boot"},{"floor":43,"key":"Toy Ornithopter"},{"floor":44,"key":"Frozen Egg 2"},{"floor":46,"key":"Centennial Puzzle"}],"event_choices":[{"damage_healed":0.0,"max_hp_gain":5.0,"max_hp_loss":0.0,"gold_gain":0.0,"event_name":"Big Fish","player_choice":"Donut","floor":5.0,"gold_loss":0.0,"damage_taken":0.0},{"damage_healed":0.0,"max_hp_gain":0.0,"max_hp_loss":0.0,"gold_gain":0.0,"event_name":"Addict","player_choice":"Obtained Relic","floor":19.0,"gold_loss":85.0,"damage_taken":0.0,"relics_obtained":["Oddly Smooth Stone"]},{"damage_healed":0.0,"max_hp_gain":0.0,"max_hp_loss":0.0,"gold_gain":0.0,"cards_transformed":["animator:Strike","animator:Strike"],"event_name":"Drug Dealer","player_choice":"Became Test Subject","floor":29.0,"gold_loss":0.0,"damage_taken":0.0,"cards_obtained":["animator:Tet","animator:MamiTomoe"]},{"damage_healed":0.0,"max_hp_gain":0.0,"max_hp_loss":0.0,"gold_gain":0.0,"event_name":"Mysterious Sphere","player_choice":"Ignored","floor":36.0,"gold_loss":0.0,"damage_taken":0.0},{"cards_removed":["animator:YuiTsuruno"],"damage_healed":0.0,"max_hp_gain":0.0,"max_hp_loss":0.0,"gold_gain":0.0,"event_name":"Falling","player_choice":"Removed Attack","floor":38.0,"gold_loss":0.0,"damage_taken":0.0},{"damage_healed":0.0,"max_hp_gain":0.0,"max_hp_loss":0.0,"gold_gain":0.0,"event_name":"Upgrade Shrine","player_choice":"Upgraded","floor":39.0,"gold_loss":0.0,"damage_taken":0.0,"cards_upgraded":["animator:AyaShameimaru"]}],"is_beta":false,"boss_relics":[{"not_picked":["animator:HolyGrailRelic","Mark of Pain"],"picked":"animator:VividPicture"},{"not_picked":["Astrolabe","Mark of Pain"],"picked":"Sozu"}],"items_purged_floors":[20,30,37],"is_endless":false,"potions_floor_spawned":[3,4,12,13,21,25,28,31,33,35,40,42],"killed_by":"The Heart","ascension_level":15}}