{"host":"30jsp143e4v19aze","time":1608729482,"event":{"mods":["BaseMod","Colored Map","Colored Powertips","Curses Come First","DeckTracker","Highlight Path","Minty Spire (QoL Compilation)","Quick Restart","Relic Stats","StSLib"],"gold_per_floor":[114,114,114,125,135,135,164,264,264,282,316,328,340,354,354,354,354],"floor_reached":16,"playtime":494,"items_purged":[],"score":137,"play_id":"71dd8788-07f1-480b-82d6-03fa3513ab72","local_time":"20201223141802","is_ascension_mode":true,"campfire_choices":[{"data":"Doom and Gloom","floor":6,"key":"SMITH"},{"data":"Consume","floor":15,"key":"SMITH"}],"circlet_count":0,"master_deck":["Strike_B","Strike_B","Strike_B","Defend_B","Defend_B","Defend_B","Defend_B","Zap","Dualcast","Sweeping Beam","Doom and Gloom+1","Redo","Coolheaded","Consume+1","Hyperbeam","Cold Snap"],"relics":["Cracked Core","NeowsBlessing","Singing Bowl","Frozen Egg 2","Blood Vial"],"acts_visited":["Exordium"],"potions_floor_usage":[12,13,16],"damage_taken":[{"damage":0,"enemies":"Cultist","floor":1,"turns":1},{"damage":0,"enemies":"Small Slimes","floor":4,"turns":1},{"damage":0,"enemies":"Jaw Worm","floor":5,"turns":1},{"damage":15,"enemies":"Lagavulin","floor":7,"turns":7},{"damage":0,"enemies":"Gremlin Gang","floor":10,"turns":2},{"damage":36,"enemies":"Gremlin Nob","floor":11,"turns":4},{"damage":2,"enemies":"Exordium Wildlife","floor":12,"turns":2},{"damage":8,"enemies":"Red Slaver","floor":13,"turns":4},{"damage":0,"enemies":"2 Fungi Beasts","floor":14,"turns":2},{"damage":17,"enemies":"Hexaghost","floor":16,"turns":7}],"seed_played":"-3414518936566374387","potions_obtained":[{"floor":1,"key":"FocusPotion"},{"floor":10,"key":"BlessingOfTheForge"},{"floor":11,"key":"DistilledChaos"},{"floor":13,"key":"Explosive Potion"}],"is_trial":false,"path_per_floor":["M","?","?","M","M","R","E","?","T","M","E","M","M","M","R","B"],"character_chosen":"DEFECT","items_purchased":[],"campfire_rested":0,"item_purchase_floors":[],"current_hp_per_floor":[75,68,61,61,61,61,46,46,46,46,10,10,6,10,10,0,0],"gold":354,"neow_bonus":"THREE_ENEMY_KILL","is_daily":false,"chose_seed":false,"campfire_upgraded":2,"win_rate":0.0,"timestamp":1608729482,"path_taken":["M","?","?","?","M","R","E","?","T","M","E","M","M","M","R","BOSS"],"items_purchased_type":[],"build_version":"2020-12-22","purchased_purges":0,"victory":false,"max_hp_per_floor":[75,75,75,75,75,75,75,75,75,75,75,75,77,79,79,79,79],"relic_stats":{"Blood Vial":8,"Singing Bowl":4,"counters":[10,31],"obtain_stats":[{"Blood Vial":11,"NeowsBlessing":0,"Singing Bowl":7,"Frozen Egg 2":9,"Cracked Core":0},{"Blood Vial":6,"NeowsBlessing":0,"Singing Bowl":4,"Frozen Egg 2":4,"Cracked Core":0},{"Blood Vial":16,"NeowsBlessing":0,"Singing Bowl":10,"Frozen Egg 2":10,"Cracked Core":0}]},"card_choices":[{"not_picked":["FTL","Ball Lightning"],"picked":"Sweeping Beam","floor":1},{"not_picked":["Go for the Eyes","Storm"],"picked":"Doom and Gloom","floor":4},{"not_picked":["Rebound","Turbo"],"picked":"Redo","floor":5},{"not_picked":["Steam","Blizzard"],"picked":"Coolheaded","floor":7},{"not_picked":["Gash","Doom and Gloom"],"picked":"Consume","floor":10},{"not_picked":["Stack","Doom and Gloom"],"picked":"Hyperbeam","floor":11},{"not_picked":["Leap","Doom and Gloom"],"picked":"Cold Snap","floor":12},{"not_picked":["Steam","Blizzard","Leap"],"picked":"Singing Bowl","floor":13},{"not_picked":["FTL","Redo","Sweeping Beam"],"picked":"Singing Bowl","floor":14}],"player_experience":3086961,"relics_obtained":[{"floor":7,"key":"Singing Bowl"},{"floor":9,"key":"Frozen Egg 2"},{"floor":11,"key":"Blood Vial"}],"event_choices":[{"cards_removed":["Strike_B"],"damage_healed":0,"gold_gain":0,"player_choice":"Card Removal","damage_taken":7,"max_hp_gain":0,"max_hp_loss":0,"event_name":"Golden Wing","floor":2,"gold_loss":0},{"damage_healed":0,"gold_gain":0,"player_choice":"Damaged","damage_taken":7,"max_hp_gain":0,"max_hp_loss":0,"event_name":"Wheel of Change","floor":3,"gold_loss":0},{"damage_healed":0,"gold_gain":100,"player_choice":"Pray","damage_taken":0,"max_hp_gain":0,"max_hp_loss":0,"event_name":"Golden Shrine","floor":8,"gold_loss":0}],"is_beta":false,"boss_relics":[],"items_purged_floors":[],"is_endless":false,"potions_floor_spawned":[1,10,11,13],"killed_by":"Hexaghost","ascension_level":4}}