{"host":"foq4mrde4mssg7vt","time":1608741799,"event":{"mods":["AchievementEnabler","BaseMod","Colored Map","Colored Powertips","Highlight Path","Minty Spire (QoL Compilation)","Relic Stats","everything is the same but u backflip on backflip"],"gold_per_floor":[360,377,452,452,36,70,83,83,109,109,125,125,138,171,171,270,270,284,299,299,4,18,53,53,152,202,302,313,313,293,321,321,426,426,441,441,35,35,49,84,84,119,145,159,176,176,205,225,225,225,225,225,50,79,79],"floor_reached":56,"playtime":3082,"items_purged":["Decay","Strike_R+1"],"score":1887,"play_id":"3de29b9c-6dd0-48aa-8b8d-c8fc38e51032","local_time":"20201224004319","is_ascension_mode":true,"campfire_choices":[{"data":"True Grit","floor":8.0,"key":"SMITH"},{"data":"Hemokinesis","floor":10.0,"key":"SMITH"},{"data":"Flame Barrier","floor":15.0,"key":"SMITH"},{"floor":24.0,"key":"REST"},{"floor":29.0,"key":"RECALL"},{"floor":32.0,"key":"REST"},{"floor":46.0,"key":"REST"},{"floor":49.0,"key":"REST"},{"floor":52.0,"key":"REST"}],"circlet_count":0,"master_deck":["AscendersBane","Strike_R+1","Defend_R","Defend_R+1","Defend_R+1","Defend_R","Bash","Flame Barrier+1","Hemokinesis+1","Rupture","Pummel","True Grit+1","Anger+1","Heavy Blade","Sword Boomerang","Spot Weakness","Exhume","Headbutt+1","Burning Pact","Reaper+1","Limit Break","Shockwave+1","Combust","Shrug It Off","Corruption","Pummel+1","Armaments+1","Sever Soul+1","Shockwave+1","Feel No Pain","Dark Shackles","Limit Break+1","Feel No Pain","Battle Trance+1","Dark Embrace","Shrug It Off+1","Evolve+1"],"relics":["Burning Blood","Medical Kit","Happy Flower","War Paint","Ancient Tea Set","Fusion Hammer","Akabeko","Strawberry","Whetstone","Incense Burner","Kunai","Magic Flower","Astrolabe","Bottled Lightning","Toxic Egg 2","Sundial","Juzu Bracelet","Lantern"],"acts_visited":["Exordium","TheCity","TheBeyond","TheEnding"],"potions_floor_usage":[55,55],"damage_taken":[{"damage":17.0,"enemies":"Cultist","floor":1.0,"turns":5.0},{"damage":4.0,"enemies":"2 Louse","floor":2.0,"turns":4.0},{"damage":34.0,"enemies":"Gremlin Nob","floor":6.0,"turns":4.0},{"damage":11.0,"enemies":"Jaw Worm","floor":7.0,"turns":4.0},{"damage":3.0,"enemies":"3 Louse","floor":11.0,"turns":4.0},{"damage":4.0,"enemies":"Looter","floor":13.0,"turns":3.0},{"damage":2.0,"enemies":"Lagavulin","floor":14.0,"turns":7.0},{"damage":30.0,"enemies":"Hexaghost","floor":16.0,"turns":10.0},{"damage":12.0,"enemies":"Spheric Guardian","floor":18.0,"turns":4.0},{"damage":13.0,"enemies":"2 Thieves","floor":19.0,"turns":3.0},{"damage":24.0,"enemies":"3 Cultists","floor":22.0,"turns":5.0},{"damage":21.0,"enemies":"Slavers","floor":23.0,"turns":6.0},{"damage":15.0,"enemies":"Colosseum Slavers","floor":27.0,"turns":2.0},{"damage":14.0,"enemies":"Colosseum Nobs","floor":27.0,"turns":3.0},{"damage":24.0,"enemies":"Centurion and Healer","floor":28.0,"turns":10.0},{"damage":37.0,"enemies":"Gremlin Leader","floor":31.0,"turns":9.0},{"damage":31.0,"enemies":"Collector","floor":33.0,"turns":6.0},{"damage":60.0,"enemies":"3 Darklings","floor":35.0,"turns":6.0},{"damage":38.0,"enemies":"Orb Walker","floor":39.0,"turns":9.0},{"damage":27.0,"enemies":"Reptomancer","floor":40.0,"turns":10.0},{"damage":73.0,"enemies":"Giant Head","floor":42.0,"turns":10.0},{"damage":20.0,"enemies":"3 Darklings","floor":44.0,"turns":5.0},{"damage":61.0,"enemies":"Jaw Worm Horde","floor":45.0,"turns":7.0},{"damage":22.0,"enemies":"Nemesis","floor":47.0,"turns":11.0},{"damage":27.0,"enemies":"Spire Growth","floor":48.0,"turns":7.0},{"damage":75.0,"enemies":"Time Eater","floor":50.0,"turns":10.0},{"damage":94.0,"enemies":"Shield and Spear","floor":54.0,"turns":12.0},{"damage":67,"enemies":"The Heart","floor":55,"turns":8}],"seed_played":"360681666956534348","potions_obtained":[{"floor":1.0,"key":"Block Potion"},{"floor":4.0,"key":"Fruit Juice"},{"floor":4.0,"key":"BloodPotion"},{"floor":4.0,"key":"AttackPotion"},{"floor":16.0,"key":"Weak Potion"},{"floor":23.0,"key":"BlessingOfTheForge"},{"floor":27.0,"key":"DuplicationPotion"}],"is_trial":false,"path_per_floor":["M","M","?","?","$","E","M","R","T","R","M","?","M","E","R","B",null,"M","M","?","$","M","E","R","?","T","?","M","R","?","E","R","B",null,"M","?","$","?","M","E","?","E","T","M","M","R","E","M","R","B",null,"R","$","E","B",null],"character_chosen":"IRONCLAD","items_purchased":["Rupture","Pummel","True Grit","Medical Kit","Limit Break","Akabeko","Feel No Pain","Bottled Lightning","Shrug It Off+1","CultistPotion","PowerPotion"],"campfire_rested":5,"item_purchase_floors":[5,5,5,5,21,21,37,37,53,53,53],"current_hp_per_floor":[61,63,52,74,74,46,41,41,41,41,44,27,29,33,33,9,66,60,53,53,53,67,70,92,92,92,77,83,83,83,74,92,92,92,92,92,92,82,61,92,92,92,92,92,92,92,81,87,92,92,92,92,92,92,92],"gold":79,"neow_bonus":"TWO_FIFTY_GOLD","is_daily":false,"chose_seed":false,"campfire_upgraded":3,"win_rate":0.0,"timestamp":1608741799,"path_taken":["M","M","?","?","$","E","M","R","T","R","?","?","M","E","R","BOSS","M","M","?","$","M","E","R","?","T","?","M","R","?","E","R","BOSS","M","?","$","?","M","E","?","E","T","M","M","R","E","M","R","BOSS","R","$","E","BOSS"],"items_purchased_type":["Card","Card","Card","Relic","Card","Relic","Card","Relic","Card","Potion","Potion"],"build_version":"2020-12-22","purchased_purges":2,"victory":true,"max_hp_per_floor":[80,80,80,85,85,85,85,85,85,85,85,85,85,85,85,85,85,85,85,85,85,85,92,92,92,92,92,92,92,92,92,92,92,92,92,92,92,92,92,92,92,92,92,92,92,92,92,92,92,92,92,92,92,92,92],"relic_stats":{"Happy Flower":[57],"counters":[28,184],"Sundial":[8],"Astrolabe":["Pummel","Armaments","Sever Soul"],"Magic Flower":[88],"Juzu Bracelet":0,"Whetstone":["Strike_R","Reaper"],"Kunai":[12],"War Paint":["Defend_R","Defend_R"],"Medical Kit":[26],"obtain_stats":[{"Lantern":54,"Happy Flower":6,"Astrolabe":34,"Magic Flower":31,"Incense Burner":27,"Juzu Bracelet":47,"Whetstone":26,"War Paint":9,"Medical Kit":5,"Ancient Tea Set":14,"Burning Blood":0,"Akabeko":21,"Sundial":42,"Strawberry":23,"Fusion Hammer":17,"Kunai":27,"Bottled Lightning":37,"Toxic Egg 2":40},{"Lantern":27,"Happy Flower":3,"Astrolabe":17,"Magic Flower":16,"Incense Burner":14,"Juzu Bracelet":24,"Whetstone":12,"War Paint":4,"Medical Kit":2,"Ancient Tea Set":7,"Burning Blood":0,"Akabeko":10,"Sundial":21,"Strawberry":12,"Fusion Hammer":8,"Kunai":14,"Bottled Lightning":18,"Toxic Egg 2":20},{"Lantern":176,"Happy Flower":13,"Astrolabe":89,"Magic Flower":83,"Incense Burner":64,"Juzu Bracelet":147,"Whetstone":59,"War Paint":17,"Medical Kit":9,"Ancient Tea Set":31,"Burning Blood":0,"Akabeko":48,"Sundial":124,"Strawberry":59,"Fusion Hammer":41,"Kunai":64,"Bottled Lightning":95,"Toxic Egg 2":114}],"Burning Blood":133},"card_choices":[{"not_picked":["Havoc","Burning Pact"],"picked":"Flame Barrier","floor":1.0},{"not_picked":["Clash","Flex"],"picked":"Hemokinesis","floor":2.0},{"not_picked":["Iron Wave","Wild Strike"],"picked":"Whirlwind","floor":6.0},{"not_picked":["Clothesline","Armaments"],"picked":"Anger","floor":7.0},{"not_picked":["Clothesline","Flex"],"picked":"Heavy Blade","floor":11.0},{"not_picked":["Carnage","Anger"],"picked":"Sword Boomerang","floor":13.0},{"not_picked":["Wild Strike","Reckless Charge"],"picked":"Spot Weakness","floor":14.0},{"not_picked":["Bludgeon","Berserk"],"picked":"Exhume","floor":16.0},{"not_picked":["Whirlwind","Havoc"],"picked":"Headbutt+1","floor":18.0},{"not_picked":["Cleave+1","Headbutt"],"picked":"Burning Pact","floor":19.0},{"not_picked":["Perfected Strike+1","Fire Breathing","Cleave"],"picked":"SKIP","floor":22.0},{"not_picked":["Sentinel","Pommel Strike"],"picked":"Shockwave+1","floor":23.0},{"not_picked":["Double Tap","Sword Boomerang"],"picked":"Combust","floor":27.0},{"not_picked":["Perfected Strike","Evolve"],"picked":"Shrug It Off","floor":28.0},{"not_picked":["Reckless Charge","Bloodletting","Power Through"],"picked":"SKIP","floor":31.0},{"not_picked":["Immolate","Offering"],"picked":"Corruption","floor":33.0},{"not_picked":["Twin Strike+1","Sever Soul+1"],"picked":"Shockwave+1","floor":35.0},{"not_picked":["The Bomb","Impatience"],"picked":"Dark Shackles","floor":38.0},{"not_picked":["Shockwave+1","Carnage+1","Flex"],"picked":"SKIP","floor":39.0},{"not_picked":["Intimidate+1","Twin Strike"],"picked":"Limit Break+1","floor":40.0},{"not_picked":["Cleave","Reaper"],"picked":"Feel No Pain","floor":42.0},{"not_picked":["Flex+1","Clash+1"],"picked":"Battle Trance+1","floor":44.0},{"not_picked":["Havoc+1","Carnage","Anger"],"picked":"SKIP","floor":45.0},{"not_picked":["Body Slam+1","Rampage","Clash"],"picked":"SKIP","floor":47.0},{"not_picked":["Infernal Blade+1","Thunderclap"],"picked":"Dark Embrace","floor":48.0},{"not_picked":["Armaments+1","Pommel Strike"],"picked":"Evolve+1","floor":54.0}],"player_experience":235985,"relics_obtained":[{"floor":6.0,"key":"Happy Flower"},{"floor":9.0,"key":"War Paint"},{"floor":14.0,"key":"Ancient Tea Set"},{"floor":23.0,"key":"Strawberry"},{"floor":26.0,"key":"Whetstone"},{"floor":27.0,"key":"Incense Burner"},{"floor":27.0,"key":"Kunai"},{"floor":31.0,"key":"Magic Flower"},{"floor":40.0,"key":"Toxic Egg 2"},{"floor":42.0,"key":"Sundial"},{"floor":47.0,"key":"Juzu Bracelet"},{"floor":54.0,"key":"Lantern"}],"event_choices":[{"damage_healed":0.0,"max_hp_gain":0.0,"max_hp_loss":0.0,"gold_gain":75.0,"event_name":"World of Goop","player_choice":"Gather Gold","floor":3.0,"gold_loss":0.0,"damage_taken":11.0},{"damage_healed":0.0,"max_hp_gain":0.0,"max_hp_loss":0.0,"gold_gain":0.0,"event_name":"Lab","player_choice":"Got Potions","floor":4.0,"gold_loss":0.0,"damage_taken":0.0},{"damage_healed":0.0,"max_hp_gain":0.0,"max_hp_loss":0.0,"gold_gain":0.0,"event_name":"Shining Light","player_choice":"Entered Light","floor":12.0,"gold_loss":0.0,"damage_taken":17.0,"cards_upgraded":["Anger","Strike_R"]},{"damage_healed":0.0,"max_hp_gain":0.0,"max_hp_loss":0.0,"gold_gain":0.0,"event_name":"The Library","player_choice":"Read","floor":20.0,"gold_loss":0.0,"damage_taken":0.0,"cards_obtained":["Reaper"]},{"damage_healed":0.0,"max_hp_gain":0.0,"max_hp_loss":0.0,"gold_gain":99.0,"event_name":"Nest","player_choice":"Stole From Cult","floor":25.0,"gold_loss":0.0,"damage_taken":0.0},{"damage_healed":0.0,"max_hp_gain":0.0,"max_hp_loss":0.0,"gold_gain":0.0,"event_name":"Colosseum","player_choice":"Fight","floor":27.0,"gold_loss":0.0,"damage_taken":0.0},{"damage_healed":0.0,"max_hp_gain":0.0,"max_hp_loss":0.0,"gold_gain":0.0,"event_name":"Colosseum","player_choice":"Fought Nobs","floor":27.0,"gold_loss":0.0,"damage_taken":0.0},{"damage_healed":0.0,"max_hp_gain":0.0,"max_hp_loss":0.0,"gold_gain":0.0,"event_name":"The Woman in Blue","player_choice":"Bought 1 Potion","floor":30.0,"gold_loss":0.0,"damage_taken":0.0},{"damage_healed":0.0,"max_hp_gain":0.0,"max_hp_loss":0.0,"gold_gain":0.0,"event_name":"Tomb of Lord Red Mask","player_choice":"Ignored","floor":36.0,"gold_loss":0.0,"damage_taken":0.0},{"damage_healed":0.0,"max_hp_gain":0.0,"max_hp_loss":0.0,"gold_gain":0.0,"event_name":"SensoryStone","player_choice":"Memory 3","floor":38.0,"gold_loss":0.0,"damage_taken":10.0},{"cards_removed":["Whirlwind"],"damage_healed":0.0,"max_hp_gain":0.0,"max_hp_loss":0.0,"gold_gain":0.0,"event_name":"Falling","player_choice":"Removed Attack","floor":41.0,"gold_loss":0.0,"damage_taken":0.0}],"is_beta":false,"boss_relics":[{"not_picked":["Black Blood","Empty Cage"],"picked":"Fusion Hammer"},{"not_picked":["Runic Dome","Black Star"],"picked":"Astrolabe"}],"items_purged_floors":[5,37],"is_endless":false,"potions_floor_spawned":[1,7,11,16,23,27,27,28,35,44,47,54],"ascension_level":11}}