{"host":"krw8blyxua7at9ak","time":1608735774,"event":{"mods":["BaseMod","Highlight Path","Minty Spire (QoL Compilation)","ojb\u0027s Info Mod"],"gold_per_floor":[209,209,38,50,125,156,156,166,166,195,195,22,32,32,32,106,106,123,142,142,142,154,180,180,196,219,219,219,249,277,302,314,403,415,443,231,247,272,272,307,307,0,0,31,31,46,78,88,88,88,88],"floor_reached":50,"playtime":3770,"items_purged":[],"score":1206,"play_id":"c85e53b2-c8c9-4b54-b455-277d5cea1a8e","local_time":"20201223160254","is_ascension_mode":true,"campfire_choices":[{"floor":7,"key":"REST"},{"data":"Footwork","floor":15,"key":"SMITH"},{"floor":24,"key":"REST"},{"floor":28,"key":"REST"},{"floor":32,"key":"REST"},{"floor":41,"key":"RECALL"},{"floor":49,"key":"REST"}],"circlet_count":0,"master_deck":["AscendersBane","Strike_G+1","Strike_G+1","Strike_G+1","Strike_G+1","Strike_G+1","Defend_G+1","Defend_G+1","Defend_G+1","Defend_G+1","Defend_G+1","Survivor","Neutralize","Predator","Noxious Fumes","Footwork+1","Calculated Gamble","Dodge and Roll","Tools of the Trade","Night Terror","Noxious Fumes","Cloak And Dagger","Bullet Time","Cloak And Dagger+1","Blur+1","PiercingWail","Leg Sweep","Burst","Backflip","Backflip+1","Acrobatics+1","Deflect+1"],"relics":["Ring of the Snake","Blood Vial","Orrery","Ginger","StrikeDummy","Anchor","TwistedFunnel","Fusion Hammer","Art of War","MealTicket","MawBank","Philosopher\u0027s Stone","ClockworkSouvenir","Gambling Chip","Bag of Marbles","Red Mask","Pen Nib","Bag of Preparation"],"acts_visited":["Exordium","TheCity","TheBeyond"],"potions_floor_usage":[6,10,16,22,23,33,40,50],"damage_taken":[{"damage":3,"enemies":"Small Slimes","floor":1,"turns":5},{"damage":3,"enemies":"Jaw Worm","floor":4,"turns":4},{"damage":10,"enemies":"Lagavulin","floor":6,"turns":10},{"damage":0,"enemies":"Cultist","floor":8,"turns":5},{"damage":39,"enemies":"Gremlin Nob","floor":10,"turns":5},{"damage":0,"enemies":"3 Louse","floor":13,"turns":2},{"damage":16,"enemies":"The Guardian","floor":16,"turns":10},{"damage":10,"enemies":"Shell Parasite","floor":18,"turns":5},{"damage":21,"enemies":"Spheric Guardian","floor":19,"turns":6},{"damage":9,"enemies":"Shelled Parasite and Fungi","floor":22,"turns":8},{"damage":32,"enemies":"Gremlin Leader","floor":23,"turns":6},{"damage":18,"enemies":"Snake Plant","floor":25,"turns":4},{"damage":34,"enemies":"Slavers","floor":29,"turns":9},{"damage":15,"enemies":"Sentry and Sphere","floor":30,"turns":8},{"damage":3,"enemies":"Centurion and Healer","floor":31,"turns":9},{"damage":13,"enemies":"Champ","floor":33,"turns":17},{"damage":25,"enemies":"3 Darklings","floor":35,"turns":8},{"damage":0,"enemies":"3 Shapes","floor":37,"turns":5},{"damage":0,"enemies":"Mind Bloom Boss Battle","floor":38,"turns":9},{"damage":7,"enemies":"Nemesis","floor":40,"turns":11},{"damage":51,"enemies":"Giant Head","floor":44,"turns":12},{"damage":43,"enemies":"Transient","floor":46,"turns":6},{"damage":0,"enemies":"Nemesis","floor":47,"turns":15},{"damage":0,"enemies":"Writhing Mass","floor":48,"turns":7},{"damage":51,"enemies":"Time Eater","floor":50,"turns":18}],"seed_played":"-3540847231617131162","potions_obtained":[{"floor":4,"key":"Explosive Potion"},{"floor":6,"key":"SpeedPotion"},{"floor":13,"key":"LiquidMemories"},{"floor":18,"key":"Fruit Juice"},{"floor":19,"key":"AttackPotion"},{"floor":22,"key":"FearPotion"},{"floor":30,"key":"ColorlessPotion"},{"floor":33,"key":"Poison Potion"},{"floor":35,"key":"EssenceOfSteel"},{"floor":46,"key":"Block Potion"},{"floor":47,"key":"Poison Potion"}],"is_trial":false,"path_per_floor":["M","?","$","M","?","E","R","M","T","E","?","$","M","?","R","B",null,"M","M","?","?","M","E","R","M","T","?","R","E","M","M","R","B",null,"M","$","M","?","?","E","R","?","T","E","?","M","E","M","R","B"],"character_chosen":"THE_SILENT","items_purchased":["Orrery","TwistedFunnel","ClockworkSouvenir","SpeedPotion"],"campfire_rested":5,"item_purchase_floors":[3,12,36,36],"current_hp_per_floor":[56,38,38,37,26,18,37,39,39,2,2,2,4,26,26,12,53,45,26,26,66,62,32,53,37,37,37,58,26,13,12,33,22,59,36,51,53,55,55,50,50,50,50,1,58,15,17,19,36,0,0],"gold":88,"neow_bonus":"HUNDRED_GOLD","is_daily":false,"chose_seed":false,"campfire_upgraded":1,"win_rate":0.0,"timestamp":1608735774,"path_taken":["M","?","$","M","?","E","R","M","T","E","?","$","?","?","R","BOSS","M","M","?","?","M","E","R","?","T","?","R","E","M","M","R","BOSS","M","$","M","?","?","E","R","?","T","E","?","M","E","M","R","BOSS"],"items_purchased_type":["Relic","Relic","Relic","Potion"],"build_version":"2020-12-22","purchased_purges":0,"victory":false,"max_hp_per_floor":[66,66,66,66,66,66,66,66,66,66,66,66,66,66,66,66,66,66,66,66,66,71,71,71,71,71,71,71,71,71,71,71,71,71,71,71,71,71,71,71,71,71,71,71,58,58,58,58,58,58,58],"card_choices":[{"not_picked":["Bane","Dagger Throw"],"picked":"Skewer","floor":1},{"not_picked":["Outmaneuver","Sucker Punch"],"picked":"Predator","floor":3},{"not_picked":["PiercingWail","Backflip"],"picked":"Noxious Fumes","floor":3},{"not_picked":["Cloak And Dagger","Bane"],"picked":"Footwork","floor":3},{"not_picked":["Tactician","Skewer"],"picked":"Calculated Gamble","floor":3},{"not_picked":["Skewer","Choke"],"picked":"Dodge and Roll","floor":3},{"not_picked":["Predator","Cloak And Dagger"],"picked":"Tools of the Trade","floor":4},{"not_picked":["Eviscerate","Prepared"],"picked":"Night Terror","floor":6},{"not_picked":["Masterful Stab","Prepared"],"picked":"Noxious Fumes","floor":8},{"not_picked":["Eviscerate","PiercingWail"],"picked":"Backstab","floor":10},{"not_picked":["Blade Dance","Poisoned Stab"],"picked":"Cloak And Dagger","floor":13},{"not_picked":["Phantasmal Killer","Doppelganger"],"picked":"Bullet Time","floor":16},{"not_picked":["Backflip","Deflect"],"picked":"Cloak And Dagger+1","floor":18},{"not_picked":["Quick Slash+1","Sucker Punch"],"picked":"Blur+1","floor":19},{"not_picked":["Envenom","Caltrops+1","All Out Attack"],"picked":"SKIP","floor":22},{"not_picked":["Underhanded Strike","Caltrops","Quick Slash"],"picked":"SKIP","floor":23},{"not_picked":["Terror","Bane+1"],"picked":"PiercingWail","floor":25},{"not_picked":["Calculated Gamble","Slice","Quick Slash"],"picked":"SKIP","floor":29},{"not_picked":["Outmaneuver","Quick Slash","Dash"],"picked":"SKIP","floor":30},{"not_picked":["Prepared","Poisoned Stab","Bane"],"picked":"SKIP","floor":31},{"not_picked":["Glass Knife","Storm of Steel"],"picked":"Burst","floor":33},{"not_picked":["Slice","Flying Knee","Outmaneuver+1"],"picked":"SKIP","floor":35},{"not_picked":["Cloak And Dagger+1","Prepared","Finisher"],"picked":"SKIP","floor":37},{"not_picked":["Quick Slash","Slice+1","Terror"],"picked":"SKIP","floor":40},{"not_picked":["Cloak And Dagger","Glass Knife"],"picked":"Backflip","floor":44},{"not_picked":["Outmaneuver","Slice"],"picked":"Backflip+1","floor":46},{"not_picked":["Prepared","Tactician"],"picked":"Acrobatics+1","floor":47},{"not_picked":["Acrobatics","Crippling Poison"],"picked":"Deflect+1","floor":48}],"player_experience":344978,"relics_obtained":[{"floor":6,"key":"Ginger"},{"floor":9,"key":"StrikeDummy"},{"floor":10,"key":"Anchor"},{"floor":23,"key":"Art of War"},{"floor":26,"key":"MealTicket"},{"floor":29,"key":"MawBank"},{"floor":38,"key":"Gambling Chip"},{"floor":40,"key":"Bag of Marbles"},{"floor":44,"key":"Pen Nib"},{"floor":47,"key":"Bag of Preparation"}],"event_choices":[{"damage_healed":0,"gold_gain":0,"player_choice":"Success","damage_taken":18,"relics_obtained":["Blood Vial"],"max_hp_gain":0,"max_hp_loss":0,"event_name":"Scrap Ooze","floor":2,"gold_loss":0},{"damage_healed":0,"gold_gain":75,"player_choice":"Gather Gold","damage_taken":11,"max_hp_gain":0,"max_hp_loss":0,"event_name":"World of Goop","floor":5,"gold_loss":0},{"damage_healed":0,"gold_gain":0,"player_choice":"Ignored","damage_taken":0,"max_hp_gain":0,"max_hp_loss":0,"event_name":"Shining Light","floor":11,"gold_loss":0},{"damage_healed":22,"gold_gain":0,"player_choice":"Banana","damage_taken":0,"max_hp_gain":0,"max_hp_loss":0,"event_name":"Big Fish","floor":14,"gold_loss":0},{"damage_healed":0,"gold_gain":0,"player_choice":"Simplicity","damage_taken":0,"max_hp_gain":0,"max_hp_loss":0,"event_name":"Back to Basics","floor":20,"gold_loss":0,"cards_upgraded":["Strike_G","Strike_G","Strike_G","Strike_G","Strike_G","Defend_G","Defend_G","Defend_G","Defend_G","Defend_G"]},{"cards_removed":["Skewer"],"damage_healed":40,"gold_gain":0,"player_choice":"Offered Uncommon","damage_taken":0,"max_hp_gain":0,"max_hp_loss":0,"event_name":"Bonfire Elementals","floor":21,"gold_loss":0},{"damage_healed":0,"gold_gain":0,"player_choice":"Read","damage_taken":0,"max_hp_gain":0,"max_hp_loss":0,"event_name":"The Library","floor":27,"gold_loss":0,"cards_obtained":["Leg Sweep"]},{"damage_healed":0,"gold_gain":0,"player_choice":"Fight","damage_taken":0,"max_hp_gain":0,"max_hp_loss":0,"event_name":"MindBloom","floor":38,"gold_loss":0},{"cards_removed":["Backstab"],"damage_healed":0,"gold_gain":0,"player_choice":"Removed Attack","damage_taken":0,"max_hp_gain":0,"max_hp_loss":0,"event_name":"Falling","floor":39,"gold_loss":0},{"damage_healed":0,"gold_gain":0,"player_choice":"Paid","damage_taken":0,"relics_obtained":["Red Mask"],"max_hp_gain":0,"max_hp_loss":0,"event_name":"Tomb of Lord Red Mask","floor":42,"gold_loss":307},{"damage_healed":58,"gold_gain":0,"player_choice":"Heal","damage_taken":0,"max_hp_gain":0,"max_hp_loss":13,"event_name":"The Moai Head","floor":45,"gold_loss":0}],"is_beta":false,"boss_relics":[{"not_picked":["SacredBark","Ectoplasm"],"picked":"Fusion Hammer"},{"not_picked":["Velvet Choker","Calling Bell"],"picked":"Philosopher\u0027s Stone"}],"items_purged_floors":[],"is_endless":false,"potions_floor_spawned":[4,6,13,18,19,22,30,33,35,37,46,47],"killed_by":"Time Eater","ascension_level":20}}