{"host":"baymyijz6sxaqj5s","time":1608720869,"event":{"mods":["AchievementEnabler","BaseMod","Colored Map","Colored Powertips","DeckTracker","KOR Keyword Fix","Keyboard Shortcuts","Minty Spire (QoL Compilation)","Quick Restart","StSLib","SuperFastMode"],"gold_per_floor":[111,111,111,121,137,137,150,100,100,100,84,98,98,109,109,212,212,231,221,240,250,349,349,349,365,411,423,348,348,348,348],"floor_reached":30,"playtime":991,"items_purged":[],"score":226,"play_id":"b9d3db4d-910c-4830-8551-036279a27da2","local_time":"20201223195429","is_ascension_mode":false,"campfire_choices":[{"data":"Power Through","floor":6,"key":"SMITH"},{"data":"Shrug It Off","floor":10,"key":"SMITH"},{"data":"Body Slam","floor":13,"key":"SMITH"},{"data":"Armaments","floor":15,"key":"SMITH"},{"floor":23,"key":"REST"},{"floor":29,"key":"REST"}],"circlet_count":0,"master_deck":["Strike_R","Strike_R","Strike_R","Strike_R","Defend_R","Defend_R","Defend_R+1","Defend_R+1","Bash","Shrug It Off+1","Power Through+1","Shrug It Off+1","Armaments+1","Body Slam+1","Cleave","Demon Form","Ghostly Armor","Bloodletting","Thunderclap","Heavy Blade+1","Flame Barrier"],"relics":["Burning Blood","Juzu Bracelet","SacredBark","MutagenicStrength","Pen Nib"],"acts_visited":["Exordium","TheCity"],"potions_floor_usage":[16,16,16,20,27,30],"damage_taken":[{"damage":9,"enemies":"Small Slimes","floor":1,"turns":4},{"damage":3,"enemies":"Jaw Worm","floor":4,"turns":5},{"damage":0,"enemies":"2 Louse","floor":5,"turns":3},{"damage":2,"enemies":"Exordium Wildlife","floor":7,"turns":3},{"damage":0,"enemies":"Exordium Thugs","floor":11,"turns":7},{"damage":2,"enemies":"Large Slime","floor":12,"turns":11},{"damage":0,"enemies":"Exordium Wildlife","floor":14,"turns":3},{"damage":3,"enemies":"Slime Boss","floor":16,"turns":10},{"damage":13,"enemies":"Shell Parasite","floor":18,"turns":10},{"damage":32,"enemies":"2 Thieves","floor":19,"turns":4},{"damage":11,"enemies":"Snecko","floor":20,"turns":7},{"damage":9,"enemies":"Snake Plant","floor":21,"turns":7},{"damage":47,"enemies":"Sentry and Sphere","floor":25,"turns":8},{"damage":10,"enemies":"Shelled Parasite and Fungi","floor":27,"turns":6},{"damage":57,"enemies":"Cultist and Chosen","floor":30,"turns":10}],"seed_played":"664284364655718902","potions_obtained":[{"floor":5,"key":"Dexterity Potion"},{"floor":12,"key":"CultistPotion"},{"floor":14,"key":"ColorlessPotion"},{"floor":16,"key":"GamblersBrew"},{"floor":21,"key":"BlessingOfTheForge"},{"floor":25,"key":"DistilledChaos"},{"floor":27,"key":"Explosive Potion"}],"is_trial":false,"path_per_floor":["M","?","?","M","M","R","M","?","T","R","M","M","R","M","R","B",null,"M","M","M","M","?","R","?","M","T","M","$","R","M"],"character_chosen":"IRONCLAD","items_purchased":["Flame Barrier"],"campfire_rested":2,"item_purchase_floors":[28],"current_hp_per_floor":[85,67,67,70,76,76,80,80,80,80,86,88,88,88,88,88,88,81,55,50,47,47,73,73,32,32,28,28,54,0,0],"gold":348,"neow_bonus":"TEN_PERCENT_HP_BONUS","is_daily":false,"chose_seed":false,"campfire_upgraded":4,"win_rate":0.0,"timestamp":1608720869,"path_taken":["M","?","?","M","M","R","M","?","T","R","M","M","R","M","R","BOSS","M","M","M","M","?","R","?","M","T","M","?","R","M"],"items_purchased_type":["Card"],"build_version":"2020-12-22","purchased_purges":0,"victory":false,"max_hp_per_floor":[88,88,88,88,88,88,88,88,88,88,88,88,88,88,88,88,88,88,88,88,88,88,88,88,88,88,88,88,88,88,88],"card_choices":[{"not_picked":["Havoc","Blood for Blood"],"picked":"Shrug It Off","floor":1},{"not_picked":["Uppercut","Thunderclap","Rampage"],"picked":"SKIP","floor":4},{"not_picked":["Perfected Strike","Clash"],"picked":"Power Through","floor":5},{"not_picked":["Sword Boomerang","Metallicize"],"picked":"Shrug It Off","floor":7},{"not_picked":["Twin Strike","Searing Blow"],"picked":"Armaments","floor":11},{"not_picked":["Cleave","Uppercut"],"picked":"Body Slam","floor":12},{"not_picked":["Immolate","Rampage"],"picked":"Cleave","floor":14},{"not_picked":["Reaper","Brutality"],"picked":"Demon Form","floor":16},{"not_picked":["Havoc","Power Through"],"picked":"Ghostly Armor","floor":18},{"not_picked":["Warcry","Rupture","Havoc"],"picked":"SKIP","floor":19},{"not_picked":["Twin Strike","Rampage+1","Armaments+1"],"picked":"SKIP","floor":20},{"not_picked":["Flex+1","Reckless Charge"],"picked":"Bloodletting","floor":21},{"not_picked":["Feed","Twin Strike"],"picked":"Thunderclap","floor":25},{"not_picked":["Blood for Blood","Anger"],"picked":"Heavy Blade+1","floor":27}],"player_experience":200116,"relics_obtained":[{"floor":9,"key":"Juzu Bracelet"},{"floor":26,"key":"Pen Nib"}],"event_choices":[{"damage_healed":0,"gold_gain":0,"player_choice":"Entered Light","damage_taken":18,"max_hp_gain":0,"max_hp_loss":0,"event_name":"Shining Light","floor":2,"gold_loss":0,"cards_upgraded":["Defend_R","Defend_R"]},{"damage_healed":0,"gold_gain":0,"player_choice":"Grow","damage_taken":0,"max_hp_gain":0,"max_hp_loss":0,"event_name":"Living Wall","floor":3,"gold_loss":0,"cards_upgraded":["Shrug It Off"]},{"cards_removed":["Strike_R"],"damage_healed":0,"gold_gain":0,"player_choice":"Card Removal","damage_taken":0,"max_hp_gain":0,"max_hp_loss":0,"event_name":"The Cleric","floor":8,"gold_loss":50},{"damage_healed":0,"gold_gain":99,"player_choice":"Stole From Cult","damage_taken":0,"max_hp_gain":0,"max_hp_loss":0,"event_name":"Nest","floor":22,"gold_loss":0},{"damage_healed":0,"gold_gain":0,"player_choice":"Inject Mutagens","damage_taken":0,"relics_obtained":["MutagenicStrength"],"max_hp_gain":0,"max_hp_loss":0,"event_name":"Drug Dealer","floor":24,"gold_loss":0}],"is_beta":false,"boss_relics":[{"not_picked":["Philosopher\u0027s Stone","Velvet Choker"],"picked":"SacredBark"}],"items_purged_floors":[],"is_endless":false,"potions_floor_spawned":[5,12,14,16,21,25,27],"killed_by":"Cultist and Chosen","ascension_level":0}}