{"host":"52spii0kb8jjtblu","time":1608766684,"event":{"mods":["Act Like it!","BaseMod","Conspire","Dota2Spire","Elementarium","Gensokyo","Hubris","JesterMod","Jorbs\u0027s Wanderer Trilogy","Luminous","Marisa????????","Menagerie","Minty Spire (QoL Compilation)","Quick Restart","Replay The Spire","Spicy Shops","StSLib","The Animator","The Cursed","TheHeartMod"],"gold_per_floor":[113,113,132,132,132,132,153,153,153,186,32,45,88,107,107,233,233,251,272,272,232,253,253,288,288,288],"floor_reached":25,"playtime":2514,"items_purged":[],"score":231,"play_id":"ab69d455-9875-497f-b6c6-232dc7e6db49","local_time":"20201223183804","is_ascension_mode":false,"campfire_choices":[{"floor":6,"key":"RECALL"},{"data":"jesterMod:Schizophrenia","floor":8,"key":"SMITH"},{"floor":15,"key":"REST"},{"floor":23,"key":"REST"}],"circlet_count":0,"master_deck":["jesterMod:Strike","jesterMod:Strike","jesterMod:Strike","jesterMod:Strike","jesterMod:Sickle","jesterMod:Defend","jesterMod:Defend+1","jesterMod:Defend","jesterMod:Defend","jesterMod:Dodge","jesterMod:Disposophobia+1","jesterMod:OblivionStrike+1","jesterMod:Schizophrenia+1","jesterMod:Hide","Gensokyo:AllTheWorldsEvil","jesterMod:DancingMad","jesterMod:OblivionStrike","jesterMod:Disposophobia","jesterMod:Precipitation","jesterMod:Juggler","jesterMod:Rebuff","jesterMod:Pause","jesterMod:Feint+1","jesterMod:JackInTheBox+1"],"relics":["jesterMod:JesterCap","Golden Idol","Dota2Spire:AghanimScepter","Dota2Spire:LotusOrb","ReplayTheSpireMod:CursedCoin","Eternal Feather","Ancient Tea Set","Dota2Spire:Bloodstone","Shuriken"],"acts_visited":["Exordium","TheCity"],"potions_floor_usage":[13,16,19,22,24,25],"damage_taken":[{"damage":0,"enemies":"Small Slimes","floor":1,"turns":4},{"damage":0,"enemies":"Jaw Worm","floor":3,"turns":4},{"damage":1,"enemies":"conspire:RoseBush","floor":7,"turns":3},{"damage":8,"enemies":"Gremlin Nob","floor":10,"turns":5},{"damage":15,"enemies":"Red Slaver","floor":12,"turns":4},{"damage":12,"enemies":"Replay:BlueRogue","floor":13,"turns":7},{"damage":20,"enemies":"Exordium Thugs","floor":14,"turns":4},{"damage":22,"enemies":"The Guardian","floor":16,"turns":19},{"damage":11,"enemies":"Chosen","floor":18,"turns":5},{"damage":35,"enemies":"conspire:FuzzyDice","floor":19,"turns":5},{"damage":2,"enemies":"Sentry and Sphere","floor":22,"turns":3},{"damage":31,"enemies":"Book of Stabbing","floor":24,"turns":4},{"damage":35,"enemies":"3 Cultists","floor":25,"turns":4}],"seed_played":"-7031389187391746963","potions_obtained":[{"floor":3,"key":"GamblersBrew"},{"floor":10,"key":"Elixir"},{"floor":12,"key":"DuplicationPotion"},{"floor":14,"key":"SkillPotion"},{"floor":22,"key":"FearPotion"},{"floor":24,"key":"Milkshake"}],"is_trial":false,"path_per_floor":["M","?","M","?","?","R","M","R","T","E","$","M","E","M","R","B",null,"M","M","?","?","M","R","E","M"],"character_chosen":"THE_JESTER","items_purchased":["ReplayTheSpireMod:CursedCoin","Eternal Feather","jesterMod:DancingMad"],"campfire_rested":2,"item_purchase_floors":[11,11,11],"current_hp_per_floor":[77,77,77,58,58,58,57,57,57,49,49,34,22,2,34,12,77,66,31,31,31,29,64,33,0,0],"gold":288,"neow_bonus":"TEN_PERCENT_HP_BONUS","is_daily":false,"chose_seed":false,"campfire_upgraded":1,"win_rate":0.0,"timestamp":1608766684,"path_taken":["M","?","M","?","?","R","M","R","T","E","$","M","E","M","R","BOSS","M","M","?","?","?","R","E","M"],"items_purchased_type":["Relic","Relic","Card"],"build_version":"2020-12-22","purchased_purges":0,"victory":false,"max_hp_per_floor":[77,77,77,77,77,77,77,77,77,77,77,77,77,77,77,77,77,77,77,77,77,77,77,77,77,77],"card_choices":[{"not_picked":["jesterMod:Hide","jesterMod:Feint"],"picked":"jesterMod:Disposophobia","floor":1},{"not_picked":["jesterMod:Rebuff","jesterMod:Flee"],"picked":"jesterMod:OblivionStrike","floor":3},{"not_picked":["jesterMod:SelfMockery","jesterMod:HitAndRun"],"picked":"jesterMod:Schizophrenia","floor":7},{"not_picked":["jesterMod:Twirl","jesterMod:JackInTheBox"],"picked":"jesterMod:Hide","floor":10},{"not_picked":["jesterMod:DaggerRain","jesterMod:Disposophobia"],"picked":"jesterMod:OblivionStrike","floor":12},{"not_picked":["jesterMod:QuickStrike","jesterMod:Hide"],"picked":"jesterMod:Disposophobia","floor":13},{"not_picked":["jesterMod:QuickStrike","jesterMod:Disposophobia"],"picked":"jesterMod:Precipitation","floor":14},{"not_picked":["jesterMod:Drunkenness","jesterMod:ButterflyDance"],"picked":"jesterMod:Juggler","floor":16},{"not_picked":["jesterMod:Tinker","jesterMod:QuickStrike"],"picked":"jesterMod:Rebuff","floor":18},{"not_picked":["jesterMod:ButterKnife","jesterMod:QuickStrike"],"picked":"jesterMod:Pause","floor":19},{"not_picked":["jesterMod:Contradiction","jesterMod:Prankster"],"picked":"jesterMod:Feint+1","floor":22},{"not_picked":["jesterMod:BouncingKnife","jesterMod:SelfMockery"],"picked":"jesterMod:JackInTheBox+1","floor":24}],"player_experience":254254,"relics_obtained":[{"floor":9,"key":"Dota2Spire:AghanimScepter"},{"floor":10,"key":"Dota2Spire:LotusOrb"},{"floor":13,"key":"Ancient Tea Set"},{"floor":24,"key":"Shuriken"}],"event_choices":[{"damage_healed":0,"gold_gain":0,"player_choice":"Leave","damage_taken":0,"max_hp_gain":0,"max_hp_loss":0,"event_name":"The Cleric","floor":2,"gold_loss":0},{"damage_healed":0,"gold_gain":0,"player_choice":"Take Damage","damage_taken":19,"relics_obtained":["Golden Idol"],"max_hp_gain":0,"max_hp_loss":0,"event_name":"Golden Idol","floor":4,"gold_loss":0},{"damage_healed":0,"gold_gain":0,"player_choice":"Ignored","damage_taken":0,"max_hp_gain":0,"max_hp_loss":0,"event_name":"Vampires","floor":20,"gold_loss":0},{"damage_healed":0,"gold_gain":0,"player_choice":"Upgraded Two","damage_taken":0,"max_hp_gain":0,"max_hp_loss":0,"event_name":"Designer","floor":21,"gold_loss":40,"cards_upgraded":["jesterMod:Defend","jesterMod:OblivionStrike"]}],"is_beta":false,"boss_relics":[{"not_picked":["hubris:TerracottaHorce","jesterMod:HauntedLute"],"picked":"Dota2Spire:Bloodstone"}],"items_purged_floors":[],"is_endless":false,"potions_floor_spawned":[3,10,12,14,22,24],"killed_by":"3 Cultists","ascension_level":0}}