{"host":"w5ovz9boloi14a0g","time":1608751512,"event":{"mods":["BaseMod","Googly Eyes","Minty Spire (QoL Compilation)","Replay The Spire","StSLib","SuperFastMode"],"gold_per_floor":[118,182,195,195,209,243,243,95,95,121,121,133,147,127,127,229,229,247,260,175,175,175,175,201,201,201,226,242,260,295,315,315,412,412,427,447,460,475,395,422,422,452,452,472,491,501,513,526,526,526],"floor_reached":51,"playtime":2250,"items_purged":[],"score":933,"play_id":"052f1d5a-bd12-4cbd-9a0f-ebf4a74e5efe","local_time":"20201223132512","is_ascension_mode":false,"campfire_choices":[{"data":"Survivor","floor":11.0,"key":"SMITH"},{"data":"Acrobatics","floor":15.0,"key":"SMITH"},{"floor":23.0,"key":"REST"},{"floor":32.0,"key":"REST"},{"floor":41.0,"key":"REST"},{"floor":49.0,"key":"DIG"}],"circlet_count":0,"master_deck":["Strike_G","Strike_G","Strike_G","Strike_G","Strike_G","Defend_G+1","Defend_G+1","Defend_G+1","Defend_G+1","Defend_G+1","Survivor+1","Neutralize","Underhanded Strike","Acrobatics+1","Backstab","Tactician","Deflect+1","ReplayTheSpireMod:From All Sides+1","Leg Sweep+1","Dagger Spray+1","CurseOfTheBell","Dodge and Roll+1","ReplayTheSpireMod:Speed Training+1","Prepared+1"],"relics":["Ring of the Snake","ReplayTheSpireMod:TigerMarble","Divine Protection","Mercury Hourglass","Toxic Egg 2","HandDrill","Golden Egg","Ancient Tea Set","Fusion Hammer","CaptainsWheel","HornCleat","Bottled Lightning","Kunai","Garlic","Replay:Bottled Eggs","Calling Bell","Bag of Preparation","Eternal Feather","Pocketwatch","Singing Bowl","Replay:Bottled Snecko","Pondfish Scales","Unceasing Top","Replay:Mystery Machine"],"acts_visited":["Exordium","TheCity","TheBeyond"],"potions_floor_usage":[50,50],"damage_taken":[{"damage":6.0,"enemies":"Jaw Worm","floor":1.0,"turns":5.0},{"damage":0.0,"enemies":"Small Slimes","floor":3.0,"turns":3.0},{"damage":0.0,"enemies":"2 Louse","floor":5.0,"turns":3.0},{"damage":9.0,"enemies":"Gremlin Nob","floor":6.0,"turns":4.0},{"damage":1.0,"enemies":"3 Sentries","floor":10.0,"turns":3.0},{"damage":0.0,"enemies":"Exordium Wildlife","floor":12.0,"turns":2.0},{"damage":0.0,"enemies":"2 Fungi Beasts","floor":13.0,"turns":4.0},{"damage":45.0,"enemies":"The Guardian","floor":16.0,"turns":22.0},{"damage":0.0,"enemies":"3 Byrds","floor":18.0,"turns":3.0},{"damage":0.0,"enemies":"Chosen","floor":19.0,"turns":5.0},{"damage":7.0,"enemies":"Book of Stabbing","floor":24.0,"turns":7.0},{"damage":0.0,"enemies":"Slavers","floor":27.0,"turns":7.0},{"damage":0.0,"enemies":"Sentry and Sphere","floor":28.0,"turns":4.0},{"damage":0.0,"enemies":"3 Cultists","floor":29.0,"turns":5.0},{"damage":19.0,"enemies":"Gremlin Leader","floor":30.0,"turns":8.0},{"damage":0.0,"enemies":"Centurion and Healer","floor":31.0,"turns":9.0},{"damage":41.0,"enemies":"Champ","floor":33.0,"turns":20.0},{"damage":0.0,"enemies":"Orb Walker","floor":35.0,"turns":4.0},{"damage":0.0,"enemies":"3 Darklings","floor":36.0,"turns":6.0},{"damage":0.0,"enemies":"Spire Growth","floor":37.0,"turns":7.0},{"damage":0.0,"enemies":"Jaw Worm Horde","floor":38.0,"turns":5.0},{"damage":33.0,"enemies":"Nemesis","floor":40.0,"turns":11.0},{"damage":28.0,"enemies":"Reptomancer","floor":42.0,"turns":11.0},{"damage":6.0,"enemies":"Sphere and 2 Shapes","floor":44.0,"turns":13.0},{"damage":0.0,"enemies":"4 Shapes","floor":45.0,"turns":2.0},{"damage":6.0,"enemies":"Transient","floor":46.0,"turns":5.0},{"damage":0.0,"enemies":"3 Darklings","floor":47.0,"turns":10.0},{"damage":0.0,"enemies":"Sphere and 2 Shapes","floor":48.0,"turns":5.0},{"damage":29,"enemies":"Time Eater","floor":50,"turns":14}],"seed_played":"-5569565764186707267","potions_obtained":[{"floor":2.0,"key":"FairyPotion"},{"floor":6.0,"key":"LiquidBronze"},{"floor":10.0,"key":"ColorlessPotion"},{"floor":27.0,"key":"Strength Potion"}],"is_trial":false,"path_per_floor":["M","?","M","T","M","E","T","$","T","E","R","M","M","?","R","B",null,"M","M","?","?","?","R","E","T","T","E","M","M","E","M","R","B",null,"M","M","M","M","?","E","R","E","T","M","M","M","M","M","R","B",null],"character_chosen":"THE_SILENT","items_purchased":["HandDrill"],"campfire_rested":3,"item_purchase_floors":[8],"current_hp_per_floor":[71,71,71,71,71,62,62,62,62,61,61,61,61,61,61,16,77,77,77,77,77,77,77,70,70,70,70,70,70,51,51,74,33,77,77,77,77,77,77,44,77,51,51,45,47,43,45,47,59,30],"gold":526,"neow_bonus":"TEN_PERCENT_HP_BONUS","is_daily":false,"chose_seed":false,"campfire_upgraded":2,"win_rate":0.0,"timestamp":1608751512,"path_taken":["M","?","M","?","M","E","?","$","T","E","R","M","M","?","R","BOSS","M","M","?","?","?","R","E","?","T","E","M","M","E","M","R","BOSS","M","M","M","M","?","E","R","E","T","M","M","M","M","?","R","BOSS"],"items_purchased_type":["Relic"],"build_version":"2020-12-22","purchased_purges":0,"victory":true,"max_hp_per_floor":[77,77,77,77,77,77,77,77,77,77,77,77,77,77,77,77,77,77,77,77,77,77,77,77,77,77,77,77,77,77,77,77,77,77,77,77,77,77,77,77,77,79,79,79,81,83,85,87,87,87],"card_choices":[{"not_picked":["Dagger Spray","Reflex"],"picked":"Underhanded Strike","floor":1.0},{"not_picked":["Bane","Slice"],"picked":"Acrobatics","floor":2.0},{"not_picked":["Acrobatics","Setup","Underhanded Strike"],"picked":"SKIP","floor":3.0},{"not_picked":["Outmaneuver","Dodge and Roll"],"picked":"Backstab","floor":5.0},{"not_picked":["Grand Finale","Terror"],"picked":"Tactician","floor":6.0},{"not_picked":["Hidden Blade+1","Underhanded Strike","Acrobatics+1"],"picked":"SKIP","floor":10.0},{"not_picked":["Catalyst+1","Bane"],"picked":"Deflect+1","floor":12.0},{"not_picked":["Deflect+1","ReplayTheSpireMod:Shiv Toss+1","Crippling Poison+1"],"picked":"SKIP","floor":13.0},{"not_picked":["Unload","A Thousand Cuts"],"picked":"ReplayTheSpireMod:From All Sides","floor":16.0},{"not_picked":["Slice","Cloak And Dagger+1"],"picked":"Leg Sweep+1","floor":18.0},{"not_picked":["PiercingWail+1","Hidden Blade+1","Deadly Poison+1"],"picked":"SKIP","floor":19.0},{"not_picked":["Slice","Predator","Deflect+1"],"picked":"SKIP","floor":24.0},{"not_picked":["Noxious Fumes","Bane+1"],"picked":"Dagger Spray+1","floor":27.0},{"not_picked":["Replay:Poison Smokescreen+1","PiercingWail+1","Choke"],"picked":"SKIP","floor":28.0},{"not_picked":["Crippling Poison+1","Corpse Explosion+1","Outmaneuver+1"],"picked":"SKIP","floor":29.0},{"not_picked":["Endless Agony","Slice","Hidden Blade+1"],"picked":"SKIP","floor":30.0},{"not_picked":["Endless Agony","Slice","Hidden Blade+1"],"picked":"SKIP","floor":30.0},{"not_picked":["Sneak Up+1","Backflip+1","Deflect+1"],"picked":"SKIP","floor":31.0},{"not_picked":["Deflect+1","Dash"],"picked":"Dodge and Roll+1","floor":35.0},{"not_picked":["Hidden Blade+1","Draining Mist+1","Slice"],"picked":"SKIP","floor":36.0},{"not_picked":["Leg Sweep+1","Riddle With Holes"],"picked":"ReplayTheSpireMod:Speed Training+1","floor":37.0},{"not_picked":["ReplayTheSpireMod:Tripwire+1","Doppelganger+1","Deadly Poison+1"],"picked":"SKIP","floor":38.0},{"not_picked":["Dagger Throw","Prepared+1","Calculated Gamble+1"],"picked":"SKIP","floor":40.0},{"not_picked":["Expertise+1","Quick Slash+1","PiercingWail+1"],"picked":"Singing Bowl","floor":42.0},{"not_picked":["Underhanded Strike+1","Cloak And Dagger+1"],"picked":"Prepared+1","floor":44.0},{"not_picked":["Choke","Blur+1","Prepared+1"],"picked":"Singing Bowl","floor":45.0},{"not_picked":["Cloak And Dagger+1","Outmaneuver+1","Deflect+1"],"picked":"Singing Bowl","floor":46.0},{"not_picked":["Sucker Punch","Envenom","ReplayTheSpireMod:Scrap Shanks"],"picked":"Singing Bowl","floor":47.0},{"not_picked":["Sucker Punch","Distraction+1","Footwork+1"],"picked":"Singing Bowl","floor":48.0}],"player_experience":15251,"relics_obtained":[{"floor":2.0,"key":"ReplayTheSpireMod:TigerMarble"},{"floor":4.0,"key":"Divine Protection"},{"floor":6.0,"key":"Mercury Hourglass"},{"floor":7.0,"key":"Toxic Egg 2"},{"floor":9.0,"key":"Golden Egg"},{"floor":10.0,"key":"Ancient Tea Set"},{"floor":24.0,"key":"HornCleat"},{"floor":25.0,"key":"Bottled Lightning"},{"floor":26.0,"key":"Kunai"},{"floor":27.0,"key":"Garlic"},{"floor":30.0,"key":"Replay:Bottled Eggs"},{"floor":34.0,"key":"Bag of Preparation"},{"floor":34.0,"key":"Eternal Feather"},{"floor":34.0,"key":"Pocketwatch"},{"floor":40.0,"key":"Replay:Bottled Snecko"},{"floor":42.0,"key":"Pondfish Scales"},{"floor":43.0,"key":"Unceasing Top"},{"floor":49.0,"key":"Replay:Mystery Machine"}],"event_choices":[{"damage_healed":0.0,"max_hp_gain":0.0,"max_hp_loss":0.0,"gold_gain":0.0,"event_name":"World of Goop","player_choice":"Left Gold","floor":14.0,"gold_loss":20.0,"damage_taken":0.0},{"damage_healed":0.0,"max_hp_gain":0.0,"max_hp_loss":0.0,"gold_gain":0.0,"event_name":"Addict","player_choice":"Obtained Relic","floor":20.0,"gold_loss":85.0,"damage_taken":0.0,"relics_obtained":["CaptainsWheel"]},{"damage_healed":0.0,"max_hp_gain":0.0,"max_hp_loss":0.0,"gold_gain":0.0,"event_name":"Ghosts","player_choice":"Ignored","floor":21.0,"gold_loss":0.0,"damage_taken":0.0},{"damage_healed":0.0,"max_hp_gain":0.0,"max_hp_loss":0.0,"gold_gain":0.0,"event_name":"Vampires","player_choice":"Ignored","floor":22.0,"gold_loss":0.0,"damage_taken":0.0},{"damage_healed":0.0,"max_hp_gain":0.0,"max_hp_loss":0.0,"gold_gain":0.0,"event_name":"WeMeetAgain","player_choice":"Paid Gold","floor":39.0,"gold_loss":80.0,"damage_taken":0.0,"relics_obtained":["Singing Bowl"]}],"is_beta":false,"boss_relics":[{"not_picked":["Replay:Drink Me","Kintsugi"],"picked":"Fusion Hammer"},{"not_picked":["Velvet Choker","Ring of Chaos"],"picked":"Calling Bell"}],"items_purged_floors":[],"is_endless":false,"potions_floor_spawned":[6,10,13,16,24,27,28,33,37,40,44,45,47],"ascension_level":0}}