{"host":"63o2iqaaus9jfjk5","time":1608705816,"event":{"mods":["Astrologer","BaseMod","Beaked The Cultist","Better Altar","Better Match","Better Note","Better Sensory Stone","Better Skull","Better Third Choice","Better Vampires","Better-Laid Plans","BetterRewards","Block Reminder","Colored Powertips","Curses Come First","Displayed Cursed Tome","Glutton Mod","Gremlin Mod","Hermit","JesterMod","Jorbs\u0027s Wanderer Trilogy","Mad Scientist","Marked Mod","Minty Spire (QoL Compilation)","RNG Fix","Red Circlet Mod","Retaliation","Shade Mod","Somnambulant","StSLib","The Blackbeard","The Bladedancer","The Construct","The Cursed","The Florist","The Hierophant","The Necromancer","The Runesmith","The Sage","The Servant 0.9.4","The Showman","The Trickster","TheArtist","TheHeartMod","Unceasing Turn Reminder"],"gold_per_floor":[110,110,110,35,1,1,31,31,31,31,46,60,94,108,108,224,224,256,216,216,28,28,75,51,51,51,51,51,51,65,340,340,451,451,476,505,505,505,556,556,603,631,658,677,118,78,78,95,95,95,95,95],"floor_reached":50,"playtime":3133,"items_purged":["Regret"],"score":561,"play_id":"7c20f1c3-9142-478f-b3c6-e808fd83611f","local_time":"20201223004336","is_ascension_mode":false,"campfire_choices":[{"data":"blackbeard:Cutlass","floor":6,"key":"SMITH"},{"floor":8,"key":"REST"},{"data":"blackbeard:Dagger","floor":10,"key":"SMITH"},{"floor":15,"key":"REST"},{"floor":28,"key":"REST"},{"floor":32,"key":"REST"},{"floor":40,"key":"REST"},{"floor":49,"key":"REST"}],"circlet_count":0,"master_deck":["blackbeard:BlackbeardStrike","blackbeard:BlackbeardStrike","blackbeard:BlackbeardStrike","blackbeard:BlackbeardStrike+1","blackbeard:IntimidatingStrike","blackbeard:BlackbeardDefend","blackbeard:BlackbeardDefend","blackbeard:BlackbeardDefend","blackbeard:BlackbeardDefend","blackbeard:Cutlass+1","blackbeard:JollyRoger","blackbeard:Sharpening+1","blackbeard:PowderKeg+1","blackbeard:RemoveScurvy+1","blackbeard:Dagger+1","blackbeard:BuriedTreasure","blackbeard:GoldenGuillotine","blackbeard:PirateEarring","blackbeard:Rum","blackbeard:Halberd","CurseOfTheBell","blackbeard:DeadlyArsenal+1","blackbeard:PirateHook","blackbeard:WeaponProficiency","blackbeard:Fencing","blackbeard:DeadlyArsenal+1","blackbeard:PirateStrength","blackbeard:RearmingStrike+1","blackbeard:RearmingStrike+1","Metamorphosis","HandOfGreed","blackbeard:CannonballSupply+1","blackbeard:Dagger+1","blackbeard:DoubleBottom","blackbeard:ArmorUp","blackbeard:BlindAttacks","blackbeard:Dagger+1","blackbeard:Rum+1"],"relics":["blackbeard:LoadTheCannons","CultistMask","Sundial","Pocketwatch","Calling Bell","Happy Flower","sagemod:Singing_Vial","Gambling Chip","Juzu Bracelet","blackbeard:PowderCan","Letter Opener","MutagenicStrength","White Beast Statue","Nilry\u0027s Codex","construct:ClawGrip","Blood Vial","Kunai","Strawberry","MealTicket","Prayer Wheel"],"acts_visited":["Exordium","TheCity","TheBeyond"],"potions_floor_usage":[16,16,16,30,33,33,36,39,41,41,44,44,48,50],"damage_taken":[{"damage":1,"enemies":"Cultist","floor":1,"turns":3},{"damage":26,"enemies":"3 Sentries","floor":7,"turns":8},{"damage":8,"enemies":"Jaw Worm","floor":11,"turns":2},{"damage":0,"enemies":"2 Louse","floor":12,"turns":1},{"damage":19,"enemies":"2 Fungi Beasts","floor":13,"turns":4},{"damage":0,"enemies":"Lots of Slimes","floor":14,"turns":1},{"damage":8,"enemies":"Slime Boss","floor":16,"turns":7},{"damage":9,"enemies":"Chosen","floor":18,"turns":5},{"damage":25,"enemies":"Gremlin Leader","floor":23,"turns":7},{"damage":8,"enemies":"Shell Parasite","floor":30,"turns":4},{"damage":55,"enemies":"Collector","floor":33,"turns":9},{"damage":2,"enemies":"3 Shapes","floor":35,"turns":4},{"damage":21,"enemies":"Orb Walker","floor":36,"turns":3},{"damage":18,"enemies":"Jaw Worm Horde","floor":39,"turns":5},{"damage":55,"enemies":"Nemesis","floor":41,"turns":5},{"damage":24,"enemies":"4 Shapes","floor":42,"turns":5},{"damage":11,"enemies":"3 Darklings","floor":44,"turns":4},{"damage":19,"enemies":"Sphere and 2 Shapes","floor":48,"turns":4},{"damage":42,"enemies":"Awakened One","floor":50,"turns":2}],"seed_played":"6652697778958584574","potions_obtained":[{"floor":1,"key":"CultistPotion"},{"floor":12,"key":"SteroidPotion"},{"floor":14,"key":"Explosive Potion"},{"floor":18,"key":"SkillPotion"},{"floor":29,"key":"Regen Potion"},{"floor":29,"key":"SpeedPotion"},{"floor":30,"key":"Ancient Potion"},{"floor":33,"key":"DistilledChaos"},{"floor":35,"key":"PowerPotion"},{"floor":36,"key":"blackbeard:UpgradePotion"},{"floor":39,"key":"DistilledChaos"},{"floor":41,"key":"SneckoOil"},{"floor":42,"key":"Regen Potion"},{"floor":44,"key":"construct:ShiftPotion"},{"floor":46,"key":"Ancient Potion"},{"floor":48,"key":"PowerPotion"}],"is_trial":false,"path_per_floor":["M","?","?","?","$","R","E","R","T","R","M","M","M","M","R","B",null,"M","?","?","$","T","E","$","?","T","?","R","?","M","?","R","B",null,"M","M","?","?","M","R","E","M","T","M","$","?","?","M","R","B"],"character_chosen":"BLACKBEARD_CLASS","items_purchased":["blackbeard:RemoveScurvy","Juzu Bracelet","blackbeard:PirateHook","blackbeard:Fencing","MealTicket","Prayer Wheel","blackbeard:BlindAttacks"],"campfire_rested":6,"item_purchase_floors":[5,21,21,24,45,45,45],"current_hp_per_floor":[81,81,81,81,81,81,55,79,79,79,71,71,52,52,76,73,82,73,73,73,73,73,48,48,48,48,32,56,56,62,62,82,35,82,80,59,59,59,51,75,30,8,15,18,18,18,18,1,27,0,0,0],"gold":95,"neow_bonus":"TEN_PERCENT_HP_BONUS","is_daily":false,"chose_seed":false,"campfire_upgraded":2,"win_rate":0.0,"timestamp":1608705816,"path_taken":["M","?","?","?","$","R","E","R","T","R","M","M","M","M","R","BOSS","M","?","?","?","?","E","$","?","T","?","R","?","M","?","R","BOSS","M","M","?","?","M","R","E","M","T","M","?","?","?","M","R","BOSS"],"items_purchased_type":["Card","Relic","Card","Card","Relic","Relic","Card"],"build_version":"2020-12-22","purchased_purges":1,"victory":false,"max_hp_per_floor":[82,82,82,82,82,82,82,82,82,82,82,82,82,82,82,82,82,82,82,82,82,82,82,82,82,82,82,82,82,82,82,82,82,82,82,82,82,82,82,82,82,82,89,89,89,89,89,89,89,89,89,89],"card_choices":[{"not_picked":["blackbeard:GoldenDefense","blackbeard:WiseDefense"],"picked":"blackbeard:JollyRoger","floor":1},{"not_picked":["blackbeard:CloakAndCannonball+1","blackbeard:GoldenStrike+1"],"picked":"blackbeard:Sharpening+1","floor":4},{"not_picked":["blackbeard:Recklessness+1","blackbeard:BuriedTreasure+1"],"picked":"blackbeard:PowderKeg+1","floor":4},{"not_picked":["blackbeard:CloakAndCannonball","blackbeard:BlindAttacks"],"picked":"blackbeard:Dagger","floor":7},{"not_picked":["blackbeard:TacticalRetreat","blackbeard:Boarding"],"picked":"blackbeard:BuriedTreasure","floor":11},{"not_picked":["blackbeard:FieryDefense","blackbeard:GoldenStrike"],"picked":"blackbeard:GoldenGuillotine","floor":12},{"not_picked":["blackbeard:Sharpening","blackbeard:DeadlyArsenal"],"picked":"blackbeard:PirateEarring","floor":13},{"not_picked":["blackbeard:ChaoticDefense","blackbeard:GoldenDefense"],"picked":"blackbeard:Rum","floor":14},{"not_picked":["blackbeard:Parrot","blackbeard:GoldenGuillotine"],"picked":"blackbeard:Halberd","floor":16},{"not_picked":["blackbeard:RearmingStrike","blackbeard:VengefulSpirit"],"picked":"blackbeard:DeadlyArsenal+1","floor":18},{"not_picked":["blackbeard:GoldenStrike","blackbeard:CloakAndCannonball+1"],"picked":"blackbeard:WeaponProficiency","floor":23},{"not_picked":["blackbeard:Toast","blackbeard:Sharpening"],"picked":"blackbeard:DeadlyArsenal+1","floor":30},{"not_picked":["blackbeard:Lifeboat","blackbeard:HumongousCannonball"],"picked":"blackbeard:PirateStrength","floor":33},{"not_picked":["blackbeard:Anchor","blackbeard:BlindAttacks"],"picked":"blackbeard:RearmingStrike+1","floor":35},{"not_picked":["blackbeard:Sharpening+1","blackbeard:Dagger"],"picked":"blackbeard:RearmingStrike+1","floor":36},{"not_picked":["Jack Of All Trades","Madness"],"picked":"Metamorphosis","floor":38},{"not_picked":["Good Instincts","Panacea"],"picked":"HandOfGreed","floor":38},{"not_picked":["blackbeard:CannonBarrage+1","blackbeard:JollyRoger+1"],"picked":"blackbeard:CannonballSupply+1","floor":39},{"not_picked":["blackbeard:Recklessness+1","blackbeard:DeadlyArsenal"],"picked":"blackbeard:Dagger+1","floor":41},{"not_picked":["blackbeard:Shrapnel","blackbeard:InfiniteBarrage"],"picked":"blackbeard:DoubleBottom","floor":42},{"not_picked":["blackbeard:FishingNets","blackbeard:GoldenStrike"],"picked":"blackbeard:ArmorUp","floor":44},{"not_picked":["blackbeard:SwordDance+1","blackbeard:DelayedPain"],"picked":"blackbeard:Dagger+1","floor":48},{"not_picked":["blackbeard:TacticalRetreat","blackbeard:Revenge+1"],"picked":"blackbeard:Rum+1","floor":48}],"player_experience":124243,"relics_obtained":[{"floor":7,"key":"Sundial"},{"floor":9,"key":"Pocketwatch"},{"floor":17,"key":"Happy Flower"},{"floor":17,"key":"sagemod:Singing_Vial"},{"floor":17,"key":"Gambling Chip"},{"floor":22,"key":"blackbeard:PowderCan"},{"floor":23,"key":"Letter Opener"},{"floor":26,"key":"White Beast Statue"},{"floor":41,"key":"Kunai"},{"floor":43,"key":"Strawberry"}],"event_choices":[{"damage_healed":0,"gold_gain":0,"player_choice":"Trade","damage_taken":0,"relics_obtained":["CultistMask"],"max_hp_gain":0,"max_hp_loss":0,"event_name":"FaceTrader","floor":2,"gold_loss":0},{"damage_healed":0,"gold_gain":0,"player_choice":"Leave","damage_taken":0,"max_hp_gain":0,"max_hp_loss":0,"event_name":"The Cleric","floor":3,"gold_loss":0},{"damage_healed":0,"gold_gain":0,"player_choice":"2","damage_taken":0,"max_hp_gain":0,"max_hp_loss":0,"event_name":"betterMatch:BetterMatch","floor":4,"gold_loss":0,"cards_obtained":["betterMatch:CommonCard","betterMatch:UncommonCard"]},{"damage_healed":0,"gold_gain":0,"player_choice":"Upgraded Two","damage_taken":0,"max_hp_gain":0,"max_hp_loss":0,"event_name":"Designer","floor":19,"gold_loss":40,"cards_upgraded":["blackbeard:BlackbeardStrike","blackbeard:RemoveScurvy"]},{"damage_healed":0,"gold_gain":0,"player_choice":"Ignored","damage_taken":0,"max_hp_gain":0,"max_hp_loss":0,"event_name":"betterNote:BetterNote","floor":20,"gold_loss":0,"cards_obtained":["Body Slam"]},{"damage_healed":0,"gold_gain":0,"player_choice":"Inject Mutagens","damage_taken":0,"relics_obtained":["MutagenicStrength"],"max_hp_gain":0,"max_hp_loss":0,"event_name":"Drug Dealer","floor":25,"gold_loss":0},{"damage_healed":0,"gold_gain":0,"player_choice":"Obtained Book","damage_taken":16,"max_hp_gain":0,"max_hp_loss":0,"event_name":"Cursed Tome","floor":27,"gold_loss":0},{"damage_healed":0,"gold_gain":0,"player_choice":"Got Potions","damage_taken":0,"max_hp_gain":0,"max_hp_loss":0,"event_name":"Lab","floor":29,"gold_loss":0},{"damage_healed":0,"gold_gain":275,"player_choice":"Desecrate","damage_taken":0,"max_hp_gain":0,"max_hp_loss":0,"event_name":"Golden Shrine","floor":31,"gold_loss":0,"cards_obtained":["Regret"]},{"damage_healed":0,"gold_gain":3,"player_choice":"1","damage_taken":0,"max_hp_gain":0,"max_hp_loss":0,"event_name":"betterStone:BetterStone","floor":38,"gold_loss":0},{"damage_healed":0,"gold_gain":0,"player_choice":"Bought 3 Potions","damage_taken":0,"max_hp_gain":0,"max_hp_loss":0,"event_name":"The Woman in Blue","floor":46,"gold_loss":0},{"damage_healed":0,"gold_gain":0,"player_choice":"Ignored","damage_taken":0,"max_hp_gain":0,"max_hp_loss":0,"event_name":"Mysterious Sphere","floor":47,"gold_loss":0}],"is_beta":false,"boss_relics":[{"not_picked":["Snecko Eye","Sozu"],"picked":"Calling Bell"},{"not_picked":["Velvet Choker","SlaversCollar"],"picked":"construct:ClawGrip"}],"items_purged_floors":[45],"is_endless":false,"potions_floor_spawned":[1,12,14,18,30,33,35,36,39,41,42,44,48],"killed_by":"Awakened One","ascension_level":0}}