{"host":"f5ezd1v29dtbwkzo","time":1608759873,"event":{"mods":["2.2 Compatiblity","BaseMod","Hermit","Minty Spire (QoL Compilation)","Rare Cards Sparkle","Replay The Spire","StSLib"],"gold_per_floor":[118,83,96,96,110,110,110,110,189,209,209,235,235,304,304,304,304],"floor_reached":16,"playtime":662,"items_purged":[],"score":98,"play_id":"7c38eae9-408a-4c03-8995-9a28dadc25e2","local_time":"20201224004433","is_ascension_mode":false,"campfire_choices":[{"data":"Run Through","floor":6,"key":"SMITH"},{"data":"Bash","floor":8,"key":"SMITH"},{"data":"Forethought","floor":11,"key":"SMITH"},{"floor":15,"key":"REST"}],"circlet_count":0,"master_deck":["Strike_R","Strike_R","Strike_R","Strike_R","Defend_R","Defend_R","Defend_R","Defend_R","Bash+1","Inflame","Run Through+1","Forethought+1","Shrug It Off","Injury","Blood for Blood"],"relics":["Replay:Bronze Core","Bottled Lightning","Replay:Accelerometer","Golden Idol","Replay:Mystery Machine"],"acts_visited":["Exordium"],"potions_floor_usage":[12,14],"damage_taken":[{"damage":22,"enemies":"Jaw Worm","floor":1,"turns":9},{"damage":5,"enemies":"Small Slimes","floor":3,"turns":3},{"damage":1,"enemies":"Cultist","floor":5,"turns":3},{"damage":1,"enemies":"2 Fungi Beasts","floor":10,"turns":4},{"damage":10,"enemies":"Gremlin Nob","floor":12,"turns":4},{"damage":45,"enemies":"Lagavulin Event","floor":14,"turns":7},{"damage":36,"enemies":"Hexaghost","floor":16,"turns":8}],"seed_played":"7541596383877189525","potions_obtained":[{"floor":3,"key":"AttackPotion"},{"floor":5,"key":"Venom Potion"}],"is_trial":false,"path_per_floor":["M","?","M","?","M","R","?","R","T","M","R","E","?","?","R","B"],"character_chosen":"IRONCLAD","items_purchased":[],"campfire_rested":1,"item_purchase_floors":[],"current_hp_per_floor":[58,78,73,66,65,65,65,65,65,64,64,54,54,9,33,0,0],"gold":304,"neow_bonus":"BOSS_RELIC","is_daily":false,"chose_seed":false,"campfire_upgraded":3,"win_rate":0.0,"timestamp":1608759873,"path_taken":["M","?","M","?","M","R","?","R","T","?","R","E","?","?","R","BOSS"],"items_purchased_type":[],"build_version":"2020-12-22","purchased_purges":0,"victory":false,"max_hp_per_floor":[80,80,80,80,80,80,80,80,80,80,80,80,80,80,80,80,80],"card_choices":[{"not_picked":["Pommel Strike","Uppercut"],"picked":"Inflame","floor":1},{"not_picked":["Second Wind","Flex"],"picked":"Run Through","floor":3},{"not_picked":["Brutality","Pummel","Sever Soul"],"picked":"SKIP","floor":5},{"not_picked":["Infernal Blade","Twin Strike","Searing Blow"],"picked":"SKIP","floor":10},{"not_picked":["Havoc","Replay:Undeath\u0027s Touch"],"picked":"Shrug It Off","floor":12},{"not_picked":["ReplayTheSpireMod:Muscle Training","Headbutt"],"picked":"Blood for Blood","floor":14}],"player_experience":265405,"relics_obtained":[{"floor":9,"key":"Bottled Lightning"},{"floor":12,"key":"Replay:Accelerometer"},{"floor":14,"key":"Replay:Mystery Machine"}],"event_choices":[{"damage_healed":20,"gold_gain":0,"player_choice":"Healed","damage_taken":0,"max_hp_gain":0,"max_hp_loss":0,"event_name":"The Cleric","floor":2,"gold_loss":35},{"cards_removed":["Strike_R"],"damage_healed":0,"gold_gain":0,"player_choice":"Card Removal","damage_taken":7,"max_hp_gain":0,"max_hp_loss":0,"event_name":"Golden Wing","floor":4,"gold_loss":0},{"damage_healed":0,"gold_gain":0,"player_choice":"1 cards matched","damage_taken":0,"max_hp_gain":0,"max_hp_loss":0,"event_name":"Match and Keep!","floor":7,"gold_loss":0,"cards_obtained":["Forethought"]},{"damage_healed":0,"gold_gain":0,"player_choice":"Take Wound","damage_taken":0,"relics_obtained":["Golden Idol"],"max_hp_gain":0,"max_hp_loss":0,"event_name":"Golden Idol","floor":13,"gold_loss":0,"cards_obtained":["Injury"]},{"damage_healed":0,"gold_gain":30,"player_choice":"Searched \u00273\u0027 times","damage_taken":0,"max_hp_gain":0,"max_hp_loss":0,"event_name":"Dead Adventurer","floor":14,"gold_loss":0}],"is_beta":false,"boss_relics":[],"items_purged_floors":[],"is_endless":false,"potions_floor_spawned":[3,5],"killed_by":"Hexaghost","ascension_level":0}}