{"host":"5dk97cf2ubw2v967","time":1608741366,"event":{"mods":["AlwaysNeverKeys","BaseMod","Better Altar","Better Vampires","Block Reminder","Colored Powertips","Downfall","Googly Eyes","Highlight Path","Minty Spire (QoL Compilation)","Permanent Neow","Potion Indicator Mod","Quick Restart","Relic Filter","Relic Stats","Say the Spire","Spicy Shops","StSLib","Waifu the Spire","everything is the same but u backflip on backflip"],"gold_per_floor":[113,13,25,35,52,52,52,52,52,70,100,100,128,144,144,223,223,235,235,249,0,275,275,300,300,300,325,325,344,344,363,363,363,363],"floor_reached":33,"playtime":1383,"items_purged":["Strike_R"],"score":590,"play_id":"3f93d4f0-9a3d-4ded-a05d-1448b5eb0559","local_time":"20201223163606","is_ascension_mode":true,"campfire_choices":[{"data":"Slimebound:Icky","floor":7,"key":"PURGE"},{"data":"Strike_R","floor":12,"key":"PURGE"},{"data":"Strike_R","floor":15,"key":"PURGE"},{"data":"Regret","floor":23,"key":"PURGE"},{"data":"Strike_R","floor":25,"key":"PURGE"},{"data":"Strike_R","floor":28,"key":"PURGE"},{"data":"Defend_R","floor":32,"key":"PURGE"}],"circlet_count":0,"master_deck":["AscendersBane","Defend_R","Defend_R","Defend_R","Bash","Immolate","Headbutt","Anger","Shrug It Off","Shockwave","Dropkick+1","Fire Breathing","Wild Strike+1","Wild Strike+1","Barricade","CurseOfTheBell","Thunderclap+1","Warcry+1","Feel No Pain","Inflame","Ghostly Armor+1","Ghostly Armor+1","Dark Embrace"],"relics":["Burning Blood","Peace Pipe","Molten Egg 2","Bag of Preparation","Mummified Hand","Self Forming Clay","Calling Bell","MealTicket","Toxic Egg 2","Torii","Membership Card","Lantern","Oddly Smooth Stone"],"acts_visited":["Exordium","TheCity"],"potions_floor_usage":[13,13,29,31,33,33],"damage_taken":[{"damage":0,"enemies":"Small Slimes","floor":1,"turns":2},{"damage":0,"enemies":"Cultist","floor":3,"turns":2},{"damage":9,"enemies":"Jaw Worm","floor":4,"turns":3},{"damage":18,"enemies":"Large Slime","floor":5,"turns":3},{"damage":9,"enemies":"Gremlin Gang","floor":10,"turns":3},{"damage":10,"enemies":"3 Sentries","floor":11,"turns":2},{"damage":11,"enemies":"Lagavulin","floor":13,"turns":3},{"damage":4,"enemies":"2 Fungi Beasts","floor":14,"turns":3},{"damage":28,"enemies":"Hexaghost","floor":16,"turns":9},{"damage":8,"enemies":"3 Byrds","floor":18,"turns":5},{"damage":0,"enemies":"Chosen","floor":20,"turns":3},{"damage":37,"enemies":"Slavers","floor":24,"turns":5},{"damage":3,"enemies":"Gremlin Leader","floor":27,"turns":5},{"damage":26,"enemies":"Snake Plant","floor":29,"turns":4},{"damage":1,"enemies":"Centurion and Healer","floor":31,"turns":6},{"damage":61,"enemies":"Automaton","floor":33,"turns":8}],"seed_played":"-8544883245143486537","potions_obtained":[{"floor":5,"key":"Energy Potion"},{"floor":11,"key":"DistilledChaos"},{"floor":16,"key":"BloodPotion"},{"floor":20,"key":"Ancient Potion"},{"floor":29,"key":"Regen Potion"},{"floor":31,"key":"Swift Potion"}],"is_trial":false,"path_per_floor":["M","?","M","M","M","T","R","?","T","M","E","R","E","M","R","B",null,"M","?","M","$","?","R","E","R","T","E","R","M","?","M","R","B"],"character_chosen":"IRONCLAD","items_purchased":["Membership Card","Feel No Pain"],"campfire_rested":0,"item_purchase_floors":[21,21],"current_hp_per_floor":[74,74,75,72,60,60,60,65,65,62,58,58,53,55,55,33,68,66,66,72,80,80,80,49,49,49,52,52,32,32,53,53,7,7],"gold":363,"neow_bonus":"THREE_RARE_CARDS","is_daily":false,"chose_seed":false,"campfire_upgraded":0,"win_rate":0.0,"timestamp":1608741366,"path_taken":["M","?","?","M","M","?","R","?","T","M","E","R","E","M","R","BOSS","M","?","M","$","?","R","E","R","T","E","R","?","?","M","R","BOSS"],"items_purchased_type":["Relic","Card"],"build_version":"2020-12-22","purchased_purges":1,"victory":false,"max_hp_per_floor":[75,75,75,75,75,75,75,80,80,80,80,80,80,80,80,80,80,80,80,80,80,80,80,80,80,80,80,80,80,80,80,80,80,80],"relic_stats":{"Peace Pipe":7,"Torii":12,"counters":[16,66],"Mummified Hand":[32],"Self Forming Clay":[75],"MealTicket":8,"Bag of Preparation":[24],"obtain_stats":[{"Lantern":24,"Torii":17,"Self Forming Clay":13,"Oddly Smooth Stone":27,"Bag of Preparation":9,"Burning Blood":0,"Peace Pipe":2,"Calling Bell":17,"Mummified Hand":11,"Molten Egg 2":6,"MealTicket":17,"Membership Card":21,"Toxic Egg 2":17},{"Lantern":12,"Torii":9,"Self Forming Clay":7,"Oddly Smooth Stone":13,"Bag of Preparation":4,"Burning Blood":0,"Peace Pipe":1,"Calling Bell":9,"Mummified Hand":6,"Molten Egg 2":4,"MealTicket":9,"Membership Card":11,"Toxic Egg 2":9},{"Lantern":43,"Torii":30,"Self Forming Clay":18,"Oddly Smooth Stone":48,"Bag of Preparation":10,"Burning Blood":0,"Peace Pipe":2,"Calling Bell":30,"Mummified Hand":15,"Molten Egg 2":10,"MealTicket":30,"Membership Card":38,"Toxic Egg 2":30}],"Burning Blood":85},"card_choices":[{"not_picked":["Brutality","Impervious"],"picked":"Immolate","floor":0},{"not_picked":["Iron Wave","Clash"],"picked":"Headbutt","floor":1},{"not_picked":["Body Slam","Clothesline"],"picked":"Anger","floor":3},{"not_picked":["Rupture","True Grit"],"picked":"Shrug It Off","floor":4},{"not_picked":["Havoc","Armaments"],"picked":"Shockwave","floor":5},{"not_picked":["Spot Weakness","Clothesline+1"],"picked":"Dropkick+1","floor":10},{"not_picked":["Sentinel","Shrug It Off"],"picked":"Fire Breathing","floor":11},{"not_picked":["Twin Strike+1","Reaper+1"],"picked":"Wild Strike+1","floor":13},{"not_picked":["Anger+1","Body Slam+1"],"picked":"Wild Strike+1","floor":14},{"not_picked":["Brutality","Impervious"],"picked":"Barricade","floor":16},{"not_picked":["Flex+1","Cleave+1"],"picked":"Thunderclap+1","floor":18},{"not_picked":["Armaments+1","True Grit+1"],"picked":"Warcry+1","floor":20},{"not_picked":["Infernal Blade+1","Havoc+1"],"picked":"Inflame","floor":24},{"not_picked":["Iron Wave+1","Pommel Strike+1"],"picked":"Ghostly Armor+1","floor":27},{"not_picked":["Sword Boomerang+1","True Grit+1"],"picked":"Ghostly Armor+1","floor":29},{"not_picked":["Headbutt+1","Iron Wave+1"],"picked":"Dark Embrace","floor":31}],"player_experience":1249137,"relics_obtained":[{"floor":6,"key":"Molten Egg 2"},{"floor":9,"key":"Bag of Preparation"},{"floor":11,"key":"Mummified Hand"},{"floor":13,"key":"Self Forming Clay"},{"floor":17,"key":"MealTicket"},{"floor":17,"key":"Toxic Egg 2"},{"floor":17,"key":"Torii"},{"floor":24,"key":"Lantern"},{"floor":27,"key":"Oddly Smooth Stone"}],"event_choices":[{"damage_healed":0,"gold_gain":0,"player_choice":"Paid Gold","damage_taken":0,"relics_obtained":["Peace Pipe"],"max_hp_gain":0,"max_hp_loss":0,"event_name":"WeMeetAgain","floor":2,"gold_loss":100},{"damage_healed":0,"gold_gain":0,"player_choice":"Donut","damage_taken":0,"max_hp_gain":5,"max_hp_loss":0,"event_name":"Big Fish","floor":8,"gold_loss":0},{"damage_healed":0,"gold_gain":0,"player_choice":"Ignored","damage_taken":0,"max_hp_gain":0,"max_hp_loss":0,"event_name":"Ghosts","floor":19,"gold_loss":0},{"damage_healed":0,"gold_gain":275,"player_choice":"Desecrate","damage_taken":0,"max_hp_gain":0,"max_hp_loss":0,"event_name":"Golden Shrine","floor":22,"gold_loss":0,"cards_obtained":["Regret"]},{"damage_healed":0,"gold_gain":0,"player_choice":"Became a vampire","damage_taken":0,"max_hp_gain":0,"max_hp_loss":0,"event_name":"Vampires","floor":30,"gold_loss":0,"cards_obtained":[]}],"is_beta":false,"boss_relics":[{"not_picked":["Fusion Hammer","Cursed Key"],"picked":"Calling Bell"}],"items_purged_floors":[21],"is_endless":false,"potions_floor_spawned":[5,11,16,20,29,31],"killed_by":"Automaton","ascension_level":20}}