{"host":"qmmd8zc7eqgl2j9h","time":1608709357,"event":{"mods":["AchievementEnabler","Aspiration","BaseMod","Better Altar","Better Note","Better Sensory Stone","Better Skull","BetterRewards","Colored Map","Conspire","Googly Eyes","Hermit","Highlight Path","Infinite Spire","Marisa????????","Minty Spire (QoL Compilation)","Permanent Neow","Replay The Spire","StSLib","The Hierophant","The Necromancer","The Servant 0.9.4","Unceasing Turn Reminder","everything is the same but u backflip on backflip","slay the spire mod where everything is the same but ironclad has a cowboy hat"],"gold_per_floor":[112,123,133,133,308,308,323,37,62,62,62,78,78,113,113,218,218,233,233,248,248,248,248],"floor_reached":22,"playtime":1181,"items_purged":["Doubt"],"score":184,"play_id":"3624677e-c915-46ca-a993-27225c96e69d","local_time":"20201222234237","is_ascension_mode":false,"campfire_choices":[{"data":"Infinite Blades","floor":6,"key":"SMITH"},{"floor":10,"key":"REST"},{"floor":15,"key":"REST"}],"circlet_count":0,"master_deck":["Strike_G","Strike_G","Strike_G","Strike_G","Strike_G","Defend_G","Defend_G","Defend_G","Defend_G","Defend_G","Survivor","Neutralize","Infinite Blades+1","Outmaneuver","Deflect","Injury","Cloak And Dagger+1","Infinite Blades","Die Die Die","infinitespire:UltimateForm","Poisoned Stab","conspire:DoublingDagger+1","Night Terror+1","Backflip+1","infinitespire:Starlight+1","Sucker Punch+1"],"relics":["Ring of the Snake","aspiration:Nostalgia","infinitespire:DarkRift","Toxic Egg 2","Blue Doll","Du-Vu Doll","conspire:DecoderRing","Ring of Chaos","infinitespire:Broken Mirror"],"acts_visited":["Exordium","TheCity"],"potions_floor_usage":[7,16,16],"damage_taken":[{"damage":0,"enemies":"Small Slimes","floor":1,"turns":2},{"damage":0,"enemies":"Cultist","floor":2,"turns":3},{"damage":4,"enemies":"2 Louse","floor":3,"turns":4},{"damage":8,"enemies":"Red Slaver","floor":7,"turns":5},{"damage":3,"enemies":"Large Slime","floor":12,"turns":6},{"damage":13,"enemies":"3 Sentries","floor":14,"turns":5},{"damage":20,"enemies":"The Guardian","floor":16,"turns":9},{"damage":25,"enemies":"3 Byrds","floor":18,"turns":4},{"damage":12,"enemies":"Chosen","floor":20,"turns":6},{"damage":40,"enemies":"Masked Bandits","floor":22,"turns":3}],"seed_played":"7232612951929344454","potions_obtained":[{"floor":2,"key":"FearPotion"},{"floor":3,"key":"LiquidMemories"},{"floor":12,"key":"Block Potion"},{"floor":14,"key":"conspire:TimeTravelPotion"}],"is_trial":false,"path_per_floor":["M","M","M","?","?","R","M","$","T","R","?","M","?","E","R","B",null,"M","AVR","M","?","?"],"character_chosen":"THE_SILENT","items_purchased":["Infinite Blades","Die Die Die"],"campfire_rested":2,"item_purchase_floors":[8,8],"current_hp_per_floor":[70,70,66,66,66,66,58,58,58,70,53,50,50,37,58,38,70,45,45,33,33,0,0],"gold":248,"neow_bonus":"NOSTALGIA","is_daily":false,"chose_seed":false,"campfire_upgraded":1,"win_rate":0.0,"timestamp":1608709357,"path_taken":["M","M","M","?","?","R","M","$","T","R","?","M","?","E","R","BOSS","M","AVR","M","?","?"],"items_purchased_type":["Card","Card"],"build_version":"2020-12-13","purchased_purges":1,"victory":false,"max_hp_per_floor":[70,70,70,70,70,70,70,70,70,70,70,70,70,70,70,70,70,70,70,70,70,70,70],"card_choices":[{"not_picked":["Flying Knee","Poisoned Stab"],"picked":"Infinite Blades","floor":1},{"not_picked":["Poisoned Stab","ReplayTheSpireMod:Speed Training"],"picked":"Outmaneuver","floor":2},{"not_picked":["Dagger Spray","Prepared"],"picked":"Deflect","floor":3},{"not_picked":["Slice","Replay:Poison Smokescreen+1"],"picked":"Cloak And Dagger+1","floor":7},{"not_picked":["infinitespire:Gouge","infinitespire:NeuralNetwork"],"picked":"infinitespire:UltimateForm","floor":11},{"not_picked":["PiercingWail+1","Flechettes"],"picked":"Poisoned Stab","floor":12},{"not_picked":["Flechettes","Dodge and Roll+1"],"picked":"conspire:DoublingDagger+1","floor":14},{"not_picked":["ReplayTheSpireMod:From All Sides","Glass Knife"],"picked":"Night Terror+1","floor":16},{"not_picked":["Poisoned Stab","Dagger Throw"],"picked":"Backflip+1","floor":18},{"not_picked":["Underhanded Strike","Dash"],"picked":"Sucker Punch+1","floor":20}],"player_experience":205788,"relics_obtained":[{"floor":9,"key":"Blue Doll"},{"floor":13,"key":"Du-Vu Doll"},{"floor":14,"key":"conspire:DecoderRing"}],"event_choices":[{"damage_healed":0,"gold_gain":175,"player_choice":"AGREE","damage_taken":0,"max_hp_gain":0,"max_hp_loss":0,"event_name":"Liars Game","floor":5,"gold_loss":0,"cards_obtained":["Doubt"]},{"damage_healed":0,"gold_gain":0,"player_choice":"Ignored","damage_taken":0,"max_hp_gain":0,"max_hp_loss":0,"event_name":"betterNote:BetterNote","floor":21,"gold_loss":0,"cards_obtained":["Strike_G"]},{"damage_healed":0,"gold_gain":0,"player_choice":"Fought Bandits","damage_taken":0,"max_hp_gain":0,"max_hp_loss":0,"event_name":"Masked Bandits","floor":22,"gold_loss":0}],"is_beta":false,"boss_relics":[{"not_picked":["Astrolabe","aspiration:RitualDagger"],"picked":"Ring of Chaos"}],"items_purged_floors":[8],"is_endless":false,"potions_floor_spawned":[2,3,12,14],"killed_by":"Masked Bandits","ascension_level":0}}