{"host":"s7tmyr5e6xvpia4b","time":1608744523,"event":{"mods":["ATMod(°¢èªMod)","BaseMod","Bestiary","Better Synergies","BshForSts","Curses Come First","GifTheSpireLib","Minty Spire (QoL Compilation)","Replay The Spire","StSLib","The Blue Laboratory","noobMod"],"gold_per_floor":[117,117,117,129,54,54,54,70,70,98,98,114,134,150,150,253,253,266,266,266,266,325,325,390,453,506,506,567,567,622,39,39,136,136,195,259,318,333,390,390,461,289,289,289,339,339,339,352,352,352],"floor_reached":51,"playtime":3723,"items_purged":["Strike_B","Strike_B","Strike_B"],"score":956,"play_id":"09f5e022-8547-41ed-98e0-144eb3b34a05","local_time":"20201224012843","is_ascension_mode":false,"campfire_choices":[{"data":"AT_FamilyPortrait","floor":6,"key":"SMITH"},{"data":"Coolheaded","floor":11,"key":"SMITH"},{"data":"Fusion","floor":15,"key":"SMITH"},{"data":"BasicCrystalCard","floor":23,"key":"SMITH"},{"data":"Reboot","floor":27,"key":"SMITH"},{"data":"Defragment","floor":29,"key":"SMITH"},{"floor":32,"key":"REST"},{"data":"Heatsinks","floor":40,"key":"SMITH"},{"data":"FIFO Queue","floor":46,"key":"SMITH"},{"data":"ReplaySort","floor":49,"key":"SMITH"}],"circlet_count":0,"master_deck":["Defend_B","Zap","Dualcast","AT_FamilyPortrait+1","Scrape+1","Coolheaded+1","Machine Learning","Cold Snap","Hello World","Defragment+1","Fusion+1","Reboot+1","Double Energy","Shame","Voices","BasicCrystalCard+1","AT_HeatAcrobatics","Doom and Gloom","Self Repair","FIFO Queue+1","Seek","Panic Button+1","Coolheaded+1","Heatsinks+1","AT_ThunderBolt+1","Sweeping Beam","Magnetism","ReplaySort+1"],"relics":["Cracked Core","AT_ATBox","ice","NeowsBlessing","Blue Candle","ReplayTheSpireMod:Ninjato","Philosopher\u0027s Stone","Calipers","ReplayTheSpireMod:Ring of Collecting","ReplayTheSpireMod:Ring of Challenge","Bag of Marbles","Ring of Peace","Blue Doll","Bird Faced Urn","Replay:Baseball","Nuclear Battery","Prayer Wheel","HornCleat","Boot","AT_ForceNature","Ring of Shattering","Regal Pillow","AT_RabadonDeathcap"],"acts_visited":["Exordium","TheCity","TheBeyond"],"potions_floor_usage":[10,16,25,28,36,41,50,50],"damage_taken":[{"damage":0,"enemies":"Small Slimes","floor":1,"turns":1},{"damage":0,"enemies":"2 Louse","floor":4,"turns":1},{"damage":0,"enemies":"Jaw Worm","floor":8,"turns":1},{"damage":40,"enemies":"Gremlin Nob","floor":10,"turns":5},{"damage":7,"enemies":"Looter","floor":12,"turns":4},{"damage":0,"enemies":"Large Slime","floor":13,"turns":8},{"damage":1,"enemies":"Exordium Wildlife","floor":14,"turns":3},{"damage":0,"enemies":"Slime Boss","floor":16,"turns":7},{"damage":29,"enemies":"2 Thieves","floor":18,"turns":4},{"damage":0,"enemies":"Spheric Guardian","floor":22,"turns":3},{"damage":30,"enemies":"Centurion and Healer","floor":24,"turns":5},{"damage":0,"enemies":"3 Cultists","floor":25,"turns":4},{"damage":23,"enemies":"Shelled Parasite and Fungi","floor":28,"turns":3},{"damage":26,"enemies":"Snake Plant","floor":30,"turns":3},{"damage":3,"enemies":"Collector","floor":33,"turns":5},{"damage":14,"enemies":"3 Shapes","floor":35,"turns":5},{"damage":15,"enemies":"3 Darklings","floor":36,"turns":4},{"damage":9,"enemies":"Spire Growth","floor":37,"turns":4},{"damage":29,"enemies":"Jaw Worm Horde","floor":38,"turns":3},{"damage":2,"enemies":"4 Shapes","floor":39,"turns":5},{"damage":0,"enemies":"R_Hoarder","floor":41,"turns":4},{"damage":0,"enemies":"Mind Bloom Boss Battle","floor":45,"turns":3},{"damage":0,"enemies":"Transient","floor":48,"turns":5},{"damage":0,"enemies":"Awakened One","floor":50,"turns":4}],"seed_played":"-4575788558612373851","potions_obtained":[{"floor":4,"key":"blueLaboratory:PolymorphPotion"},{"floor":13,"key":"Reflective Coating"},{"floor":16,"key":"Fire Potion"},{"floor":18,"key":"LifebloodPotion"},{"floor":22,"key":"blueLaboratory:ConsumingVoid"},{"floor":33,"key":"Ancient Potion"},{"floor":35,"key":"Swift Potion"},{"floor":38,"key":"blueLaboratory:FruitPunch"},{"floor":39,"key":"ColorlessPotion"},{"floor":41,"key":"Energy Potion"}],"is_trial":false,"path_per_floor":["M","?","?","M","$","R","?","M","T","E","R","M","M","M","R","B",null,"M","?","?","?","M","R","M","M","T","R","M","R","M","$","R","B",null,"M","M","M","M","M","R","E","$","T","?","?","R","?","M","R","B",null],"character_chosen":"DEFECT","items_purchased":["Bird Faced Urn","Replay:Baseball","FIFO Queue","Sweeping Beam"],"campfire_rested":1,"item_purchase_floors":[31,31,31,42],"current_hp_per_floor":[75,75,68,68,68,68,68,68,68,28,28,21,21,20,20,75,76,47,47,31,31,31,31,88,88,88,88,65,65,39,39,72,96,116,111,117,125,113,128,128,148,148,148,148,155,155,155,161,161,165],"gold":352,"neow_bonus":"THREE_ENEMY_KILL","is_daily":false,"chose_seed":false,"campfire_upgraded":9,"win_rate":0.0,"timestamp":1608744523,"path_taken":["M","?","?","M","$","R","?","M","T","E","R","M","M","M","R","BOSS","M","?","?","?","M","R","M","M","T","R","M","R","?","$","R","BOSS","M","M","M","M","M","R","E","$","T","?","?","R","?","?","R","BOSS"],"items_purchased_type":["Relic","Relic","Card","Card"],"build_version":"2020-12-22","purchased_purges":3,"victory":true,"max_hp_per_floor":[75,75,75,75,75,75,75,75,75,75,75,75,75,75,75,76,76,80,80,80,80,81,81,94,104,104,104,109,109,112,112,112,116,116,125,133,137,140,146,146,148,148,148,148,158,158,158,161,161,165],"card_choices":[{"not_picked":["Hologram","Compile Driver","Stack"],"picked":"SKIP","floor":1},{"not_picked":["Redo","Ball Lightning"],"picked":"Coolheaded","floor":4},{"not_picked":["ReplayTheSpireMod:System Scan","Redo"],"picked":"Machine Learning","floor":8},{"not_picked":["Leap","Hologram"],"picked":"Cold Snap","floor":10},{"not_picked":["Coolheaded","Double Energy"],"picked":"Hello World","floor":12},{"not_picked":["Streamline","Barrage"],"picked":"Defragment","floor":13},{"not_picked":["Compile Driver","Blizzard"],"picked":"Fusion","floor":14},{"not_picked":["Multi-Cast","Fission"],"picked":"Reboot","floor":16},{"not_picked":["Leap","Go for the Eyes+1"],"picked":"Double Energy","floor":18},{"not_picked":["Go for the Eyes","Streamline"],"picked":"BasicCrystalCard","floor":22},{"not_picked":["Scrape","Leap+1"],"picked":"AT_HeatAcrobatics","floor":24},{"not_picked":["Streamline","Double Energy"],"picked":"Doom and Gloom","floor":25},{"not_picked":["Go for the Eyes","ReplayTheSpireMod:Reroute Power","Genetic Algorithm"],"picked":"SKIP","floor":28},{"not_picked":["AT_HeatAcrobatics","ReplayTheSpireMod:Reroute Power"],"picked":"Self Repair","floor":30},{"not_picked":["Biased Cognition","ReplayTheSpireMod:Omega Cannon"],"picked":"Seek","floor":33},{"not_picked":["Gash+1","Beam Cell+1","Compile Driver"],"picked":"SKIP","floor":35},{"not_picked":["Stack+1","Hologram+1"],"picked":"Panic Button+1","floor":36},{"not_picked":["Conserve Battery","Leap+1","Self Repair"],"picked":"SKIP","floor":36},{"not_picked":["Steam+1","Panic Button+1"],"picked":"Coolheaded+1","floor":37},{"not_picked":["Go for the Eyes","ReplayTheSpireMod:Omega Cannon","Steam"],"picked":"SKIP","floor":37},{"not_picked":["Go for the Eyes+1","Barrage"],"picked":"Heatsinks","floor":38},{"not_picked":["ReplayTheSpireMod:Reroute Power+1","Gash+1","Stack+1"],"picked":"SKIP","floor":38},{"not_picked":["Cold Snap+1","Barrage+1"],"picked":"AT_ThunderBolt+1","floor":39},{"not_picked":["Streamline","Beam Cell+1","Panic Button+1"],"picked":"SKIP","floor":39},{"not_picked":["Ball Lightning","Genetic Algorithm+1","Barrage"],"picked":"SKIP","floor":41},{"not_picked":["ReplayTheSpireMod:Private Reserves","Bandage Up"],"picked":"Magnetism","floor":44},{"not_picked":["Barrage+1","Go for the Eyes"],"picked":"ReplaySort","floor":48},{"not_picked":["Gash+1","Reinforced Body+1","Coolheaded+1"],"picked":"SKIP","floor":48}],"player_experience":34700,"relics_obtained":[{"floor":9,"key":"Blue Candle"},{"floor":10,"key":"ReplayTheSpireMod:Ninjato"},{"floor":21,"key":"ReplayTheSpireMod:Ring of Collecting"},{"floor":21,"key":"ReplayTheSpireMod:Ring of Challenge"},{"floor":26,"key":"Bag of Marbles"},{"floor":26,"key":"Ring of Peace"},{"floor":28,"key":"Blue Doll"},{"floor":36,"key":"HornCleat"},{"floor":41,"key":"Boot"},{"floor":41,"key":"AT_ForceNature"},{"floor":43,"key":"Ring of Shattering"},{"floor":43,"key":"Regal Pillow"},{"floor":45,"key":"AT_RabadonDeathcap"}],"event_choices":[{"cards_removed":["Strike_B"],"damage_healed":0,"gold_gain":0,"player_choice":"Card Removal","damage_taken":7,"max_hp_gain":0,"max_hp_loss":0,"event_name":"Golden Wing","floor":3,"gold_loss":0},{"damage_healed":0,"gold_gain":0,"player_choice":"Stole Relic","damage_taken":0,"relics_obtained":["Calipers"],"max_hp_gain":0,"max_hp_loss":0,"event_name":"Addict","floor":19,"gold_loss":0,"cards_obtained":["Shame"]},{"damage_healed":0,"gold_gain":0,"player_choice":"Obtained Book","damage_taken":16,"max_hp_gain":0,"max_hp_loss":0,"event_name":"Cursed Tome","floor":20,"gold_loss":0},{"damage_healed":0,"gold_gain":0,"player_choice":"Memory 1","damage_taken":0,"max_hp_gain":0,"max_hp_loss":0,"event_name":"SensoryStone","floor":44,"gold_loss":0},{"damage_healed":0,"gold_gain":0,"player_choice":"Fight","damage_taken":0,"max_hp_gain":0,"max_hp_loss":0,"event_name":"MindBloom","floor":45,"gold_loss":0},{"cards_removed":["Defend_B"],"damage_healed":0,"gold_gain":0,"player_choice":"Offered Basic","damage_taken":0,"max_hp_gain":0,"max_hp_loss":0,"event_name":"Bonfire Elementals","floor":47,"gold_loss":0}],"is_beta":false,"boss_relics":[{"not_picked":["Coffee Dripper","Fusion Hammer"],"picked":"Philosopher\u0027s Stone"},{"not_picked":["Tiny House","Painkiller Herb"],"picked":"Nuclear Battery"}],"items_purged_floors":[5,31,42],"is_endless":false,"potions_floor_spawned":[4,13,16,18,22,33,35,38,39,41],"ascension_level":0}}