{"host":"j3r4ojrvem2gk7jb","time":1608692132,"event":{"mods":["BaseMod","BetterRewards","DeckTracker","Duelist Mod","Halation","Hubris","Infinite Spire","Marisa????????","Mimic Mod","Minty Spire (QoL Compilation)","Replay The Spire","StSLib","Td1madao Mod","The Animator","The Bug Knight","The Cursed","The Hierophant","The Jungle","The Mystic","The Necromancer","The Senshi","The Servant 0.9.4"],"gold_per_floor":[114,114,129,144,144,174,178,178,178,178,178,197,197,47,47,172,172,191,210,60,6,25,44,63,101,144,144,163,182,182,201,201,326,326,345,364,264,283,208,208,208],"floor_reached":40,"playtime":2916,"items_purged":["ReplayTheSpireMod:Necrosis"],"score":510,"play_id":"0cb32eaa-488e-4078-860f-41dc252a4a37","local_time":"20201223025532","daily_mods":["SealedDeck","Red Cards","Night Terrors"],"is_ascension_mode":false,"campfire_choices":[{"floor":13,"key":"REST"},{"data":"Terror","floor":15,"key":"SMITH"},{"data":"Tactician","floor":30,"key":"SMITH"},{"floor":32,"key":"REST"}],"circlet_count":0,"master_deck":["Choke","ReplayTheSpireMod:Scrap Shanks","Cloak And Dagger","Hidden Blade","Underhanded Strike","Acrobatics","Sucker Punch","Dagger Spray","ReplayTheSpireMod:Limb From Limb","Terror+1","Infinite Blades","Tactician+1","Life Link","Injury","Corpse Explosion"],"relics":["Ring of the Snake","halation:PinkSoulGem","hubris:OldNail","Odd Mushroom","Pondfish Scales","theSenshi:SuperSailorFukuRelic","Golden Idol","HollowMod:JonisBlessing","Replay:Fungal Core","halation:PrussianBluePaint","Pet Ghost","halation:KoshaPiece","hubris:Spice","hubris:Backtick","infinitespire:DarkRift"],"acts_visited":["Exordium","TheCity","TheBeyond"],"potions_floor_usage":[],"damage_taken":[{"damage":5,"enemies":"Jaw Worm","floor":1,"turns":3},{"damage":6,"enemies":"2 Louse","floor":3,"turns":2},{"damage":0,"enemies":"Small Slimes","floor":4,"turns":2},{"damage":8,"enemies":"HollowMod:MossKnight","floor":6,"turns":3},{"damage":18,"enemies":"The Mushroom Lair","floor":7,"turns":2},{"damage":0,"enemies":"2 Fungi Beasts","floor":12,"turns":3},{"damage":0,"enemies":"Fading Forest","floor":16,"turns":11},{"damage":0,"enemies":"Shell Parasite","floor":18,"turns":1},{"damage":0,"enemies":"Chosen","floor":19,"turns":4},{"damage":7,"enemies":"Centurion and Healer","floor":22,"turns":4},{"damage":5,"enemies":"Snake Plant","floor":23,"turns":4},{"damage":8,"enemies":"Snecko","floor":24,"turns":4},{"damage":0,"enemies":"HollowMod:Nosk","floor":25,"turns":7},{"damage":0,"enemies":"Shelled Parasite and Fungi","floor":26,"turns":4},{"damage":1,"enemies":"Shelled Parasite and Fungi","floor":28,"turns":3},{"damage":0,"enemies":"Snake Plant","floor":29,"turns":2},{"damage":15,"enemies":"Centurion and Healer","floor":31,"turns":4},{"damage":65,"enemies":"Collector","floor":33,"turns":9},{"damage":2,"enemies":"Orb Walker","floor":35,"turns":3},{"damage":0,"enemies":"3 Shapes","floor":36,"turns":2},{"damage":9,"enemies":"Maw","floor":38,"turns":5},{"damage":60,"enemies":"Nightmare","floor":40,"turns":4}],"seed_played":"4926568582952100995","potions_obtained":[{"floor":1,"key":"Death Potion"},{"floor":6,"key":"Milkshake"},{"floor":7,"key":"EssenceOfSteel"},{"floor":31,"key":"Explosive Potion"},{"floor":33,"key":"AttackPotion"}],"is_trial":false,"path_per_floor":["M","?","M","M","$","E","?","?","T","?","?","M","R","$","R","B",null,"M","M","$","?","M","M","M","E","MIM","AVR","M","M","R","M","R","B",null,"M","M","NS","M","$","NM"],"character_chosen":"THE_SILENT","items_purchased":["HollowMod:JonisBlessing","halation:PrussianBluePaint"],"campfire_rested":2,"item_purchase_floors":[14,20],"current_hp_per_floor":[65,65,59,59,59,51,33,8,8,31,31,31,65,65,65,65,65,65,65,65,65,58,53,45,45,45,53,52,52,52,37,68,3,68,66,66,66,57,57,0,0],"gold":208,"neow_bonus":"","is_daily":true,"chose_seed":false,"campfire_upgraded":2,"win_rate":0.0,"timestamp":1608692132,"path_taken":["M","?","M","M","$","E","?","?","T","?","?","M","R","?","R","BOSS","M","?","?","?","M","M","M","E","MIM","AVR","?","M","R","M","R","BOSS","M","M","NS","M","$","NM"],"items_purchased_type":["Relic","Relic"],"build_version":"2020-12-13","purchased_purges":1,"victory":false,"max_hp_per_floor":[70,70,70,70,70,70,70,70,70,70,70,70,65,65,65,65,65,65,65,65,65,65,65,65,65,65,73,73,73,73,73,68,68,68,68,68,68,68,68,68,68],"card_choices":[{"not_picked":["Crippling Poison","Havoc"],"picked":"Infinite Blades","floor":1},{"not_picked":["hubris:SlightOfHand","Concentrate","Deflect"],"picked":"SKIP","floor":3},{"not_picked":["Quick Slash","Twin Strike","Dagger Throw"],"picked":"SKIP","floor":4},{"not_picked":["Expertise","Wild Strike"],"picked":"Tactician","floor":6},{"not_picked":["ReplayReversal","Dagger Throw"],"picked":"Life Link","floor":7},{"not_picked":["Perfected Strike","Predator","Footwork"],"picked":"SKIP","floor":12},{"not_picked":["Hemogenesis","Brutality"],"picked":"Corpse Explosion","floor":16},{"not_picked":["Warcry","Shrug It Off","Flying Knee"],"picked":"SKIP","floor":18},{"not_picked":["Intimidate","Anger+1","Iron Wave"],"picked":"SKIP","floor":19},{"not_picked":["Hidden Blade+1","Clash+1","Dropkick"],"picked":"SKIP","floor":22},{"not_picked":["Leg Sweep+1","Flying Knee","PiercingWail"],"picked":"SKIP","floor":23},{"not_picked":["Havoc+1","Sucker Punch","ReplayTheSpireMod:Strike From Hell"],"picked":"SKIP","floor":24},{"not_picked":["Heel Hook","Perfected Strike+1","Endless Agony"],"picked":"SKIP","floor":25},{"not_picked":["Heavy Blade","Quick Slash"],"picked":"Caltrops+1","floor":26},{"not_picked":["Spot Weakness","Warcry"],"picked":"Sentinel+1","floor":28},{"not_picked":["Sucker Punch","Shrug It Off","Intimidate"],"picked":"SKIP","floor":29},{"not_picked":["Run Through","True Grit","hubris:TrickCloak+1"],"picked":"SKIP","floor":31},{"not_picked":["Wraith Form v2","Malaise"],"picked":"ReplayTheSpireMod:Necrosis","floor":33},{"not_picked":["Twin Strike","Bloodletting","Pommel Strike+1"],"picked":"SKIP","floor":35},{"not_picked":["hubris:ReadiedAction+1","Outmaneuver","Sword Boomerang"],"picked":"SKIP","floor":36},{"not_picked":["Dagger Throw","Pommel Strike","ReplayTheSpireMod:Strike From Hell"],"picked":"SKIP","floor":38}],"player_experience":313748,"relics_obtained":[{"floor":6,"key":"hubris:OldNail"},{"floor":7,"key":"Odd Mushroom"},{"floor":9,"key":"theSenshi:SuperSailorFukuRelic"},{"floor":25,"key":"halation:KoshaPiece"}],"event_choices":[{"damage_healed":0,"gold_gain":0,"player_choice":"Fought Mushrooms","damage_taken":0,"max_hp_gain":0,"max_hp_loss":0,"event_name":"Mushrooms","floor":7,"gold_loss":0},{"damage_healed":0,"gold_gain":0,"player_choice":"Success","damage_taken":25,"relics_obtained":["Pondfish Scales"],"max_hp_gain":0,"max_hp_loss":0,"event_name":"Scrap Ooze","floor":8,"gold_loss":0},{"damage_healed":23,"gold_gain":0,"player_choice":"Banana","damage_taken":0,"max_hp_gain":0,"max_hp_loss":0,"event_name":"Big Fish","floor":10,"gold_loss":0},{"damage_healed":0,"gold_gain":0,"player_choice":"Take Wound","damage_taken":0,"relics_obtained":["Golden Idol"],"max_hp_gain":0,"max_hp_loss":0,"event_name":"Golden Idol","floor":11,"gold_loss":0,"cards_obtained":["Injury"]},{"damage_healed":0,"gold_gain":0,"player_choice":"Paid Gold","damage_taken":0,"relics_obtained":["Pet Ghost"],"max_hp_gain":0,"max_hp_loss":0,"event_name":"WeMeetAgain","floor":21,"gold_loss":54}],"is_beta":false,"boss_relics":[{"not_picked":["Ectoplasm","halation:ForbiddenBikini"],"picked":"Replay:Fungal Core"},{"not_picked":["hubris:Spice","hubris:Spice"],"picked":"hubris:Backtick"}],"items_purged_floors":[39],"is_endless":false,"potions_floor_spawned":[1,6,7,16,18,22,28,29,31,33,36],"killed_by":"Nightmare","ascension_level":0}}