{"host":"kiauivt48syq9iz6","time":1608719780,"event":{"mods":["BaseMod","Conspire","Downfall","Hermit","Minty Spire (QoL Compilation)","Replay The Spire","SIMod","StSLib","The Animator","The Construct","The Cursed","The Runesmith","The Servant 0.9.4"],"gold_per_floor":[109,144,144,162,178,191,224,224,274,288,304,304,87,117,117,217,217,230,243,254,214,214,214],"floor_reached":22,"playtime":892,"items_purged":["hermit:Defend_Hermit"],"score":198,"play_id":"97772481-4059-425e-b3b8-0aba5d23f80e","local_time":"20201223033620","is_ascension_mode":false,"campfire_choices":[{"floor":8,"key":"REST"},{"floor":15,"key":"REST"}],"circlet_count":0,"master_deck":["hermit:Strike_Hermit+1","hermit:Strike_Hermit","hermit:Strike_Hermit","hermit:Defend_Hermit","hermit:Defend_Hermit+1","hermit:Defend_Hermit","hermit:Snapshot","hermit:Covet","hermit:WideOpen+1","hermit:Snipe","hermit:BigShot","hermit:WideOpen+1","hermit:ItchyTrigger+1","hermit:GoldenBullet+1","hermit:Quickdraw+1","hermit:TrackingShot+1","hermit:CalledShot+1","hermit:Purgatory+1","hermit:Roughhouse+1","hermit:ShadowCloak","Clumsy","hermit:Dive","hermit:Vantage","hermit:Dive","hermit:Dissolve+1","hermit:Roulette+1","hermit:Grudge+1","hermit:GhostlyPresence"],"relics":["hermit:Momento","Molten Egg 2","Potion Belt","MealTicket","ReplayTheSpireMod:CursedCoin","Whetstone","conspire:SpecialSausage"],"acts_visited":["Exordium","TheCity"],"potions_floor_usage":[6,7,7,10,14,18],"damage_taken":[{"damage":1,"enemies":"Cultist","floor":1,"turns":3},{"damage":7,"enemies":"conspire:MimicChest","floor":2,"turns":4},{"damage":4,"enemies":"2 Louse","floor":4,"turns":3},{"damage":5,"enemies":"Small Slimes","floor":5,"turns":3},{"damage":6,"enemies":"Exordium Thugs","floor":6,"turns":4},{"damage":1,"enemies":"Gremlin Nob","floor":7,"turns":3},{"damage":9,"enemies":"Lots of Slimes","floor":10,"turns":4},{"damage":0,"enemies":"2 Fungi Beasts","floor":11,"turns":2},{"damage":12,"enemies":"Lagavulin","floor":14,"turns":5},{"damage":72,"enemies":"The Guardian","floor":16,"turns":9},{"damage":35,"enemies":"3 Byrds","floor":18,"turns":5},{"damage":0,"enemies":"Chosen","floor":19,"turns":6},{"damage":23,"enemies":"Shelled Parasite and Fungi","floor":20,"turns":6},{"damage":20,"enemies":"Chosen and Byrds","floor":22,"turns":6}],"seed_played":"-7164943588144462547","potions_obtained":[{"floor":3,"key":"Toxic Potion"},{"floor":3,"key":"Weak Potion"},{"floor":3,"key":"AttackPotion"},{"floor":5,"key":"hermit:Tonic"},{"floor":7,"key":"LiquidBronze"},{"floor":11,"key":"hermit:Tonic"},{"floor":16,"key":"Fire Potion"},{"floor":20,"key":"sneckomod:MuddlingPotion"}],"is_trial":false,"path_per_floor":["M","?","?","M","M","M","E","R","T","M","M","?","$","E","R","B",null,"M","M","M","?","M"],"character_chosen":"HERMIT","items_purchased":["hermit:Roughhouse+1","hermit:ShadowCloak","ReplayTheSpireMod:CursedCoin","hermit:Dive","hermit:Vantage"],"campfire_rested":2,"item_purchase_floors":[13,13,13,13,13],"current_hp_per_floor":[74,67,67,63,58,52,51,73,73,64,64,64,75,63,75,3,75,40,40,17,17,0,0],"gold":214,"neow_bonus":"THREE_CARDS","is_daily":false,"chose_seed":false,"campfire_upgraded":0,"win_rate":0.0,"timestamp":1608719780,"path_taken":["M","?","?","?","M","?","E","R","T","M","M","?","$","E","R","BOSS","M","M","?","?","M"],"items_purchased_type":["Card","Card","Relic","Card","Card"],"build_version":"2020-12-22","purchased_purges":1,"victory":false,"max_hp_per_floor":[75,75,75,75,75,75,75,75,75,75,75,75,75,75,75,75,75,75,75,75,75,75,75],"card_choices":[{"not_picked":["hermit:CalledShot","hermit:HoleUp"],"picked":"hermit:WideOpen","floor":0},{"not_picked":["hermit:Horror","hermit:Manifest"],"picked":"hermit:Snipe","floor":1},{"not_picked":["hermit:HoleUp","hermit:SprayPray+1"],"picked":"hermit:BigShot","floor":2},{"not_picked":["hermit:LuckOfTheDraw","hermit:TakeAim"],"picked":"hermit:WideOpen+1","floor":4},{"not_picked":["hermit:SprayPray+1","hermit:LuckOfTheDraw"],"picked":"hermit:ItchyTrigger+1","floor":5},{"not_picked":["hermit:Desperado+1","hermit:CursedWeapon+1"],"picked":"hermit:GoldenBullet+1","floor":6},{"not_picked":["hermit:Brawl","hermit:FinalCanter+1"],"picked":"hermit:Quickdraw+1","floor":7},{"not_picked":["hermit:TakeAim","hermit:Headshot+1"],"picked":"hermit:TrackingShot+1","floor":10},{"not_picked":["hermit:LowProfile","hermit:ItchyTrigger+1"],"picked":"hermit:CalledShot+1","floor":11},{"not_picked":["hermit:HeroicBravado","hermit:Ricochet+1"],"picked":"hermit:Dive","floor":14},{"not_picked":["hermit:DeadOrAlive+1","hermit:Roughhouse+1"],"picked":"hermit:Dissolve","floor":16},{"not_picked":["hermit:TakeCover","hermit:Glare"],"picked":"hermit:Roulette+1","floor":18},{"not_picked":["hermit:Misfire+1","hermit:CalledShot+1"],"picked":"hermit:Grudge+1","floor":19},{"not_picked":["hermit:WideOpen+1","hermit:Dive"],"picked":"hermit:GhostlyPresence","floor":20}],"player_experience":16231,"relics_obtained":[{"floor":2,"key":"Molten Egg 2"},{"floor":7,"key":"Potion Belt"},{"floor":9,"key":"MealTicket"},{"floor":14,"key":"Whetstone"}],"event_choices":[{"damage_healed":0,"gold_gain":0,"player_choice":"Got Potions","damage_taken":0,"max_hp_gain":0,"max_hp_loss":0,"event_name":"Lab","floor":3,"gold_loss":0},{"damage_healed":0,"gold_gain":0,"cards_transformed":["hermit:Strike_Hermit"],"player_choice":"Transformed","damage_taken":0,"max_hp_gain":0,"max_hp_loss":0,"event_name":"Transmorgrifier","floor":12,"gold_loss":0,"cards_obtained":["hermit:Purgatory"]},{"damage_healed":0,"gold_gain":0,"player_choice":"Upgraded Two","damage_taken":0,"max_hp_gain":0,"max_hp_loss":0,"event_name":"Designer","floor":21,"gold_loss":40,"cards_upgraded":["hermit:Defend_Hermit","hermit:Dissolve"]}],"is_beta":false,"boss_relics":[{"not_picked":["Black Star","Ectoplasm"],"picked":"conspire:SpecialSausage"}],"items_purged_floors":[13],"is_endless":false,"potions_floor_spawned":[5,7,11,16,20],"killed_by":"Chosen and Byrds","ascension_level":0}}