{"host":"cmxkjr0hek4mqvmn","time":1608764224,"event":{"mods":["BaseMod","Beaked The Cultist","Better Match","Better Skull","Better Third Choice","BetterRewards","Clawfect","Colored Map","Displayed Cursed Tome","Duelist Mod","GifTheSpireLib","Hermit","Hubris","JesterMod","Mimic Mod","Minty Spire (QoL Compilation)","Quick Restart","Robot Space Explorer","StSLib","The Bladedancer","The Blue Laboratory","The Cursed","Thieving Mod","Waifu the Spire"],"gold_per_floor":[215,235,251,261,276,276,303,333,373,373,390,390,417,430,430,529,529,539,552,552,552,552,552,579,579,605,618,618,618,618],"floor_reached":29,"playtime":3341,"items_purged":[],"score":280,"play_id":"4b8dfdb4-15c6-4ba7-bc35-cca4126fd0df","local_time":"20201223175704","is_ascension_mode":false,"campfire_choices":[{"data":"Loop","floor":6.0,"key":"SMITH"},{"data":"Clawfect:ClawLightning","floor":12.0,"key":"SMITH"},{"floor":15.0,"key":"REST"},{"floor":23.0,"key":"REST"},{"data":"Buffer","floor":25.0,"key":"SMITH"},{"floor":28,"key":"REST"}],"circlet_count":0,"master_deck":["Gash","Gash","Gash","Gash","Gash","Defend_B","Defend_B","Defend_B","Defend_B","Defend_B","Clawfect:ScrapingClaw","Skim","Skim","Madness","Clawfect:Clawrage","Clawfect:ClawLightning+1","Conserve Battery","Storm","Reinforced Body","Buffer+1","Gash+1","White Noise+1","Necronomicurse","Heatsinks","White Noise"],"relics":["Clawfect:DRClaw","hubris:RGBLights","Art of War","hubris:SlimyHat","Calipers","Black Star","Necronomicon","hubris:SoftwareUpdate","Pantograph","Bag of Preparation"],"acts_visited":["Exordium","TheCity"],"potions_floor_usage":[27],"damage_taken":[{"damage":2.0,"enemies":"Jaw Worm","floor":1.0,"turns":4.0},{"damage":2.0,"enemies":"Small Slimes","floor":2.0,"turns":4.0},{"damage":5.0,"enemies":"2 Louse","floor":3.0,"turns":3.0},{"damage":10.0,"enemies":"Exordium Thugs","floor":4.0,"turns":4.0},{"damage":1.0,"enemies":"2 Fungi Beasts","floor":5.0,"turns":3.0},{"damage":13.0,"enemies":"Lagavulin","floor":7.0,"turns":4.0},{"damage":9.0,"enemies":"Looter","floor":9.0,"turns":6.0},{"damage":5.0,"enemies":"Looter","floor":11.0,"turns":3.0},{"damage":28.0,"enemies":"3 Sentries","floor":13.0,"turns":5.0},{"damage":16.0,"enemies":"Lots of Slimes","floor":14.0,"turns":3.0},{"damage":19.0,"enemies":"Hexaghost","floor":16.0,"turns":6.0},{"damage":12.0,"enemies":"Shell Parasite","floor":18.0,"turns":6.0},{"damage":14.0,"enemies":"3 Byrds","floor":19.0,"turns":6.0},{"damage":14.0,"enemies":"theDuelist:KaibaA2","floor":24.0,"turns":4.0},{"damage":31,"enemies":"Snake Plant","floor":27,"turns":5},{"damage":35,"enemies":"Book of Stabbing","floor":29,"turns":5}],"seed_played":"7547003545162070253","potions_obtained":[{"floor":3.0,"key":"FearPotion"},{"floor":5.0,"key":"blueLaboratory:FruitPunch"},{"floor":7.0,"key":"ColorlessPotion"},{"floor":13.0,"key":"Energy Potion"},{"floor":14.0,"key":"blueLaboratory:PyrophylliteBrew"},{"floor":18.0,"key":"Dexterity Potion"},{"floor":19.0,"key":"blueLaboratory:TeslaPotion"},{"floor":24.0,"key":"blueLaboratory:RelayPotion"}],"is_trial":false,"path_per_floor":["M","M","M","M","M","R","E","?","MIM","?","M","R","E","M","R","B",null,"M","M","?","?","?","R","E","R","T","M","R","E"],"character_chosen":"DEFECT","items_purchased":[],"campfire_rested":3,"item_purchase_floors":[],"current_hp_per_floor":[73,71,66,56,55,55,44,44,35,77,72,72,44,28,51,32,77,65,51,51,51,35,58,44,44,44,13,36,1,1],"gold":618,"neow_bonus":"HUNDRED_GOLD","is_daily":false,"chose_seed":false,"campfire_upgraded":3,"win_rate":0.0,"timestamp":1608764224,"path_taken":["M","M","M","M","M","R","E","?","MIM","?","M","R","E","M","R","BOSS","M","M","?","?","?","R","E","R","T","?","R","E"],"items_purchased_type":[],"build_version":"2020-12-22","purchased_purges":0,"victory":false,"max_hp_per_floor":[75,75,75,75,75,75,77,77,77,77,77,77,77,77,77,77,77,77,77,77,77,77,77,77,77,77,77,77,77,77],"card_choices":[{"not_picked":["Leap","Redo"],"picked":"Clawfect:ScrapingClaw","floor":1.0},{"not_picked":["Clawfect:Clawrage","Chaos"],"picked":"Skim","floor":2.0},{"not_picked":["Clawfect:ClawingBeam","Clawfect:Clawter"],"picked":"Skim","floor":3.0},{"not_picked":["Redo","Blizzard"],"picked":"FTL","floor":4.0},{"not_picked":["Aggregate","Darkness"],"picked":"Loop","floor":5.0},{"not_picked":["Hologram","Steam"],"picked":"Clawfect:Clawrage","floor":7.0},{"not_picked":["Clawfect:ScrapingClaw","Coolheaded"],"picked":"Clawfect:ClawLightning","floor":9.0},{"not_picked":["Turbo","Auto Shields"],"picked":"Conserve Battery","floor":11.0},{"not_picked":["Thunder Strike","Reprogram"],"picked":"Storm","floor":13.0},{"not_picked":["Clawfect:Clawrage","Loop"],"picked":"Reinforced Body","floor":14.0},{"not_picked":["Creative AI","hubris:SpecializedCircuitry"],"picked":"Buffer","floor":16.0},{"not_picked":["Clawfect:ClawingBeam","Storm"],"picked":"Gash+1","floor":18.0},{"not_picked":["Stack","Double Energy+1"],"picked":"White Noise+1","floor":19.0},{"not_picked":["Redo+1","Hologram"],"picked":"Heatsinks","floor":24.0},{"not_picked":["Rebound","Redo+1"],"picked":"White Noise","floor":27}],"player_experience":527620,"relics_obtained":[{"floor":7.0,"key":"hubris:RGBLights"},{"floor":9.0,"key":"hubris:SlimyHat"},{"floor":13.0,"key":"Calipers"},{"floor":24.0,"key":"hubris:SoftwareUpdate"},{"floor":24.0,"key":"Pantograph"},{"floor":26.0,"key":"Bag of Preparation"}],"event_choices":[{"damage_healed":0.0,"max_hp_gain":0.0,"max_hp_loss":0.0,"gold_gain":30.0,"event_name":"Dead Adventurer","player_choice":"Searched \u00273\u0027 times","floor":8.0,"gold_loss":0.0,"damage_taken":0.0,"relics_obtained":["Art of War"]},{"cards_removed":["Loop"],"damage_healed":42.0,"max_hp_gain":0.0,"max_hp_loss":0.0,"gold_gain":0.0,"event_name":"Bonfire Elementals","player_choice":"Offered Uncommon","floor":10.0,"gold_loss":0.0,"damage_taken":0.0},{"damage_healed":0.0,"max_hp_gain":0.0,"max_hp_loss":0.0,"gold_gain":0.0,"event_name":"Ghosts","player_choice":"Ignored","floor":20.0,"gold_loss":0.0,"damage_taken":0.0},{"damage_healed":0.0,"max_hp_gain":0.0,"max_hp_loss":0.0,"gold_gain":0.0,"event_name":"Vampires","player_choice":"Ignored","floor":21.0,"gold_loss":0.0,"damage_taken":0.0},{"damage_healed":0.0,"max_hp_gain":0.0,"max_hp_loss":0.0,"gold_gain":0.0,"event_name":"Cursed Tome","player_choice":"Obtained Book","floor":22.0,"gold_loss":0.0,"damage_taken":16.0}],"is_beta":false,"boss_relics":[{"not_picked":["jesterMod:MachoBrace","hubris:VirtuousBlindfold"],"picked":"Black Star"}],"items_purged_floors":[],"is_endless":false,"potions_floor_spawned":[3,5,7,13,14,18,19,24],"killed_by":"Book of Stabbing","ascension_level":0}}