{"host":"toh0bbw446wnuexf","time":1608693409,"event":{"mods":["BaseMod","Downfall","Hermit","Minty Spire (QoL Compilation)","Random Character Button","StSLib"],"gold_per_floor":[99,116,134,134,134,59,59,159,177,195,207,227,243,168,183,288,288,288,302,319,194,208,223,223,223,233,257,257,357,357,357,368,368,368,368],"floor_reached":33,"playtime":2666,"items_purged":["hexamod:Defend","hexamod:FourthSeal"],"score":255,"play_id":"969b0133-d461-4631-9526-c0d4ec6e8b3e","local_time":"20201223161649","is_ascension_mode":true,"campfire_choices":[{"floor":1,"key":"RECALL"},{"floor":6,"key":"REST"},{"floor":18,"key":"REST"},{"floor":28,"key":"REST"},{"floor":30,"key":"REST"}],"circlet_count":0,"master_deck":["hexamod:Strike","hexamod:Strike","hexamod:Strike","hexamod:Defend","hexamod:Defend","hexamod:Defend","hexamod:Sear","hexamod:Float","hexamod:InspiringFlames","hexamod:FirstSeal","hexamod:VolcanoVisage","hexamod:SoulSteal","hexamod:SpectralSpark","hexamod:CrushingStance","hexamod:Firestarter+1","hexamod:SpectralSpark"],"relics":["Fusion Hammer","Bird Faced Urn","downfall:HeartBlessingRed","The Courier","SlaversCollar","Gremlin Horn","CeramicFish","Turnip","Bottled Flame"],"acts_visited":["Exordium","TheCity"],"potions_floor_usage":[4,33,33],"damage_taken":[{"damage":0,"enemies":"2 Louse","floor":2,"turns":3},{"damage":2,"enemies":"Small Slimes","floor":3,"turns":3},{"damage":0,"enemies":"Cultist","floor":9,"turns":3},{"damage":7,"enemies":"Gremlin Gang","floor":10,"turns":6},{"damage":16,"enemies":"Lots of Slimes","floor":11,"turns":5},{"damage":14,"enemies":"Blue Slaver","floor":12,"turns":3},{"damage":11,"enemies":"Exordium Wildlife","floor":13,"turns":4},{"damage":0,"enemies":"downfall:FleeingMerchant","floor":14,"turns":4},{"damage":1,"enemies":"3 Louse","floor":15,"turns":3},{"damage":46,"enemies":"downfall:Ironclad","floor":16,"turns":9},{"damage":27,"enemies":"Spheric Guardian","floor":19,"turns":4},{"damage":27,"enemies":"Centurion and Healer","floor":20,"turns":5},{"damage":15,"enemies":"downfall:FleeingMerchant","floor":21,"turns":4},{"damage":9,"enemies":"Sentry and Sphere","floor":22,"turns":3},{"damage":32,"enemies":"Snake Plant","floor":23,"turns":3},{"damage":42,"enemies":"Snecko","floor":26,"turns":5},{"damage":64,"enemies":"downfall:Defect","floor":29,"turns":6},{"damage":36,"enemies":"Shelled Parasite and Fungi","floor":32,"turns":4},{"damage":60,"enemies":"downfall:Watcher","floor":33,"turns":6}],"seed_played":"5561620828062340079","potions_obtained":[{"floor":3,"key":"Fruit Juice"},{"floor":10,"key":"SteroidPotion"},{"floor":10,"key":"Weak Potion"},{"floor":11,"key":"hexamod:InfernoChargePotion"},{"floor":11,"key":"Fire Potion"},{"floor":14,"key":"Fire Potion"},{"floor":16,"key":"Explosive Potion"},{"floor":23,"key":"FairyPotion"},{"floor":26,"key":"FairyPotion"},{"floor":32,"key":"BlessingOfTheForge"}],"is_trial":false,"path_per_floor":["R","M","M","?","?","R","T","?","M","M","M","M","M","$","M","B",null,"R","M","M","$","M","M","T","?","M","T","R","?","R","?","M","B"],"character_chosen":"THE_SPIRIT","items_purchased":["hexamod:SpectralSpark"],"campfire_rested":4,"item_purchase_floors":[21],"current_hp_per_floor":[70,70,68,78,53,77,77,77,80,80,73,68,68,80,80,45,80,80,62,48,46,48,18,18,18,19,19,43,19,43,69,44,0,0,0],"gold":368,"neow_bonus":"BOSS_RELIC","is_daily":false,"chose_seed":false,"campfire_upgraded":0,"win_rate":0.0,"timestamp":1608693409,"path_taken":["R","M","M","?","?","R","T","?","M","?","M","M","?","$","M","BOSS","R","M","?","$","M","M","T","?","M","?","R","?","R","?","M","BOSS"],"items_purchased_type":["Card"],"build_version":"2020-12-13","purchased_purges":2,"victory":false,"max_hp_per_floor":[70,70,70,80,80,80,80,80,80,80,80,80,80,80,80,80,80,80,80,80,80,80,80,80,80,80,80,80,80,80,80,80,80,80,80],"card_choices":[{"not_picked":["hexamod:RainOfEmbers","hexamod:HauntingEcho"],"picked":"hexamod:InspiringFlames","floor":2},{"not_picked":["hexamod:ThirdSeal","hexamod:NightmareGuise"],"picked":"hexamod:FirstSeal","floor":3},{"not_picked":["hexamod:SpectralAdrenaline","hexamod:CatchUp"],"picked":"hexamod:FourthSeal","floor":9},{"not_picked":["hexamod:NightmareGuise","hexamod:Firestarter","hexamod:Incineration"],"picked":"SKIP","floor":10},{"not_picked":["hexamod:NecessarySacrifice","hexamod:RainOfEmbers","hexamod:SwordOfDarkness"],"picked":"SKIP","floor":11},{"not_picked":["hexamod:FastForward","hexamod:Hexaguard"],"picked":"hexamod:VolcanoVisage","floor":12},{"not_picked":["hexamod:RainOfEmbers","hexamod:GhostOfSpirePresent"],"picked":"hexamod:SoulSteal","floor":13},{"not_picked":["hexamod:ThermalTransfer","hexamod:Firestarter","hexamod:RetreatToShadows"],"picked":"SKIP","floor":14},{"not_picked":["hexamod:ThermalTransfer","hexamod:SuperheatedStrike"],"picked":"hexamod:SpectralSpark","floor":15},{"not_picked":["hexamod:UnlimitedPower","hexamod:ApocalypticArmor"],"picked":"hexamod:CrushingStance","floor":16},{"not_picked":["hexamod:DynamicBlow","hexamod:AdvancingGuard","hexamod:Hexaguard+1"],"picked":"SKIP","floor":19},{"not_picked":["hexamod:ShieldOfDarkness","hexamod:FastForward","hexamod:GhostOfSpirePast"],"picked":"SKIP","floor":20},{"not_picked":["hexamod:GhostflameBarrier+1","hexamod:CatchUp"],"picked":"hexamod:Firestarter+1","floor":21},{"not_picked":["hexamod:RecurringNightmare","hexamod:FirstSeal","hexamod:ShieldOfDarkness"],"picked":"SKIP","floor":22},{"not_picked":["hexamod:ShieldOfDarkness+1","hexamod:HeatCrush+1","hexamod:GhostShield"],"picked":"SKIP","floor":23},{"not_picked":["hexamod:NightmareStrike","hexamod:SpectersWail","hexamod:AdvancingGuard"],"picked":"SKIP","floor":26},{"not_picked":["hexamod:AdvancingGuard","hexamod:GhostShield+1","hexamod:ApocalypticArmor"],"picked":"SKIP","floor":32}],"player_experience":509034,"relics_obtained":[{"floor":7,"key":"The Courier"},{"floor":24,"key":"Gremlin Horn"},{"floor":27,"key":"CeramicFish"},{"floor":29,"key":"Turnip"},{"floor":29,"key":"Bottled Flame"}],"event_choices":[{"damage_healed":0,"gold_gain":0,"player_choice":"Donut","damage_taken":0,"max_hp_gain":5,"max_hp_loss":0,"event_name":"Big Fish","floor":4,"gold_loss":0},{"damage_healed":0,"gold_gain":0,"player_choice":"Success","damage_taken":25,"relics_obtained":["Bird Faced Urn"],"max_hp_gain":0,"max_hp_loss":0,"event_name":"Scrap Ooze","floor":5,"gold_loss":0},{"cards_removed":["hexamod:Strike"],"damage_healed":0,"gold_gain":0,"player_choice":"Elegance","damage_taken":0,"max_hp_gain":0,"max_hp_loss":0,"event_name":"Back to Basics","floor":25,"gold_loss":0},{"damage_healed":26,"gold_gain":0,"player_choice":"Heal","damage_taken":0,"max_hp_gain":0,"max_hp_loss":0,"event_name":"The Library","floor":31,"gold_loss":0}],"is_beta":false,"boss_relics":[{"not_picked":["Calling Bell","SacredBark"],"picked":"SlaversCollar"}],"items_purged_floors":[14,21],"is_endless":false,"potions_floor_spawned":[3,10,11,15,16,22,23,26,32],"killed_by":"downfall:Watcher","ascension_level":1}}