{"host":"rwzz6mk6bpmb57ql","time":1608709033,"event":{"mods":["AchievementEnabler","BaseMod","BetterRewards","Colored Map","Highlight Path","Hubris","Minty Spire (QoL Compilation)","Replay The Spire","StSLib"],"gold_per_floor":[6615,5750,5750,5765,5765,5765,5781,5105,5105,5135,5135,5182,5182,5213,5213,5286,5286,5306,5322,4516,4533,4425,4425,4460,4470,4539,4539,4568,4583,4583,2799,2799,2872,2872,2890,2932,1097,315,326,357,357,371,394,65,81,107,107,137,137,137,137,137,137,0,27,49],"floor_reached":57,"playtime":1953,"items_purged":["Defend_R","Sickly","Defend_R"],"score":3918,"play_id":"b02f858d-f906-4319-b7e5-0a2c91e6e59a","local_time":"20201223013713","is_ascension_mode":true,"campfire_choices":[{"floor":6,"key":"RECALL"},{"data":"Shockwave","floor":13,"key":"SMITH"},{"data":"Perfected Strike","floor":15,"key":"SMITH"},{"data":"Thunderclap","floor":23,"key":"SMITH"},{"data":"Perfected Strike","floor":30,"key":"SMITH"},{"data":"Twin Strike","floor":32,"key":"SMITH"},{"data":"Berserk","floor":41,"key":"SMITH"},{"data":"Bash","floor":47,"key":"SMITH"},{"data":"Strike_R","floor":49,"key":"SMITH"},{"data":"Strike_R","floor":53,"key":"SMITH"}],"circlet_count":0,"master_deck":["AscendersBane","Strike_R","Strike_R+1","Strike_R","Strike_R+1","Bash+1","Perfected Strike+1","Offering+1","Pommel Strike+1","Twin Strike+1","Perfected Strike+1","Shockwave+1","Offering","Thunderclap+1","Perfected Strike+1","Perfected Strike+1","Sword Boomerang+1","Berserk+1","Pommel Strike+1","ReplayTheSpireMod:LeadingStrike+1","ReplayTheSpireMod:Brewmster","Bludgeon","ReplayTheSpireMod:Brewmster","Wild Strike+1","Heavy Blade+1","ReplayTheSpireMod:Brewmster","Hemogenesis+1"],"relics":["Burning Blood","Potion Belt","Potion Belt","hubris:EmptyBottle","Pear","Nunchaku","ReplayTheSpireMod:Ring of Exchange","Orichalcum","Replay:Mystery Machine","Guide Book","Centennial Puzzle","Meat on the Bone","Ring of Chaos","Bag of Preparation","Juzu Bracelet","DollysMirror","Omamori","Onion Ring","hubris:BottledRain","Darkstone Periapt","Iron Hammer","Philosopher\u0027s Stone","Snecko Eye","ReplayTheSpireMod:TigerMarble","Anchor","Black Blood","Garlic","hubris:Spice","Replay:Rubber Ducky","Bag of Marbles","Ancient Tea Set","Bottled Lightning","Molten Egg 2","hubris:CuriousFeather","Replay:Bandana"],"acts_visited":["Exordium","TheCity","TheBeyond","TheEnding"],"potions_floor_usage":[10,10,14,14,16,16,16,16,16,16,24,24,24,24,25,28,29,29,33,33,33,33,39,39,40,40,40,40,42,42,42,42,46,46,50,50,50,50,50,50,50,50,51,51,51,51,55,55,55,55,55,55,55,55,56,56,56,56,56,56,56,56,56,56,56,56,56,56,56,56,56,56,56,56,56,56,56,56,56,56,56,56,56,56,56,56,56,56,56,56,56,56,56,56,56,56,56,56,56,56],"damage_taken":[{"damage":4,"enemies":"Small Slimes","floor":1,"turns":4},{"damage":0,"enemies":"2 Louse","floor":4,"turns":2},{"damage":18,"enemies":"Jaw Worm","floor":7,"turns":2},{"damage":6,"enemies":"Gremlin Nob","floor":10,"turns":1},{"damage":5,"enemies":"3 Sentries","floor":14,"turns":3},{"damage":45,"enemies":"Hexaghost","floor":16,"turns":5},{"damage":0,"enemies":"2 Thieves","floor":18,"turns":1},{"damage":12,"enemies":"3 Byrds","floor":19,"turns":3},{"damage":6,"enemies":"Snecko","floor":21,"turns":2},{"damage":6,"enemies":"Gremlin Leader","floor":24,"turns":1},{"damage":12,"enemies":"Snake Plant","floor":25,"turns":1},{"damage":16,"enemies":"Slavers","floor":28,"turns":2},{"damage":12,"enemies":"Shelled Parasite and Fungi","floor":29,"turns":1},{"damage":26,"enemies":"Pondfish","floor":33,"turns":4},{"damage":6,"enemies":"3 Darklings","floor":35,"turns":1},{"damage":0,"enemies":"3 Shapes","floor":39,"turns":1},{"damage":3,"enemies":"R_Hoarder","floor":40,"turns":3},{"damage":0,"enemies":"Jaw Worm Horde","floor":42,"turns":1},{"damage":25,"enemies":"4 Shapes","floor":45,"turns":1},{"damage":0,"enemies":"Nemesis","floor":46,"turns":1},{"damage":6,"enemies":"Giant Head","floor":48,"turns":2},{"damage":12,"enemies":"Donu and Deca","floor":50,"turns":2},{"damage":8,"enemies":"Time Eater","floor":51,"turns":3},{"damage":22,"enemies":"Shield and Spear","floor":55,"turns":3},{"damage":45,"enemies":"The Heart","floor":56,"turns":6}],"seed_played":"-641903252654900695","potions_obtained":[{"floor":4,"key":"SteroidPotion"},{"floor":7,"key":"Explosive Potion"},{"floor":10,"key":"Reflective Coating"},{"floor":28,"key":"ColorlessPotion"},{"floor":29,"key":"SkillPotion"},{"floor":33,"key":"Venom Potion"},{"floor":36,"key":"Fire Potion"},{"floor":36,"key":"Flashbang"},{"floor":40,"key":"Cursed Concoction"},{"floor":48,"key":"Fire Potion"}],"is_trial":false,"path_per_floor":["M","$","?","M","?","R","M","$","T","E","?","T","R","E","R","B",null,"M","M","$","M","$","R","E","M","T","?","E","M","R","$","R","B",null,"M","?","$","$","M","E","R","M","T","$","M","E","R","E","R","B","B",null,"R","$","E","B",null],"character_chosen":"IRONCLAD","items_purchased":["hubris:EmptyBottle","Pear","Nunchaku","Regen Potion","SkillPotion","Swift Potion","Twin Strike","Perfected Strike","Orichalcum","Replay:Mystery Machine","Guide Book","Bag of Preparation","Juzu Bracelet","DollysMirror","Regen Potion","ColorlessPotion","PowerPotion","Energy Potion","Adrenaline Potion","Darkstone Periapt","Iron Hammer","Philosopher\u0027s Stone","DuplicationPotion","ReplayTheSpireMod:LeadingStrike+1","ReplayTheSpireMod:Brewmster","Anchor","Black Blood","Garlic","Bludgeon","hubris:Spice","Replay:Rubber Ducky","ReplayTheSpireMod:Brewmster","Bottled Lightning","AttackPotion","ReplayTheSpireMod:Brewmster","Strength Potion"],"campfire_rested":0,"item_purchase_floors":[2,2,2,2,2,2,8,8,8,8,8,20,20,20,20,20,20,22,22,31,31,31,31,37,37,37,37,37,38,38,38,38,44,44,54,54],"current_hp_per_floor":[140,150,150,155,155,155,143,143,143,143,136,136,136,137,137,132,149,155,149,149,149,149,149,149,143,143,143,133,127,127,127,127,134,150,150,99,99,107,125,140,140,158,158,158,151,163,163,163,163,163,163,163,163,163,159,163],"gold":49,"neow_bonus":"RANDOM_EVENT","is_daily":false,"chose_seed":false,"campfire_upgraded":9,"win_rate":0.0,"timestamp":1608709033,"path_taken":["M","$","?","M","?","R","M","$","T","E","?","?","R","E","R","BOSS","M","M","$","M","$","R","E","M","T","?","E","M","R","$","R","BOSS","M","?","?","$","M","E","R","M","T","$","M","E","R","E","R","BOSS","BOSS","R","$","E","BOSS"],"items_purchased_type":["Relic","Relic","Relic","Potion","Potion","Potion","Card","Card","Relic","Relic","Relic","Relic","Relic","Relic","Potion","Potion","Potion","Potion","Potion","Relic","Relic","Relic","Potion","Card","Card","Relic","Relic","Relic","Card","Relic","Relic","Card","Relic","Potion","Card","Potion"],"build_version":"2020-12-13","purchased_purges":3,"victory":true,"max_hp_per_floor":[145,155,155,155,155,155,155,155,155,155,155,155,155,155,155,155,155,155,155,155,155,155,155,155,155,155,155,155,155,155,155,155,155,155,155,155,155,163,163,163,163,163,163,163,163,163,163,163,163,163,163,163,163,163,163,163],"card_choices":[{"not_picked":["Thunderclap","Cleave"],"picked":"Perfected Strike","floor":1},{"not_picked":["Impervious","Sword Boomerang","Thunderclap"],"picked":"SKIP","floor":4},{"not_picked":["Evolve","Cleave"],"picked":"Pommel Strike","floor":7},{"not_picked":["Hemogenesis","hubris:SharpeningStone"],"picked":"Shockwave","floor":10},{"not_picked":["Shrug It Off","Warcry","Massacre"],"picked":"SKIP","floor":14},{"not_picked":["Eclipse","Demon Form"],"picked":"Offering","floor":16},{"not_picked":["Replay:Undeath\u0027s Touch+1","Clash"],"picked":"Thunderclap","floor":18},{"not_picked":["Cleave+1","ReplayTheSpireMod:Strike From Hell","hubris:ReadiedAction"],"picked":"SKIP","floor":19},{"not_picked":["Headbutt","Demonic Infusion","Run Through+1"],"picked":"SKIP","floor":21},{"not_picked":["Reckless Charge","Cleave","Replay:Undeath\u0027s Touch+1"],"picked":"SKIP","floor":24},{"not_picked":["Thunderclap+1","Massacre","Dual Wield"],"picked":"SKIP","floor":25},{"not_picked":["ReplayTheSpireMod:Strike From Hell+1","Uppercut+1"],"picked":"Perfected Strike","floor":28},{"not_picked":["Armaments","Run Through"],"picked":"Sword Boomerang+1","floor":29},{"not_picked":["Double Tap","Brutality"],"picked":"Berserk","floor":33},{"not_picked":["Rage","Shrug It Off","True Grit"],"picked":"SKIP","floor":35},{"not_picked":["Headbutt","Flame Barrier"],"picked":"Pommel Strike+1","floor":36},{"not_picked":["ReplayTheSpireMod:Strike From Hell","Body Slam"],"picked":"Wild Strike+1","floor":39},{"not_picked":["True Grit+1","Warcry"],"picked":"Heavy Blade+1","floor":40},{"not_picked":["Exhume","Intimidate","Sword Boomerang+1"],"picked":"SKIP","floor":42},{"not_picked":["Thunderclap+1","Havoc","Armaments"],"picked":"SKIP","floor":45},{"not_picked":["Cleave+1","Seeing Red+1","ReplayTheSpireMod:Strike From Hell+1"],"picked":"SKIP","floor":46},{"not_picked":["Headbutt+1","ReplayReversal","Blood for Blood+1"],"picked":"SKIP","floor":48},{"not_picked":["Carnage+1","Body Slam+1"],"picked":"Hemogenesis+1","floor":55}],"player_experience":102443,"relics_obtained":[{"floor":3,"key":"ReplayTheSpireMod:Ring of Exchange"},{"floor":12,"key":"Centennial Puzzle"},{"floor":14,"key":"Meat on the Bone"},{"floor":24,"key":"Omamori"},{"floor":26,"key":"Onion Ring"},{"floor":28,"key":"hubris:BottledRain"},{"floor":36,"key":"ReplayTheSpireMod:TigerMarble"},{"floor":40,"key":"Bag of Marbles"},{"floor":43,"key":"Ancient Tea Set"},{"floor":46,"key":"Molten Egg 2"},{"floor":48,"key":"hubris:CuriousFeather"},{"floor":55,"key":"Replay:Bandana"}],"event_choices":[{"cards_removed":["Defend_R"],"damage_healed":0,"gold_gain":0,"player_choice":"Card Removal","damage_taken":7,"max_hp_gain":0,"max_hp_loss":0,"event_name":"Golden Wing","floor":11,"gold_loss":0},{"damage_healed":0,"gold_gain":0,"player_choice":"Ignored","damage_taken":0,"max_hp_gain":0,"max_hp_loss":0,"event_name":"The Mausoleum","floor":27,"gold_loss":0}],"is_beta":false,"boss_relics":[{"not_picked":["hubris:ScarierMask","Tiny House"],"picked":"Ring of Chaos"},{"not_picked":["Lee\u0027s Waffle","Velvet Choker"],"picked":"Snecko Eye"}],"items_purged_floors":[2,8,20],"is_endless":false,"potions_floor_spawned":[4,7,10,28,29,33,40,45,48],"ascension_level":20}}