{"host":"h5acbxt0wmjo1kpm","time":1608718366,"event":{"mods":["2.2 Compatiblity","Act Like it!","AlwaysNeverKeys","Aspiration","Bartender","BaseMod","Better Third Choice","Colored Map","Elementarium","Gensokyo","GifTheSpireLib","Hallownest","Marisa????????","Minty Spire (QoL Compilation)","Permanent Neow","Potionbrewer","Relic Filter","Replay The Spire","Robot Space Explorer","RumiaBox-????????","Shade Mod","Spicy Shops","StSLib","Strawberry Spire","The Blackbeard","The Dragon Tamer","The Forsaken","The Gatherer","The Problem Sleuth","The Servant 0.9.4","Wandering Minibosses","vexMod"],"gold_per_floor":[116,116,10,10,24,24,53,153,203,203,203,218,236,59,59,282,282,301,320,320,320,570,570,570,570],"floor_reached":24,"playtime":1453,"items_purged":["Strike_B"],"score":354,"play_id":"708fae04-0f41-4459-a003-3885f0afc1e9","local_time":"20201223021246","is_ascension_mode":true,"campfire_choices":[{"floor":6,"key":"REST"},{"data":"ReplayTheSpireMod:Fabricate Wheel","floor":10,"key":"SMITH"},{"data":"Consume","floor":15,"key":"SMITH"},{"data":"ReplayRNGCard","floor":23,"key":"SMITH"}],"circlet_count":0,"master_deck":["AscendersBane","Strike_B","Defend_B","Defend_B","Zap","Dualcast","strawberrySpire:Package+1","Storm+1","strawberrySpire:Adapter","Gensokyo:CrescentMoonSlash","Ball Lightning","BasicCrystalCard","Consume+1","Electrodynamics","strawberrySpire:BlasterWyrm","strawberrySpire:DataDump","Mirror Shield","Self Repair+1","strawberrySpire:Gammacceleration+1","ReplayRNGCard+1","Conserve Battery","Reinforced Body"],"relics":["Astrolabe","Baka","Prayer Wheel","aspiration:DSix","Divine Protection","aspiration:SeaSaltIceCream","aspiration:DSix","Prayer Wheel","aspiration:Stellarator","Frozen Eye"],"acts_visited":["Gensokyo:Gensokyo","Gensokyo:Gensokyoer"],"potions_floor_usage":[13,16,16,19],"damage_taken":[{"damage":26.0,"enemies":"Gensokyo:3_Fairies","floor":1.0,"turns":11.0},{"damage":17,"enemies":"Gensokyo:Python","floor":5,"turns":4},{"damage":35,"enemies":"Gensokyo:Cirno","floor":7,"turns":6},{"damage":4,"enemies":"Gensokyo:Gryphon","floor":12,"turns":5},{"damage":0,"enemies":"Gensokyo:Python_and_Kodama","floor":13,"turns":4},{"damage":11,"enemies":"Gensokyo:Kokoro","floor":16,"turns":9},{"damage":27,"enemies":"Gensokyo:2_Gloops","floor":18,"turns":3},{"damage":24,"enemies":"Gensokyo:3_Dogs","floor":19,"turns":4},{"damage":25,"enemies":"Gensokyo:Koishi","floor":24,"turns":6}],"seed_played":"4876795894383626309","potions_obtained":[{"floor":5,"key":"potionbrewer:ToxicPotion"},{"floor":7,"key":"EssenceOfSteel"},{"floor":13,"key":"SkillPotion"},{"floor":18,"key":"potionbrewer:DiscountPotion"}],"is_trial":false,"path_per_floor":["M","?","COS","?","M","R","E","?","T","R","$","M","M","$","R","B",null,"M","M","?","?","?","R","E"],"character_chosen":"DEFECT","items_purchased":["Self Repair+1"],"campfire_rested":1,"item_purchase_floors":[14],"current_hp_per_floor":[38,29,29,29,12,33,27,27,27,27,27,17,17,17,17,26,55,48,24,24,24,24,24,0,0],"gold":570,"neow_bonus":"BOSS_RELIC","is_daily":false,"chose_seed":false,"campfire_upgraded":3,"win_rate":0.0,"timestamp":1608718366,"path_taken":["M","?","COS","?","M","R","E","?","T","R","?","M","M","$","R","BOSS","M","M","?","?","?","R","E"],"items_purchased_type":["Card"],"build_version":"2020-12-22","purchased_purges":1,"victory":false,"max_hp_per_floor":[71,71,71,71,71,71,71,71,71,71,71,79,79,79,79,64,64,64,64,64,64,59,59,59,59],"card_choices":[{"not_picked":["Coolheaded","Crystallizer"],"picked":"strawberrySpire:Adapter","floor":1},{"not_picked":["Steam","Beam Cell"],"picked":"Ball Lightning","floor":5},{"not_picked":["Rebound","strawberrySpire:NeonFlight"],"picked":"BasicCrystalCard","floor":5},{"not_picked":["Stack","Cold Snap"],"picked":"Consume","floor":7},{"not_picked":["All For One","Beam Cell"],"picked":"strawberrySpire:BlasterWyrm","floor":12},{"not_picked":["Steam Power","Go for the Eyes"],"picked":"strawberrySpire:DataDump","floor":12},{"not_picked":["Sunder","Reinforced Body","strawberrySpire:FocalLaser"],"picked":"SKIP","floor":12},{"not_picked":["Thunder Strike","Biased Cognition"],"picked":"Mirror Shield","floor":13},{"not_picked":["Cold Snap","Steam","Reinforced Body"],"picked":"SKIP","floor":13},{"not_picked":["Darkness","Sunder","Hologram"],"picked":"SKIP","floor":13},{"not_picked":["Streamline","Hologram","Barrage"],"picked":"SKIP","floor":13},{"not_picked":["strawberrySpire:Refactor+1","Buffer+1"],"picked":"strawberrySpire:Gammacceleration+1","floor":16},{"not_picked":["Buffer","Rainbow"],"picked":"ReplayRNGCard","floor":16},{"not_picked":["Auto Shields","Tempest"],"picked":"Conserve Battery","floor":18},{"not_picked":["Go for the Eyes","White Noise"],"picked":"Reinforced Body","floor":18},{"not_picked":["Chill","BasicCrystalCard","Ball Lightning+1"],"picked":"SKIP","floor":18},{"not_picked":["Redo","Skim","Coolheaded"],"picked":"SKIP","floor":19},{"not_picked":["Rip and Tear","Ball Lightning","Redo"],"picked":"SKIP","floor":19},{"not_picked":["Melter","Conserve Battery","strawberrySpire:FocalLaser"],"picked":"SKIP","floor":19}],"player_experience":1918318,"relics_obtained":[{"floor":1,"key":"Baka"},{"floor":5,"key":"aspiration:DSix"},{"floor":7,"key":"Divine Protection"},{"floor":9,"key":"aspiration:SeaSaltIceCream"}],"event_choices":[],"is_beta":false,"boss_relics":[{"not_picked":["SlaversCollar","aspiration:WatcherSkillbook"],"picked":"aspiration:Stellarator"}],"items_purged_floors":[14],"is_endless":false,"potions_floor_spawned":[5,7,13,18],"killed_by":"Gensokyo:Koishi","ascension_level":15}}