{"host":"bux1pdxjwq4dkad9","time":1608688620,"event":{"mods":["BaseMod","Colored Map","Minty Spire (QoL Compilation)","Quick Restart","StSLib","SuperFastMode","The Alterego","【遗物Mod】简单游戏","残留之物"],"gold_per_floor":[117,117,134,151,162,162,189,206,206,220,250,268,45,45,45,144,144,156,167,167,184,30,61,71,71,71,71,71,88,114,130,130,232,232,249,265,110,110,160,160,160,35,84,112,131,150,163,194,194,194,194,194,39,69,69],"floor_reached":56,"playtime":3412,"items_purged":["PlaceholderMod:BaseStrike","PlaceholderMod:BaseStrike","PlaceholderMod:BaseStrike"],"score":1661,"play_id":"9cfd5384-10c3-42c9-bd80-9e6ca77d446e","local_time":"20201223095700","is_ascension_mode":false,"campfire_choices":[{"data":"PlaceholderMod:PoisonWhip","floor":6.0,"key":"SMITH"},{"data":"PlaceholderMod:DiffusionChemical","floor":15.0,"key":"SMITH"},{"floor":25.0,"key":"RECALL"},{"data":"1","floor":32.0,"key":"LIFT"},{"data":"PlaceholderMod:Hard","floor":40.0,"key":"SMITH"},{"data":"2","floor":49.0,"key":"LIFT"},{"data":"3","floor":52.0,"key":"LIFT"}],"circlet_count":0,"master_deck":["PlaceholderMod:BaseStrike","PlaceholderMod:BaseDefend","PlaceholderMod:BaseDefend","PlaceholderMod:BaseDefend","PlaceholderMod:BaseDefend+1","PlaceholderMod:BaseDefend","PlaceholderMod:Crystal","PlaceholderMod:PoisonWhip+1","PlaceholderMod:Sweep+1","PlaceholderMod:DiffusionChemical+1","PlaceholderMod:DissolvingSpikes+1","PlaceholderMod:Hard+1","PlaceholderMod:HornyCollision+1","Madness","Madness","PlaceholderMod:OHStrongAttack+1","PlaceholderMod:ConsolidateHit+1","PlaceholderMod:Turn+1"],"relics":["PlaceholderMod:Tancle","ImprovedEquipment","NeowsBlessing","White Beast Statue","Molten Egg 2","MealTicket","Medical Kit","Black Star","Nilry\u0027s Codex","Bag of Preparation","Tiny Chest","Vajra","MutagenicStrength","Girya","Lizard Tail","Coffee Dripper","ClockworkSouvenir","Akabeko","Strawberry","Orichalcum","Blood Vial","Bronze Scales","Happy Flower","PlaceholderMod:DeVermisMysteriis","Nunchaku","Turnip"],"acts_visited":["Exordium","TheCity","TheBeyond","TheEnding"],"potions_floor_usage":[55,55],"damage_taken":[{"damage":0.0,"enemies":"Cultist","floor":1.0,"turns":1.0},{"damage":0.0,"enemies":"2 Louse","floor":3.0,"turns":1.0},{"damage":0.0,"enemies":"Jaw Worm","floor":4.0,"turns":1.0},{"damage":0.0,"enemies":"Large Slime","floor":5.0,"turns":5.0},{"damage":0.0,"enemies":"Lagavulin","floor":7.0,"turns":5.0},{"damage":0.0,"enemies":"2 Fungi Beasts","floor":8.0,"turns":2.0},{"damage":0.0,"enemies":"3 Louse","floor":10.0,"turns":2.0},{"damage":0.0,"enemies":"3 Sentries","floor":11.0,"turns":5.0},{"damage":0.0,"enemies":"Gremlin Gang","floor":12.0,"turns":2.0},{"damage":0.0,"enemies":"Slime Boss","floor":16.0,"turns":8.0},{"damage":0.0,"enemies":"Spheric Guardian","floor":18.0,"turns":6.0},{"damage":0.0,"enemies":"Shell Parasite","floor":19.0,"turns":4.0},{"damage":0.0,"enemies":"Snake Plant","floor":21.0,"turns":4.0},{"damage":0.0,"enemies":"Book of Stabbing","floor":23.0,"turns":4.0},{"damage":0.0,"enemies":"Snecko","floor":24.0,"turns":4.0},{"damage":0.0,"enemies":"Shelled Parasite and Fungi","floor":29.0,"turns":4.0},{"damage":0.0,"enemies":"Slavers","floor":30.0,"turns":3.0},{"damage":0.0,"enemies":"Centurion and Healer","floor":31.0,"turns":5.0},{"damage":0.0,"enemies":"Collector","floor":33.0,"turns":9.0},{"damage":0.0,"enemies":"3 Shapes","floor":35.0,"turns":3.0},{"damage":0.0,"enemies":"Orb Walker","floor":36.0,"turns":3.0},{"damage":0.0,"enemies":"Nemesis","floor":44.0,"turns":7.0},{"damage":0.0,"enemies":"3 Darklings","floor":45.0,"turns":3.0},{"damage":0.0,"enemies":"Sphere and 2 Shapes","floor":46.0,"turns":5.0},{"damage":0.0,"enemies":"Spire Growth","floor":47.0,"turns":4.0},{"damage":0.0,"enemies":"Reptomancer","floor":48.0,"turns":7.0},{"damage":0.0,"enemies":"Time Eater","floor":50.0,"turns":9.0},{"damage":0.0,"enemies":"Shield and Spear","floor":54.0,"turns":6.0},{"damage":0,"enemies":"The Heart","floor":55,"turns":7}],"seed_played":"-1334435928418059721","potions_obtained":[{"floor":1.0,"key":"SmokeBomb"},{"floor":3.0,"key":"Explosive Potion"},{"floor":4.0,"key":"BlessingOfTheForge"},{"floor":5.0,"key":"ColorlessPotion"},{"floor":23.0,"key":"Swift Potion"},{"floor":44.0,"key":"PowerPotion"},{"floor":47.0,"key":"DuplicationPotion"},{"floor":54.0,"key":"ColorlessPotion"}],"is_trial":false,"path_per_floor":["M","T","M","M","M","R","E","M","T","M","E","M","$","?","R","B",null,"M","M","?","M","$","E","M","R","T","?","?","M","E","M","R","B",null,"M","M","$","?","T","R","?","$","T","E","M","M","M","E","R","B",null,"R","$","E","B",null],"character_chosen":"THE_PLACEHOLDER","items_purchased":["Medical Kit","PlaceholderMod:DissolvingSpikes+1","ClockworkSouvenir","PlaceholderMod:DeVermisMysteriis"],"campfire_rested":0,"item_purchase_floors":[13,22,37,53],"current_hp_per_floor":[78,78,78,78,78,78,78,78,78,78,78,78,78,62,62,62,78,78,78,62,62,77,77,77,77,77,77,77,77,77,77,77,77,78,78,78,78,68,68,68,68,78,85,85,85,85,85,85,85,85,85,85,85,85,85],"gold":69,"neow_bonus":"THREE_ENEMY_KILL","is_daily":false,"chose_seed":false,"campfire_upgraded":3,"win_rate":0.0,"timestamp":1608688620,"path_taken":["M","?","M","M","M","R","E","M","T","M","E","M","$","?","R","BOSS","M","M","?","M","$","E","M","R","T","?","?","M","E","M","R","BOSS","M","M","$","?","?","R","?","$","T","E","?","M","M","E","R","BOSS","R","$","E","BOSS"],"items_purchased_type":["Relic","Card","Relic","Relic"],"build_version":"2020-12-13","purchased_purges":3,"victory":true,"max_hp_per_floor":[78,78,78,78,78,78,78,78,78,78,78,78,78,78,78,78,78,78,78,78,78,78,78,78,78,78,78,78,78,78,78,78,78,78,78,78,78,78,78,78,78,78,85,85,85,85,85,85,85,85,85,85,85,85,85],"card_choices":[{"not_picked":["PlaceholderMod:FastReaction","PlaceholderMod:RadicalHit"],"picked":"PlaceholderMod:Sweep","floor":1.0},{"not_picked":["PlaceholderMod:SpinBlade","PlaceholderMod:ParasiteChange","PlaceholderMod:DiffusionChemical"],"picked":"SKIP","floor":3.0},{"not_picked":["PlaceholderMod:TriggerStrike","PlaceholderMod:StressReaction","PlaceholderMod:SprayAttack"],"picked":"SKIP","floor":4.0},{"not_picked":["PlaceholderMod:RadicalHit","PlaceholderMod:CycleAttack","PlaceholderMod:UnpureUse"],"picked":"SKIP","floor":5.0},{"not_picked":["PlaceholderMod:ComplexForm","PlaceholderMod:ChainPoly"],"picked":"PlaceholderMod:DiffusionChemical","floor":7.0},{"not_picked":["PlaceholderMod:TriggerStrike+1","PlaceholderMod:HardStinger","PlaceholderMod:DiffusionChemical"],"picked":"SKIP","floor":8.0},{"not_picked":["PlaceholderMod:Package","PlaceholderMod:PoisonBlast","PlaceholderMod:SeverePoisonStrike+1"],"picked":"SKIP","floor":10.0},{"not_picked":["PlaceholderMod:StressReaction","PlaceholderMod:Break+1","PlaceholderMod:UnpureUse"],"picked":"SKIP","floor":11.0},{"not_picked":["PlaceholderMod:SeverePoisonStrike+1","PlaceholderMod:SpinBlade+1","PlaceholderMod:OHStrongAttack+1"],"picked":"SKIP","floor":12.0},{"not_picked":["PlaceholderMod:CrystallizationStrike+1","PlaceholderMod:HardStinger+1","PlaceholderMod:Internalization+1"],"picked":"SKIP","floor":18.0},{"not_picked":["PlaceholderMod:ThreeBenzyolStart","PlaceholderMod:Hyperplasia","PlaceholderMod:PoisonExcitation+1"],"picked":"SKIP","floor":19.0},{"not_picked":["PlaceholderMod:Sweep+1","PlaceholderMod:SpinBlade+1","PlaceholderMod:HardStrike+1"],"picked":"SKIP","floor":21.0},{"not_picked":["PlaceholderMod:StressReaction","PlaceholderMod:Crystallization+1"],"picked":"PlaceholderMod:Hard","floor":23.0},{"not_picked":["PlaceholderMod:AbsorbTouch+1","PlaceholderMod:AttackAsDefend+1","PlaceholderMod:PoisonAbsorb"],"picked":"SKIP","floor":24.0},{"not_picked":["PlaceholderMod:HardStrike+1","PlaceholderMod:ChainPoly+1","PlaceholderMod:ComplexForm+1"],"picked":"SKIP","floor":29.0},{"not_picked":["PlaceholderMod:ContinueSpray+1","PlaceholderMod:Sweep+1","PlaceholderMod:ParasiteChange"],"picked":"SKIP","floor":30.0},{"not_picked":["PlaceholderMod:DiffusionChemical","PlaceholderMod:DirectingGroup+1","PlaceholderMod:StressReaction"],"picked":"SKIP","floor":31.0},{"not_picked":["PlaceholderMod:ReactionCatalyze","PlaceholderMod:DoublePoint"],"picked":"PlaceholderMod:HornyCollision+1","floor":33.0},{"not_picked":["PlaceholderMod:OHStrongAttack+1","PlaceholderMod:StrongAcid","PlaceholderMod:DirectingGroup"],"picked":"SKIP","floor":35.0},{"not_picked":["PlaceholderMod:AngryAttack+1","PlaceholderMod:DirectingGroup","PlaceholderMod:Sweep+1"],"picked":"SKIP","floor":36.0},{"not_picked":["PlaceholderMod:SpinBlade+1","PlaceholderMod:NutritionAbsorb"],"picked":"PlaceholderMod:ConsolidateHit+1","floor":44.0},{"not_picked":["PlaceholderMod:RadicalHit+1","PlaceholderMod:DirectingGroup+1","PlaceholderMod:HardStinger+1"],"picked":"SKIP","floor":45.0},{"not_picked":["PlaceholderMod:TriggerStrike+1","PlaceholderMod:HealingAttack+1","PlaceholderMod:ConsolidateHit+1"],"picked":"SKIP","floor":46.0},{"not_picked":["PlaceholderMod:DirectingGroup","PlaceholderMod:ContinueSpray+1","PlaceholderMod:Break+1"],"picked":"SKIP","floor":47.0},{"not_picked":["PlaceholderMod:ConsolidateHit+1","PlaceholderMod:Break+1","PlaceholderMod:CorePoison"],"picked":"SKIP","floor":48.0},{"not_picked":["PlaceholderMod:PoisonBlast","PlaceholderMod:Sweep+1"],"picked":"PlaceholderMod:Turn+1","floor":54.0}],"player_experience":2352332,"relics_obtained":[{"floor":2.0,"key":"White Beast Statue"},{"floor":7.0,"key":"Molten Egg 2"},{"floor":11.0,"key":"MealTicket"},{"floor":20.0,"key":"Nilry\u0027s Codex"},{"floor":23.0,"key":"Bag of Preparation"},{"floor":23.0,"key":"Tiny Chest"},{"floor":26.0,"key":"Vajra"},{"floor":30.0,"key":"Girya"},{"floor":30.0,"key":"Lizard Tail"},{"floor":39.0,"key":"Akabeko"},{"floor":43.0,"key":"Strawberry"},{"floor":44.0,"key":"Orichalcum"},{"floor":44.0,"key":"Blood Vial"},{"floor":48.0,"key":"Bronze Scales"},{"floor":48.0,"key":"Happy Flower"},{"floor":54.0,"key":"Nunchaku"},{"floor":54.0,"key":"Turnip"}],"event_choices":[{"damage_healed":0.0,"max_hp_gain":0.0,"max_hp_loss":0.0,"gold_gain":0.0,"event_name":"Shining Light","player_choice":"Entered Light","floor":14.0,"gold_loss":0.0,"damage_taken":16.0,"cards_upgraded":["PlaceholderMod:Sweep","PlaceholderMod:BaseDefend"]},{"damage_healed":0.0,"max_hp_gain":0.0,"max_hp_loss":0.0,"gold_gain":0.0,"event_name":"Cursed Tome","player_choice":"Obtained Book","floor":20.0,"gold_loss":0.0,"damage_taken":16.0},{"damage_healed":0.0,"max_hp_gain":0.0,"max_hp_loss":0.0,"gold_gain":0.0,"event_name":"Drug Dealer","player_choice":"Inject Mutagens","floor":28.0,"gold_loss":0.0,"damage_taken":0.0,"relics_obtained":["MutagenicStrength"]},{"damage_healed":0.0,"max_hp_gain":0.0,"max_hp_loss":0.0,"gold_gain":0.0,"event_name":"Winding Halls","player_choice":"Embrace Madness","floor":38.0,"gold_loss":0.0,"damage_taken":10.0,"cards_obtained":["Madness","Madness"]},{"damage_healed":0.0,"max_hp_gain":0.0,"max_hp_loss":0.0,"gold_gain":0.0,"cards_transformed":["PlaceholderMod:BaseStrike"],"event_name":"Transmorgrifier","player_choice":"Transformed","floor":41.0,"gold_loss":0.0,"damage_taken":0.0,"cards_obtained":["PlaceholderMod:OHStrongAttack"]}],"is_beta":false,"boss_relics":[{"not_picked":["Runic Dome","Calling Bell"],"picked":"Black Star"},{"not_picked":["SlaversCollar","Snecko Eye"],"picked":"Coffee Dripper"}],"items_purged_floors":[13,22,42],"is_endless":false,"potions_floor_spawned":[1,3,4,5,7,8,10,11,12,16,18,19,21,23,24,29,30,31,33,35,36,44,45,46,47,48,54],"ascension_level":0}}