{"host":"6stms6pip0nke83b","time":1608765618,"event":{"mods":["BaseMod","Hermit","Minty Spire (QoL Compilation)","Quick Restart","Robot Space Explorer","Shade Mod","StSLib","The Hierophant","The IronCluck"],"gold_per_floor":[115,115,135,146,160,189,189,207,207,21,32,48,48,48,48,148,148,158,174,61,61,61,61,85,85,85,104,104,122,135,85,85,187,187,202,219,269,269,288,288,313,331,385,298,313,313,330,344,344,344],"floor_reached":51,"playtime":3455,"items_purged":["Shade:Defend_Shade","Shade:Strike_Shade","Shade:Strike_Shade"],"score":708,"play_id":"f2ededcb-d548-43bd-b472-3652277ace1f","local_time":"20201224002018","is_ascension_mode":false,"campfire_choices":[{"data":"Shade:PoundOfFlesh","floor":7,"key":"SMITH"},{"data":"Shade:FreshBones","floor":15,"key":"SMITH"},{"data":"Shade:Coordination","floor":23,"key":"SMITH"},{"data":"Shade:CallWraith","floor":25,"key":"SMITH"},{"data":"Shade:FleshToFlesh","floor":28,"key":"SMITH"},{"data":"Shade:LyeBath","floor":32,"key":"SMITH"},{"data":"Shade:LichForm","floor":40,"key":"SMITH"},{"data":"Shade:TouchOfTheGrave","floor":46,"key":"SMITH"},{"data":"Shade:Brains","floor":49,"key":"SMITH"}],"circlet_count":0,"master_deck":["Shade:Defend_Shade","Shade:AnimateDead+1","Shade:FleshToFlesh+1","Shade:FleshLikeOak","Shade:WallOfFlesh","Shade:PoundOfFlesh+1","Shade:ExtraLimbs+1","Shade:CallWraith+1","Shade:FreshBones+1","Shade:Bonestorm+1","Shade:GreyBargain","Shade:MadHubris","Shade:AblativeArmor+1","Shade:Coordination+1","Shade:CloudOfShrapnel+1","Shade:Bonestorm+1","Shade:LyeBath+1","Shade:LichForm+1","Shade:AuraOfUnlife+1","Shade:SensePrey+1","Shade:SoulPierce","Shade:LyeBath+1","Shade:Brains+1","Shade:TouchOfTheGrave+1","Shade:DangerousRitual+1"],"relics":["Shade:YorickPolishedSkull","Happy Flower","Molten Egg 2","Blue Candle","Membership Card","Boot","Thread and Needle","Empty Cage","Bird Faced Urn","Bottled Flame","Ancient Tea Set"],"acts_visited":["Exordium","TheCity","TheBeyond"],"potions_floor_usage":[18,30,33,47,50,50,50,50,50],"damage_taken":[{"damage":0,"enemies":"Jaw Worm","floor":1,"turns":3},{"damage":0,"enemies":"Cultist","floor":3,"turns":3},{"damage":0,"enemies":"Small Slimes","floor":4,"turns":4},{"damage":0,"enemies":"2 Fungi Beasts","floor":5,"turns":4},{"damage":2,"enemies":"Lagavulin","floor":6,"turns":9},{"damage":0,"enemies":"Lots of Slimes","floor":8,"turns":4},{"damage":0,"enemies":"Blue Slaver","floor":11,"turns":2},{"damage":6,"enemies":"2 Fungi Beasts","floor":12,"turns":2},{"damage":0,"enemies":"The Guardian","floor":16,"turns":9},{"damage":0,"enemies":"2 Thieves","floor":18,"turns":1},{"damage":0,"enemies":"Shell Parasite","floor":19,"turns":3},{"damage":5,"enemies":"Centurion and Healer","floor":27,"turns":2},{"damage":10,"enemies":"Snecko","floor":29,"turns":6},{"damage":7,"enemies":"Shelled Parasite and Fungi","floor":30,"turns":3},{"damage":12,"enemies":"Collector","floor":33,"turns":8},{"damage":0,"enemies":"Orb Walker","floor":35,"turns":4},{"damage":0,"enemies":"3 Shapes","floor":36,"turns":2},{"damage":0,"enemies":"Mind Bloom Boss Battle","floor":37,"turns":4},{"damage":6,"enemies":"Writhing Mass","floor":39,"turns":4},{"damage":10,"enemies":"Reptomancer","floor":41,"turns":4},{"damage":6,"enemies":"Transient","floor":42,"turns":5},{"damage":5,"enemies":"3 Darklings","floor":45,"turns":3},{"damage":5,"enemies":"Maw","floor":47,"turns":7},{"damage":8,"enemies":"Sphere and 2 Shapes","floor":48,"turns":3},{"damage":58,"enemies":"Awakened One","floor":50,"turns":9}],"seed_played":"682234852229264276","potions_obtained":[{"floor":3,"key":"SmokeBomb"},{"floor":5,"key":"EntropicBrew"},{"floor":8,"key":"Energy Potion"},{"floor":14,"key":"DuplicationPotion"},{"floor":29,"key":"BlessingOfTheForge"},{"floor":30,"key":"Weak Potion"},{"floor":36,"key":"CultistPotion"},{"floor":39,"key":"LiquidMemories"},{"floor":48,"key":"PowerPotion"}],"is_trial":false,"path_per_floor":["M","?","M","M","M","E","R","M","T","$","M","M","?","?","R","B",null,"M","M","$","?","?","R","T","R","T","M","R","M","M","$","R","B",null,"M","M","?","?","M","R","E","M","T","$","M","R","M","M","R","B",null],"character_chosen":"SHADE","items_purchased":["Membership Card","Shade:FreshBones","Shade:Bonestorm+1","Shade:Coordination","Shade:CloudOfShrapnel+1","Shade:Brains"],"campfire_rested":0,"item_purchase_floors":[10,10,10,20,20,44],"current_hp_per_floor":[65,65,65,65,65,63,63,63,63,63,63,57,50,50,50,50,65,65,65,65,65,65,65,65,65,65,60,60,50,43,43,43,31,65,65,65,65,65,59,59,55,55,55,55,52,52,55,49,49,3],"gold":344,"neow_bonus":"RANDOM_COMMON_RELIC","is_daily":false,"chose_seed":false,"campfire_upgraded":9,"win_rate":0.0,"timestamp":1608765618,"path_taken":["M","?","M","M","?","E","R","M","T","$","M","M","?","?","R","BOSS","M","M","?","?","?","R","?","R","T","M","R","M","?","$","R","BOSS","M","M","?","?","M","R","E","M","T","$","M","R","M","M","R","BOSS"],"items_purchased_type":["Relic","Card","Card","Card","Card","Card"],"build_version":"2020-12-22","purchased_purges":3,"victory":true,"max_hp_per_floor":[65,65,65,65,65,65,65,65,65,65,65,65,65,65,65,65,65,65,65,65,65,65,65,65,65,65,65,65,65,65,65,65,65,65,65,65,65,65,65,65,65,65,65,65,65,65,65,65,65,65],"card_choices":[{"not_picked":["Shade:AncientSpear","Shade:FuneraryArmor"],"picked":"Shade:FleshToFlesh","floor":1},{"not_picked":["Shade:Awaken","Shade:StitchTogether"],"picked":"Shade:FleshLikeOak","floor":3},{"not_picked":["Shade:FuneraryArmor","Shade:TouchOfTheGrave"],"picked":"Shade:WallOfFlesh","floor":4},{"not_picked":["Shade:ExtraLimbs","Shade:StitchTogether"],"picked":"Shade:PoundOfFlesh","floor":5},{"not_picked":["Shade:FingerOfDeath+1","Shade:FuneraryArmor"],"picked":"Shade:ExtraLimbs+1","floor":6},{"not_picked":["Shade:CommandSoldier","Shade:FeralStrike+1"],"picked":"Shade:CallWraith","floor":8},{"not_picked":["Shade:FuneraryJewels","Shade:ScuttlingHand+1","Shade:FeralStrike+1"],"picked":"SKIP","floor":11},{"not_picked":["Shade:PoundOfFlesh+1","Shade:FleshToFlesh"],"picked":"Shade:GreyBargain","floor":12},{"not_picked":["Shade:LoseControl","Shade:OneIsEnough+1"],"picked":"Shade:MadHubris","floor":16},{"not_picked":["Shade:CoffinDance+1","Shade:FleshLikeOak"],"picked":"Shade:AblativeArmor+1","floor":18},{"not_picked":["Shade:Premonition","Shade:ExtraLimbs+1","Shade:RitualOffering"],"picked":"SKIP","floor":19},{"not_picked":["Shade:BoneShards+1","Shade:Patience+1"],"picked":"Shade:LyeBath","floor":27},{"not_picked":["Shade:Premonition+1","Shade:Haruspicy","Shade:SanguineRitual"],"picked":"SKIP","floor":29},{"not_picked":["Shade:Carnophage","Shade:AblativeArmor+1","Shade:Haruspicy+1"],"picked":"SKIP","floor":30},{"not_picked":["Shade:SelfBurial","Shade:Putrefaction"],"picked":"Shade:LichForm","floor":33},{"not_picked":["Shade:FuneraryArmor+1","Shade:Frenzy+1"],"picked":"Shade:AuraOfUnlife+1","floor":35},{"not_picked":["Shade:SkeletonHug+1","Shade:ClawBack+1"],"picked":"Shade:SensePrey+1","floor":36},{"not_picked":["Shade:Carnophage+1","Shade:PotionOfRestlessness+1"],"picked":"Shade:SoulPierce","floor":37},{"not_picked":["Shade:SensePrey+1","Shade:Premonition","Shade:LyeBath"],"picked":"SKIP","floor":39},{"not_picked":["Shade:Trample+1","Shade:Premonition+1","Shade:LyeBath+1"],"picked":"SKIP","floor":41},{"not_picked":["Shade:Trample+1","Shade:Premonition+1"],"picked":"Shade:LyeBath+1","floor":41},{"not_picked":["Shade:ExtraLimbs+1","Shade:FleshLikeOak+1","Shade:Doomsay+1"],"picked":"SKIP","floor":42},{"not_picked":["Shade:GraveStillness+1","Shade:BoneShards+1"],"picked":"Shade:TouchOfTheGrave","floor":45},{"not_picked":["Shade:Haruspicy+1","Shade:FeralStrike+1"],"picked":"Shade:DangerousRitual+1","floor":47},{"not_picked":["Shade:SkeletonHug+1","Shade:RitualOffering+1","Shade:GraveStillness+1"],"picked":"SKIP","floor":48}],"player_experience":774803,"relics_obtained":[{"floor":6,"key":"Molten Egg 2"},{"floor":9,"key":"Blue Candle"},{"floor":24,"key":"Boot"},{"floor":26,"key":"Thread and Needle"},{"floor":37,"key":"Bird Faced Urn"},{"floor":41,"key":"Bottled Flame"},{"floor":43,"key":"Ancient Tea Set"}],"event_choices":[{"damage_healed":0,"gold_gain":0,"player_choice":"Upgraded","damage_taken":0,"max_hp_gain":0,"max_hp_loss":0,"event_name":"Upgrade Shrine","floor":2,"gold_loss":0,"cards_upgraded":["Shade:AnimateDead"]},{"cards_removed":["Shade:Defend_Shade"],"damage_healed":0,"gold_gain":0,"player_choice":"Card Removal","damage_taken":7,"max_hp_gain":0,"max_hp_loss":0,"event_name":"Golden Wing","floor":13,"gold_loss":0},{"damage_healed":0,"gold_gain":0,"player_choice":"Got Potions","damage_taken":0,"max_hp_gain":0,"max_hp_loss":0,"event_name":"Lab","floor":14,"gold_loss":0},{"damage_healed":0,"gold_gain":0,"player_choice":"Read","damage_taken":0,"max_hp_gain":0,"max_hp_loss":0,"event_name":"The Library","floor":21,"gold_loss":0,"cards_obtained":["Shade:Bonestorm"]},{"cards_removed":["Shade:Defend_Shade"],"damage_healed":0,"gold_gain":0,"player_choice":"Elegance","damage_taken":0,"max_hp_gain":0,"max_hp_loss":0,"event_name":"Back to Basics","floor":22,"gold_loss":0},{"damage_healed":0,"gold_gain":0,"player_choice":"Fight","damage_taken":0,"max_hp_gain":0,"max_hp_loss":0,"event_name":"MindBloom","floor":37,"gold_loss":0},{"cards_removed":["Shade:CarefulCut"],"damage_healed":0,"gold_gain":0,"player_choice":"Removed Attack","damage_taken":0,"max_hp_gain":0,"max_hp_loss":0,"event_name":"Falling","floor":38,"gold_loss":0}],"is_beta":false,"boss_relics":[{"not_picked":["Runic Pyramid","Astrolabe"],"picked":"Shade:YorickPolishedSkull"},{"not_picked":["Pandora\u0027s Box","Runic Dome"],"picked":"Empty Cage"}],"items_purged_floors":[20,31,44],"is_endless":false,"potions_floor_spawned":[3,5,8,12,29,30,36,39,41,45,48],"ascension_level":0}}