{"host":"98jnipsbpkz8k2sh","time":1608766833,"event":{"mods":["Aspiration","BaseMod","Challenge The Spire","GifTheSpireLib","Infinite Spire","Minty Spire (QoL Compilation)","Replay The Spire","StSLib"],"gold_per_floor":[111,111,111,111,132,132,132,132,132,132,171,43,74,92,92,212,212,237,253,273,273,288,324,359,371,383,395,447,459,471,508,520,656,668,705,717,753,781,793,846,858,130,130,165,165,189,203,227,227,356,356,376,391,391,341,341,364,364,378,378,381,63,67,67,65,65,164,164,168,168,256,254,257,255,250,250,274,283,283,287,361,341,341,404,404,403,405,405,405,413,413,395,395,468,469,468,467,467,0,0,0,0],"floor_reached":101,"playtime":4478,"items_purged":["Strike_R","Strike_R","Strike_R","Defend_R","Parasite"],"score":1752,"play_id":"5e6f6026-a0f0-4a41-8519-e4ec70fd2ec8","local_time":"20201223154033","is_ascension_mode":false,"campfire_choices":[{"data":"ReplayTheSpireMod:Brewmster","floor":6.0,"key":"SMITH"},{"data":"Bash","floor":8.0,"key":"SMITH"},{"data":"ReplayTheSpireMod:Faulty Equipment","floor":10.0,"key":"SMITH"},{"data":"Berserk","floor":25.0,"key":"SMITH"},{"data":"infinitespire:Execution","floor":27.0,"key":"SMITH"},{"data":"Juggernaut","floor":30.0,"key":"SMITH"},{"floor":32.0,"key":"REST"},{"floor":41.0,"key":"REST"},{"floor":49.0,"key":"REST"},{"data":"infinitespire:OneForAll","floor":64.0,"key":"SMITH"},{"data":"Demon Form","floor":66.0,"key":"SMITH"},{"data":"infinitespire:OneForAll","floor":79.0,"key":"SMITH"},{"data":"Barricade","floor":83.0,"key":"SMITH"},{"data":"Juggernaut","floor":91.0,"key":"SMITH"},{"data":"infinitespire:Gouge","floor":93.0,"key":"SMITH"},{"data":"infinitespire:Fortify","floor":98.0,"key":"SMITH"},{"data":"Juggernaut","floor":100.0,"key":"SMITH"}],"circlet_count":0,"master_deck":["Defend_R+1","Defend_R+1","Defend_R+1","Bash+1","ReplayTheSpireMod:Brewmster+1","Anger+1","Pummel","Berserk+1","Flex","Cleave","Shrug It Off","Reaper","Feel No Pain+1","Shockwave+1","infinitespire:Execution+1","Barricade+1","Pommel Strike","Juggernaut+1","Seeing Red+1","Bludgeon","Demon Form+1","Blind","infinitespire:OneForAll+1","Whirlwind","Shrug It Off+1","Twin Strike+1","Replay:Many Hands","Uppercut","Body Slam","infinitespire:Gouge+1","Intimidate","Pommel Strike","Juggernaut+1","Bandage Up","Juggernaut+1","Dramatic Entrance","infinitespire:OneForAll+1","Replay:Undeath\u0027s Touch","Body Slam+1","Shrug It Off+1","infinitespire:Fortify+1","Metallicize"],"relics":["Burning Blood","Bloody Idol","ReplayTheSpireMod:Lightbulb","Gremlin Horn","Divine Protection","Ring of Chaos","MawBank","aspiration:FrozenJewel","Replay:Towering Pillar of Hats","SacredBark","Red Skull","Mercury Hourglass","infinitespire:ShieldingShard","Replay:Accelerometer","Regal Pillow","Cauldron","infinitespire:Beetle Shell","Replay:Bottled Eggs","Smiling Mask","Vajra","Membership Card","Anchor","Busted Crown","MutagenicStrength","ReplayTheSpireMod:TigerMarble","Strawberry","infinitespire:WardingShard","infinitespire:Eraser","infinitespire:Burning Sword","Question Card","Bag of Preparation","Red Mask"],"acts_visited":["Exordium","TheCity","TheBeyond","Exordium","TheCity","TheBeyond"],"potions_floor_usage":[101,101],"damage_taken":[{"damage":16.0,"enemies":"2 Louse","floor":1.0,"turns":5.0},{"damage":8.0,"enemies":"Small Slimes","floor":5.0,"turns":4.0},{"damage":26.0,"enemies":"3 Sentries","floor":11.0,"turns":5.0},{"damage":32.0,"enemies":"Gremlin Nob","floor":13.0,"turns":3.0},{"damage":0.0,"enemies":"Cultist","floor":14.0,"turns":3.0},{"damage":0.0,"enemies":"The Guardian","floor":16.0,"turns":5.0},{"damage":18.0,"enemies":"Spheric Guardian","floor":18.0,"turns":5.0},{"damage":16.0,"enemies":"2 Thieves","floor":19.0,"turns":4.0},{"damage":11.0,"enemies":"Centurion and Healer","floor":20.0,"turns":6.0},{"damage":2.0,"enemies":"Snake Plant","floor":22.0,"turns":4.0},{"damage":36.0,"enemies":"Slavers","floor":23.0,"turns":5.0},{"damage":0.0,"enemies":"Snecko","floor":24.0,"turns":4.0},{"damage":19.0,"enemies":"Gremlin Leader","floor":28.0,"turns":5.0},{"damage":39.0,"enemies":"Shelled Parasite and Fungi","floor":31.0,"turns":7.0},{"damage":49.0,"enemies":"Collector","floor":33.0,"turns":7.0},{"damage":0.0,"enemies":"3 Shapes","floor":35.0,"turns":5.0},{"damage":0.0,"enemies":"Orb Walker","floor":37.0,"turns":4.0},{"damage":4.0,"enemies":"3 Darklings","floor":38.0,"turns":3.0},{"damage":81.0,"enemies":"Nightmare","floor":40.0,"turns":9.0},{"damage":32.0,"enemies":"Nemesis","floor":44.0,"turns":5.0},{"damage":21.0,"enemies":"Writhing Mass","floor":46.0,"turns":7.0},{"damage":48.0,"enemies":"Jaw Worm Horde","floor":47.0,"turns":5.0},{"damage":8.0,"enemies":"4 Shapes","floor":48.0,"turns":4.0},{"damage":55.0,"enemies":"Donu and Deca","floor":50.0,"turns":10.0},{"damage":6.0,"enemies":"Jaw Worm","floor":52.0,"turns":2.0},{"damage":0.0,"enemies":"Cultist","floor":53.0,"turns":3.0},{"damage":14.0,"enemies":"Replay:BlueRogue","floor":57.0,"turns":4.0},{"damage":20.0,"enemies":"Lagavulin","floor":59.0,"turns":6.0},{"damage":0.0,"enemies":"infinitespire:Voidling","floor":61.0,"turns":2.0},{"damage":0.0,"enemies":"Red Slaver","floor":63.0,"turns":3.0},{"damage":0.0,"enemies":"Large Slime","floor":65.0,"turns":6.0},{"damage":18.0,"enemies":"Slime Boss","floor":67.0,"turns":9.0},{"damage":0.0,"enemies":"3 Byrds","floor":69.0,"turns":3.0},{"damage":0.0,"enemies":"Chosen","floor":72.0,"turns":6.0},{"damage":4.0,"enemies":"Sentry and Sphere","floor":73.0,"turns":3.0},{"damage":0.0,"enemies":"Chosen and Byrds","floor":74.0,"turns":3.0},{"damage":25.0,"enemies":"Snake Plant","floor":75.0,"turns":4.0},{"damage":73.0,"enemies":"Book of Stabbing","floor":78.0,"turns":5.0},{"damage":13.0,"enemies":"Replay:Snechameleon","floor":80.0,"turns":4.0},{"damage":58.0,"enemies":"Automaton","floor":84.0,"turns":7.0},{"damage":0.0,"enemies":"3 Darklings","floor":86.0,"turns":4.0},{"damage":0.0,"enemies":"Orb Walker","floor":87.0,"turns":3.0},{"damage":16.0,"enemies":"4 Shapes","floor":90.0,"turns":3.0},{"damage":0.0,"enemies":"Transient","floor":92.0,"turns":5.0},{"damage":13.0,"enemies":"Giant Head","floor":95.0,"turns":6.0},{"damage":0.0,"enemies":"Sphere and 2 Shapes","floor":96.0,"turns":2.0},{"damage":10.0,"enemies":"4 Shapes","floor":97.0,"turns":2.0},{"damage":152,"enemies":"Awakened One","floor":101,"turns":5}],"seed_played":"5668489708287068580","potions_obtained":[{"floor":11.0,"key":"AttackPotion"},{"floor":15.0,"key":"PowerPotion"},{"floor":16.0,"key":"Strength Potion"},{"floor":18.0,"key":"Strength Potion"},{"floor":20.0,"key":"BlessingOfTheForge"},{"floor":23.0,"key":"DuplicationPotion"},{"floor":28.0,"key":"Dexterity Potion"},{"floor":37.0,"key":"LiquidMemories"},{"floor":40.0,"key":"SkillPotion"},{"floor":44.0,"key":"FearPotion"},{"floor":46.0,"key":"Milkshake"},{"floor":52.0,"key":"Dexterity Potion"},{"floor":54.0,"key":"Milkshake"},{"floor":61.0,"key":"SpeedPotion"},{"floor":73.0,"key":"Strength Potion"},{"floor":75.0,"key":"BloodPotion"},{"floor":80.0,"key":"Strength Potion"},{"floor":82.0,"key":"ElixirPotion"},{"floor":87.0,"key":"Doom Potion"},{"floor":90.0,"key":"SkillPotion"}],"is_trial":false,"path_per_floor":["M","?","?","?","M","R","?","R","T","R","E","$","E","M","R","B",null,"M","M","M","AVR","M","E","M","R","T","R","E","?","R","M","R","B",null,"M","?","M","M","?","NM","R","$","T","E","?","M","M","M","R","B",null,"M","M","AVR","?","?","E","?","E","T","M","$","M","R","M","R","B",null,"M","?","?","M","M","M","M","?","T","E","R","E","T","?","R","B",null,"M","M","?","?","M","R","M","R","T","E","M","M","R","?","R","B"],"character_chosen":"IRONCLAD","items_purchased":["Flex","Mercury Hourglass","Blind","infinitespire:OneForAll","infinitespire:ShieldingShard","Membership Card","Dramatic Entrance","Anchor"],"campfire_rested":3,"item_purchase_floors":[12,42,42,42,42,62,62,62],"current_hp_per_floor":[70,50,55,55,70,70,70,70,70,70,50,50,24,30,30,36,85,76,83,85,85,85,71,77,77,77,77,64,64,64,48,73,57,85,85,85,85,85,85,26,51,51,51,25,25,69,27,42,82,63,85,85,85,85,85,73,65,65,55,55,65,65,75,75,82,82,82,82,82,82,82,82,82,82,82,82,82,59,59,61,66,66,66,36,89,89,89,85,85,80,80,85,85,85,83,85,85,85,85,85,0,0],"gold":0,"neow_bonus":"RANDOM_COLORLESS_2","is_daily":false,"chose_seed":false,"campfire_upgraded":14,"win_rate":0.0,"timestamp":1608766833,"path_taken":["M","?","?","?","M","R","?","R","T","R","E","?","E","M","R","BOSS","M","?","M","AVR","M","E","M","R","T","R","E","?","R","?","R","BOSS","M","?","M","?","?","NM","R","?","T","E","?","M","M","M","R","BOSS","M","?","AVR","?","?","E","?","E","T","M","$","M","R","M","R","BOSS","M","?","?","M","M","?","M","?","T","E","R","E","?","?","R","BOSS","M","M","?","?","M","R","M","R","T","E","M","?","R","?","R","BOSS"],"items_purchased_type":["Card","Relic","Card","Card","Relic","Relic","Card","Relic"],"build_version":"2020-12-22","purchased_purges":5,"victory":false,"max_hp_per_floor":[80,80,85,85,85,85,85,85,85,85,85,85,85,85,85,85,85,85,85,85,85,85,85,85,85,85,85,85,85,85,85,85,85,85,85,85,85,85,85,85,85,85,85,85,85,85,85,85,85,85,85,85,85,85,85,85,85,85,85,85,85,82,82,82,82,82,82,82,82,82,82,82,82,82,82,82,82,89,89,89,89,89,89,89,89,89,89,85,85,85,85,85,85,85,85,85,85,85,85,85,85,85],"card_choices":[{"not_picked":["ReplayUltimateDefense","Secret Technique"],"picked":"ReplayTheSpireMod:Brewmster","floor":0.0},{"not_picked":["ReplayTheSpireMod:Stacked","Shockwave"],"picked":"Rage","floor":1.0},{"not_picked":["Wild Strike","Dual Wield"],"picked":"Pummel","floor":5.0},{"not_picked":["Wild Strike","Bloodletting"],"picked":"Berserk","floor":11.0},{"not_picked":["Pommel Strike","Perfected Strike"],"picked":"Cleave","floor":13.0},{"not_picked":["Hemogenesis","True Grit"],"picked":"Shrug It Off","floor":14.0},{"not_picked":["Bludgeon","Double Tap"],"picked":"Reaper","floor":16.0},{"not_picked":["Twin Strike+1","Run Through+1"],"picked":"Feel No Pain+1","floor":18.0},{"not_picked":["Iron Wave","Clothesline"],"picked":"Shockwave+1","floor":19.0},{"not_picked":["Abandon","Reckless Charge","Clash+1"],"picked":"SKIP","floor":20.0},{"not_picked":["Twin Strike","Headbutt","Wild Strike"],"picked":"SKIP","floor":22.0},{"not_picked":["Bloodletting+1","Entrench"],"picked":"Barricade","floor":23.0},{"not_picked":["Heavy Blade","Warcry"],"picked":"Pommel Strike","floor":24.0},{"not_picked":["Flex","Armaments+1"],"picked":"Juggernaut","floor":28.0},{"not_picked":["Pommel Strike","Run Through","Iron Wave"],"picked":"SKIP","floor":31.0},{"not_picked":["Warcry+1","Abandon","ReplayTheSpireMod:Muscle Training"],"picked":"SKIP","floor":35.0},{"not_picked":["Iron Wave","Warcry+1"],"picked":"Seeing Red+1","floor":37.0},{"not_picked":["Sword Boomerang","Searing Blow","Warcry+1"],"picked":"SKIP","floor":38.0},{"not_picked":["Second Wind","Defy Death+1"],"picked":"Demon Form","floor":40.0},{"not_picked":["Sword Boomerang","Rupture+1"],"picked":"Whirlwind","floor":44.0},{"not_picked":["Cleave+1","Sever Soul"],"picked":"Shrug It Off+1","floor":46.0},{"not_picked":["Iron Wave+1","ReplayTheSpireMod:Strike From Hell"],"picked":"Twin Strike+1","floor":47.0},{"not_picked":["Dropkick","Run Through","Pommel Strike"],"picked":"SKIP","floor":48.0},{"not_picked":["Berserk","Bludgeon"],"picked":"Replay:Many Hands","floor":50.0},{"not_picked":["Twin Strike","Shrug It Off"],"picked":"Uppercut","floor":52.0},{"not_picked":["Spot Weakness","Ghostly Armor"],"picked":"Body Slam","floor":53.0},{"not_picked":["Cleave","Seeing Red"],"picked":"Intimidate","floor":57.0},{"not_picked":["Headbutt","Body Slam","Evolve"],"picked":"SKIP","floor":59.0},{"not_picked":["Run Through","Warcry"],"picked":"Juggernaut","floor":61.0},{"not_picked":["Headbutt","Perfected Strike"],"picked":"infinitespire:OneForAll","floor":63.0},{"not_picked":["Iron Wave","ReplayTheSpireMod:Limb From Limb","Fire Breathing"],"picked":"SKIP","floor":65.0},{"not_picked":[],"picked":"Replay:Undeath\u0027s Touch","floor":69.0},{"not_picked":[],"picked":"Body Slam+1","floor":71.0},{"not_picked":["Iron Wave"],"picked":"SKIP","floor":72.0},{"not_picked":["Brutality"],"picked":"SKIP","floor":73.0},{"not_picked":["Havoc"],"picked":"SKIP","floor":74.0},{"not_picked":["ReplayTheSpireMod:LeadingStrike"],"picked":"SKIP","floor":75.0},{"not_picked":[],"picked":"Shrug It Off+1","floor":78.0},{"not_picked":["ReplayTheSpireMod:Limb From Limb"],"picked":"SKIP","floor":80.0},{"not_picked":["infinitespire:TheBestDefense","infinitespire:DeathsTouch"],"picked":"infinitespire:Fortify","floor":84.0},{"not_picked":["Cleave+1"],"picked":"SKIP","floor":86.0},{"not_picked":["Iron Wave"],"picked":"SKIP","floor":87.0},{"not_picked":["Life Link"],"picked":"SKIP","floor":90.0},{"not_picked":["Metallicize"],"picked":"SKIP","floor":92.0},{"not_picked":[],"picked":"Metallicize","floor":92.0},{"not_picked":["Dark Embrace","Massacre+1"],"picked":"SKIP","floor":95.0},{"not_picked":["Havoc+1","Body Slam+1"],"picked":"SKIP","floor":96.0},{"not_picked":["Run Through+1","Replay:Undeath\u0027s Touch+1"],"picked":"SKIP","floor":97.0}],"player_experience":1068586,"relics_obtained":[{"floor":9.0,"key":"ReplayTheSpireMod:Lightbulb"},{"floor":11.0,"key":"Gremlin Horn"},{"floor":13.0,"key":"Divine Protection"},{"floor":23.0,"key":"MawBank"},{"floor":26.0,"key":"aspiration:FrozenJewel"},{"floor":28.0,"key":"Replay:Towering Pillar of Hats"},{"floor":40.0,"key":"Red Skull"},{"floor":43.0,"key":"Replay:Accelerometer"},{"floor":44.0,"key":"Regal Pillow"},{"floor":57.0,"key":"Replay:Bottled Eggs"},{"floor":59.0,"key":"Smiling Mask"},{"floor":60.0,"key":"Vajra"},{"floor":77.0,"key":"ReplayTheSpireMod:TigerMarble"},{"floor":78.0,"key":"Strawberry"},{"floor":80.0,"key":"infinitespire:WardingShard"},{"floor":81.0,"key":"infinitespire:Eraser"},{"floor":94.0,"key":"Question Card"},{"floor":95.0,"key":"Bag of Preparation"}],"event_choices":[{"damage_healed":0.0,"max_hp_gain":0.0,"max_hp_loss":0.0,"gold_gain":0.0,"event_name":"Golden Idol","player_choice":"Take Damage","floor":2.0,"gold_loss":0.0,"damage_taken":20.0,"relics_obtained":["Golden Idol"]},{"damage_healed":0.0,"max_hp_gain":5.0,"max_hp_loss":0.0,"gold_gain":0.0,"event_name":"Big Fish","player_choice":"Donut","floor":3.0,"gold_loss":0.0,"damage_taken":0.0},{"cards_removed":["Strike_R"],"damage_healed":0.0,"max_hp_gain":0.0,"max_hp_loss":0.0,"gold_gain":0.0,"event_name":"Living Wall","player_choice":"Forget","floor":7.0,"gold_loss":0.0,"damage_taken":0.0},{"damage_healed":0.0,"max_hp_gain":0.0,"max_hp_loss":0.0,"gold_gain":0.0,"event_name":"The Woman in Blue","player_choice":"Bought 0 Potions","floor":29.0,"gold_loss":0.0,"damage_taken":0.0},{"damage_healed":0.0,"max_hp_gain":0.0,"max_hp_loss":0.0,"gold_gain":0.0,"event_name":"Wheel of Change","player_choice":"Cursed","floor":36.0,"gold_loss":0.0,"damage_taken":0.0,"cards_obtained":["Decay"]},{"damage_healed":0.0,"max_hp_gain":0.0,"max_hp_loss":0.0,"gold_gain":0.0,"cards_transformed":["Strike_R"],"event_name":"Transmorgrifier","player_choice":"Transformed","floor":39.0,"gold_loss":0.0,"damage_taken":0.0,"cards_obtained":["Bludgeon"]},{"damage_healed":0.0,"max_hp_gain":0.0,"max_hp_loss":0.0,"gold_gain":0.0,"event_name":"NoteForYourself","player_choice":"Ignored","floor":45.0,"gold_loss":0.0,"damage_taken":0.0},{"cards_removed":["Decay"],"damage_healed":0.0,"max_hp_gain":0.0,"max_hp_loss":0.0,"gold_gain":0.0,"event_name":"The Cleric","player_choice":"Card Removal","floor":55.0,"gold_loss":50.0,"damage_taken":0.0},{"damage_healed":0.0,"max_hp_gain":0.0,"max_hp_loss":0.0,"gold_gain":0.0,"event_name":"Scrap Ooze","player_choice":"Success","floor":56.0,"gold_loss":0.0,"damage_taken":12.0,"relics_obtained":["infinitespire:Beetle Shell"]},{"damage_healed":0.0,"max_hp_gain":0.0,"max_hp_loss":0.0,"gold_gain":0.0,"event_name":"Match and Keep!","player_choice":"3 cards matched","floor":58.0,"gold_loss":0.0,"damage_taken":0.0,"cards_obtained":["Pommel Strike","Juggernaut","Bandage Up"]},{"damage_healed":0.0,"max_hp_gain":0.0,"max_hp_loss":0.0,"gold_gain":0.0,"event_name":"Forgotten Altar","player_choice":"Gave Idol","floor":70.0,"relics_lost":["Golden Idol"],"gold_loss":0.0,"damage_taken":0.0,"relics_obtained":["Bloody Idol"]},{"damage_healed":0.0,"max_hp_gain":0.0,"max_hp_loss":0.0,"gold_gain":0.0,"event_name":"Drug Dealer","player_choice":"Inject Mutagens","floor":76.0,"gold_loss":0.0,"damage_taken":0.0,"relics_obtained":["MutagenicStrength"]},{"damage_healed":0.0,"max_hp_gain":0.0,"max_hp_loss":0.0,"gold_gain":0.0,"event_name":"The Woman in Blue","player_choice":"Bought 1 Potion","floor":82.0,"gold_loss":0.0,"damage_taken":0.0},{"damage_healed":0.0,"max_hp_gain":0.0,"max_hp_loss":4.0,"gold_gain":0.0,"event_name":"Winding Halls","player_choice":"Max HP","floor":88.0,"gold_loss":0.0,"damage_taken":0.0},{"damage_healed":0.0,"max_hp_gain":0.0,"max_hp_loss":0.0,"gold_gain":0.0,"event_name":"Match and Keep!","player_choice":"0 cards matched","floor":89.0,"gold_loss":0.0,"damage_taken":0.0,"cards_obtained":[]},{"damage_healed":0.0,"max_hp_gain":0.0,"max_hp_loss":0.0,"gold_gain":0.0,"event_name":"Tomb of Lord Red Mask","player_choice":"Paid","floor":99.0,"gold_loss":467.0,"damage_taken":0.0,"relics_obtained":["Red Mask"]}],"is_beta":false,"boss_relics":[{"not_picked":["Ectoplasm","Velvet Choker"],"picked":"Ring of Chaos"},{"not_picked":["Empty Cage","infinitespire:Burning Sword"],"picked":"SacredBark"},{"not_picked":["Snecko Eye","Replay:Drink Me","Sozu"]},{"not_picked":["aspiration:RunicSpoon","Astrolabe"],"picked":"Busted Crown"},{"not_picked":["aspiration:FutureDiary","Fusion Hammer"],"picked":"infinitespire:Burning Sword"}],"items_purged_floors":[12,21,42,54,62],"is_endless":true,"potions_floor_spawned":[11,16,18,20,23,28,37,40,44,46,52,53,57,61,67,69,73,75,80,87,90,95,97],"killed_by":"Awakened One","ascension_level":0}}