{"host":"3srbdas3e7jgqz5l","time":1608755678,"event":{"mods":["BaseMod","Downfall","Jorbs\u0027s Wanderer Trilogy","Minty Spire (QoL Compilation)","StSLib"],"gold_per_floor":[115,61,74,74,174,208,224,224,224,257,257,270,290,300,300,300,300],"floor_reached":16,"playtime":787,"items_purged":[],"score":137,"play_id":"6f66b9f3-10a3-4d3b-88b2-72dbb8db5d18","local_time":"20201223203438","is_ascension_mode":false,"campfire_choices":[{"data":"stsjorbsmod:ChainLightning","floor":11,"key":"SMITH"},{"data":"stsjorbsmod:TinyHut","floor":15,"key":"SMITH"}],"circlet_count":0,"master_deck":["stsjorbsmod:ForbiddenGrimoire+1","stsjorbsmod:Strike_Wanderer","stsjorbsmod:Strike_Wanderer","stsjorbsmod:Strike_Wanderer","stsjorbsmod:Defend_Wanderer","stsjorbsmod:Defend_Wanderer","stsjorbsmod:Defend_Wanderer","stsjorbsmod:Defend_Wanderer","stsjorbsmod:FreshAdventure","stsjorbsmod:EyeOfTheStorm","stsjorbsmod:ParryingBlow","stsjorbsmod:ChainLightning+1","stsjorbsmod:SmithingStrike","stsjorbsmod:Will","stsjorbsmod:HedgeWizard","stsjorbsmod:Materialize","stsjorbsmod:Materialize","stsjorbsmod:RayOfFrost","stsjorbsmod:Prepare","stsjorbsmod:TinyHut+1"],"relics":["stsjorbsmod:GrimoireRelic","NeowsBlessing","The Courier","Sundial","Boot"],"acts_visited":["Exordium"],"potions_floor_usage":[],"damage_taken":[{"damage":0,"enemies":"Small Slimes","floor":1,"turns":1},{"damage":0,"enemies":"Jaw Worm","floor":3,"turns":1},{"damage":0,"enemies":"3 Sentries","floor":6,"turns":1},{"damage":0,"enemies":"Cultist","floor":7,"turns":3},{"damage":32,"enemies":"Gremlin Nob","floor":10,"turns":5},{"damage":7,"enemies":"3 Louse","floor":12,"turns":3},{"damage":0,"enemies":"Lots of Slimes","floor":13,"turns":1},{"damage":0,"enemies":"Gremlin Gang","floor":14,"turns":1},{"damage":35,"enemies":"Hexaghost","floor":16,"turns":11}],"seed_played":"3285425971696111490","potions_obtained":[{"floor":3,"key":"FairyPotion"},{"floor":10,"key":"Fire Potion"},{"floor":12,"key":"CultistPotion"},{"floor":14,"key":"EntropicBrew"}],"is_trial":false,"path_per_floor":["M","$","M","?","?","E","M","?","T","E","R","M","M","M","R","B"],"character_chosen":"WANDERER","items_purchased":["stsjorbsmod:ChainLightning"],"campfire_rested":0,"item_purchase_floors":[2],"current_hp_per_floor":[68,68,68,68,68,68,68,68,68,37,37,31,31,31,31,0,0],"gold":300,"neow_bonus":"THREE_ENEMY_KILL","is_daily":false,"chose_seed":false,"campfire_upgraded":2,"win_rate":0.0,"timestamp":1608755678,"path_taken":["M","$","M","?","?","E","?","?","T","E","R","M","?","M","R","BOSS"],"items_purchased_type":["Card"],"build_version":"2020-12-22","purchased_purges":0,"victory":false,"max_hp_per_floor":[68,68,68,68,68,68,68,68,68,68,68,68,68,68,68,68,68],"card_choices":[{"not_picked":["stsjorbsmod:ColorSpray","stsjorbsmod:Prepare"],"picked":"stsjorbsmod:ParryingBlow","floor":1},{"not_picked":["stsjorbsmod:Mania","stsjorbsmod:Aid"],"picked":"stsjorbsmod:SmithingStrike","floor":3},{"not_picked":["stsjorbsmod:Mending","stsjorbsmod:SmithingStrike"],"picked":"stsjorbsmod:Will","floor":6},{"not_picked":["stsjorbsmod:AnimateObjects","stsjorbsmod:FaerieFire"],"picked":"stsjorbsmod:HedgeWizard","floor":7},{"not_picked":["stsjorbsmod:OldPocket","stsjorbsmod:SchoolsOfMagic"],"picked":"stsjorbsmod:Materialize","floor":10},{"not_picked":["stsjorbsmod:Mindworm","stsjorbsmod:ColorSpray"],"picked":"stsjorbsmod:RayOfFrost","floor":12},{"not_picked":["stsjorbsmod:TollTheDead","stsjorbsmod:UnseenServant"],"picked":"stsjorbsmod:Prepare","floor":13},{"not_picked":["stsjorbsmod:ArcaneWeapon","stsjorbsmod:Hurt"],"picked":"stsjorbsmod:TinyHut","floor":14}],"player_experience":510650,"relics_obtained":[{"floor":6,"key":"The Courier"},{"floor":9,"key":"Sundial"},{"floor":10,"key":"Boot"}],"event_choices":[{"damage_healed":0,"gold_gain":0,"player_choice":"Ignored","damage_taken":0,"max_hp_gain":0,"max_hp_loss":0,"event_name":"Liars Game","floor":4,"gold_loss":0},{"damage_healed":0,"gold_gain":100,"player_choice":"Pray","damage_taken":0,"max_hp_gain":0,"max_hp_loss":0,"event_name":"Golden Shrine","floor":5,"gold_loss":0},{"damage_healed":0,"gold_gain":0,"cards_transformed":["stsjorbsmod:Strike_Wanderer"],"player_choice":"Transformed","damage_taken":0,"max_hp_gain":0,"max_hp_loss":0,"event_name":"Transmorgrifier","floor":8,"gold_loss":0,"cards_obtained":["stsjorbsmod:Materialize"]}],"is_beta":false,"boss_relics":[],"items_purged_floors":[],"is_endless":false,"potions_floor_spawned":[3,10,12,14],"killed_by":"Hexaghost","ascension_level":0}}