{"host":"dvpvhz1t6etneyb3","time":1608693723,"event":{"mods":["AchievementEnabler","BaseMod","Colored Map","Highlight Path","Minty Spire (QoL Compilation)","Permanent Neow","Quick Restart"],"gold_per_floor":[15,33,43,43,43,87,87,127,176,176,195,195,208,228,228,327,327,352,352,352,19,19,94,158,243,288,288,288,361,361,16,16,95,95,163,163,163,16,33,33,65,65,92,134,177,177,190,282,282,282,282],"floor_reached":52,"playtime":2935,"items_purged":["Strike_P","Strike_P"],"score":1966,"play_id":"60c2de7a-6a46-4780-912e-f065b705eeb7","local_time":"20201222222203","is_ascension_mode":true,"campfire_choices":[{"data":"1","floor":7.0,"key":"LIFT"},{"data":"2","floor":10.0,"key":"LIFT"},{"data":"3","floor":12.0,"key":"LIFT"},{"data":"TalkToTheHand","floor":15.0,"key":"SMITH"},{"data":"Wish","floor":27.0,"key":"SMITH"},{"data":"Ragnarok","floor":32.0,"key":"SMITH"},{"data":"Wish","floor":40.0,"key":"SMITH"},{"data":"SpiritShield","floor":42.0,"key":"SMITH"},{"data":"CrushJoints","floor":46.0,"key":"SMITH"},{"data":"MentalFortress","floor":49.0,"key":"SMITH"}],"circlet_count":0,"master_deck":["AscendersBane","Strike_P","Defend_P","Defend_P","Defend_P","Defend_P","Eruption","Vigilance","Protect","MentalFortress+1","CrushJoints+1","Crescendo","Adaptation","Protect","FlurryOfBlows","TalkToTheHand+1","Wish+1","WheelKick","Wish+1","BowlingBash","ClearTheMind","InnerPeace","Ragnarok+1","CarveReality","SpiritShield+1","Protect+1","Crescendo","Vengeance+1","WheelKick","Wireheading+1","Vault"],"relics":["PureWater","Girya","Bloody Idol","TeardropLocket","Smiling Mask","MealTicket","Snecko Eye","Membership Card","HornCleat","Juzu Bracelet","Potion Belt","Dream Catcher","Bird Faced Urn","Pen Nib","Sozu","Akabeko","Vajra","Toy Ornithopter","Bottled Flame"],"acts_visited":["Exordium","TheCity","TheBeyond"],"potions_floor_usage":[51,51],"damage_taken":[{"damage":0.0,"enemies":"Cultist","floor":1.0,"turns":2.0},{"damage":9.0,"enemies":"Small Slimes","floor":2.0,"turns":6.0},{"damage":7.0,"enemies":"Jaw Worm","floor":3.0,"turns":4.0},{"damage":0.0,"enemies":"Gremlin Nob","floor":6.0,"turns":2.0},{"damage":8.0,"enemies":"Lagavulin","floor":8.0,"turns":6.0},{"damage":1.0,"enemies":"Exordium Thugs","floor":11.0,"turns":3.0},{"damage":1.0,"enemies":"Blue Slaver","floor":13.0,"turns":2.0},{"damage":0.0,"enemies":"Large Slime","floor":14.0,"turns":3.0},{"damage":15.0,"enemies":"Hexaghost","floor":16.0,"turns":8.0},{"damage":5.0,"enemies":"3 Byrds","floor":18.0,"turns":6.0},{"damage":9.0,"enemies":"Slavers","floor":23.0,"turns":5.0},{"damage":9.0,"enemies":"Shell Parasite","floor":24.0,"turns":3.0},{"damage":17.0,"enemies":"Gremlin Leader","floor":25.0,"turns":6.0},{"damage":10.0,"enemies":"Snake Plant","floor":29.0,"turns":5.0},{"damage":6.0,"enemies":"Champ","floor":33.0,"turns":4.0},{"damage":4.0,"enemies":"3 Darklings","floor":35.0,"turns":4.0},{"damage":0.0,"enemies":"3 Shapes","floor":39.0,"turns":3.0},{"damage":0.0,"enemies":"Nemesis","floor":41.0,"turns":5.0},{"damage":0.0,"enemies":"Jaw Worm Horde","floor":44.0,"turns":2.0},{"damage":0.0,"enemies":"Sphere and 2 Shapes","floor":45.0,"turns":3.0},{"damage":0.0,"enemies":"3 Darklings","floor":47.0,"turns":2.0},{"damage":1.0,"enemies":"Giant Head","floor":48.0,"turns":6.0},{"damage":10,"enemies":"Donu and Deca","floor":50,"turns":6},{"damage":38,"enemies":"Awakened One","floor":51,"turns":9}],"seed_played":"1366555692440529878","potions_obtained":[{"floor":3.0,"key":"BlessingOfTheForge"},{"floor":8.0,"key":"FearPotion"},{"floor":13.0,"key":"DuplicationPotion"},{"floor":24.0,"key":"PowerPotion"},{"floor":29.0,"key":"Ancient Potion"}],"is_trial":false,"path_per_floor":["M","M","M","?","?","E","R","E","T","R","M","R","M","M","R","B",null,"M","?","$","$","?","E","M","E","T","R","?","M","?","$","R","B",null,"M","?","?","$","M","R","E","R","T","M","M","R","M","E","R","B","B",null],"character_chosen":"WATCHER","items_purchased":["Membership Card","HornCleat","BowlingBash","Bird Faced Urn","Pen Nib","CarveReality","Akabeko","Crescendo"],"campfire_rested":0,"item_purchase_floors":[21,21,21,31,31,31,38,38],"current_hp_per_floor":[61,52,45,45,38,38,38,30,30,30,29,29,28,28,28,13,50,45,45,60,62,62,62,62,60,62,62,43,48,48,62,62,62,62,62,59,49,59,59,59,59,59,59,59,59,59,59,59,59,49,25],"gold":282,"neow_bonus":"ONE_RARE_RELIC","is_daily":false,"chose_seed":false,"campfire_upgraded":7,"win_rate":0.0,"timestamp":1608693723,"path_taken":["M","M","M","?","?","E","R","E","T","R","M","R","M","M","R","BOSS","M","?","?","$","?","E","M","E","T","R","?","M","?","$","R","BOSS","M","?","?","$","M","R","E","R","T","M","M","R","M","E","R","BOSS","BOSS"],"items_purchased_type":["Relic","Relic","Card","Relic","Relic","Card","Relic","Card"],"build_version":"2020-12-13","purchased_purges":2,"victory":true,"max_hp_per_floor":[68,68,68,62,62,62,62,62,62,62,62,62,62,62,62,62,62,62,62,62,62,62,62,62,62,62,62,62,62,62,62,62,62,62,62,59,59,59,59,59,59,59,59,59,59,59,59,59,59,59,59],"card_choices":[{"not_picked":["JustLucky","Prostrate"],"picked":"Protect","floor":1.0},{"not_picked":["EmptyFist","ClearTheMind"],"picked":"MentalFortress","floor":2.0},{"not_picked":["Study","BattleHymn"],"picked":"CrushJoints","floor":3.0},{"not_picked":["ForeignInfluence","ClearTheMind"],"picked":"Crescendo","floor":6.0},{"not_picked":["Scrawl","WaveOfTheHand"],"picked":"Adaptation","floor":8.0},{"not_picked":["Consecrate","InnerPeace"],"picked":"Protect","floor":11.0},{"not_picked":["WindmillStrike","FlyingSleeves"],"picked":"FlurryOfBlows","floor":13.0},{"not_picked":["Study","EmptyBody"],"picked":"TalkToTheHand","floor":14.0},{"not_picked":["Scrawl","ConjureBlade"],"picked":"Wish","floor":16.0},{"not_picked":["FlurryOfBlows","CutThroughFate"],"picked":"WheelKick","floor":18.0},{"not_picked":["JustLucky","Consecrate"],"picked":"ClearTheMind","floor":23.0},{"not_picked":["ThirdEye","CutThroughFate"],"picked":"InnerPeace","floor":24.0},{"not_picked":["BowlingBash","FollowUp","Crescendo"],"picked":"SKIP","floor":25.0},{"not_picked":["Adaptation","Crescendo","Perseverance"],"picked":"SKIP","floor":29.0},{"not_picked":["ConjureBlade","Wish"],"picked":"SpiritShield","floor":33.0},{"not_picked":["Halt","Vengeance"],"picked":"Protect+1","floor":35.0},{"not_picked":["JustLucky","CrushJoints"],"picked":"Vengeance+1","floor":39.0},{"not_picked":["JustLucky","Pray+1"],"picked":"WheelKick","floor":41.0},{"not_picked":["PathToVictory+1","ClearTheMind","CutThroughFate"],"picked":"SKIP","floor":44.0},{"not_picked":["FlurryOfBlows","Halt","ClearTheMind+1"],"picked":"SKIP","floor":45.0},{"not_picked":["CrushJoints","EmptyFist"],"picked":"Wireheading+1","floor":47.0},{"not_picked":["PathToVictory","LikeWater"],"picked":"Vault","floor":48.0}],"player_experience":1940185,"relics_obtained":[{"floor":6.0,"key":"TeardropLocket"},{"floor":8.0,"key":"Smiling Mask"},{"floor":9.0,"key":"MealTicket"},{"floor":23.0,"key":"Juzu Bracelet"},{"floor":25.0,"key":"Potion Belt"},{"floor":26.0,"key":"Dream Catcher"},{"floor":41.0,"key":"Vajra"},{"floor":43.0,"key":"Toy Ornithopter"},{"floor":48.0,"key":"Bottled Flame"}],"event_choices":[{"damage_healed":0.0,"max_hp_gain":0.0,"max_hp_loss":6.0,"gold_gain":0.0,"event_name":"Golden Idol","player_choice":"Lose Max HP","floor":4.0,"gold_loss":0.0,"damage_taken":0.0,"relics_obtained":["Golden Idol"]},{"cards_removed":["Strike_P"],"damage_healed":0.0,"max_hp_gain":0.0,"max_hp_loss":0.0,"gold_gain":0.0,"event_name":"Golden Wing","player_choice":"Card Removal","floor":5.0,"gold_loss":0.0,"damage_taken":7.0},{"damage_healed":0.0,"max_hp_gain":0.0,"max_hp_loss":0.0,"gold_gain":0.0,"event_name":"Duplicator","player_choice":"Copied","floor":19.0,"gold_loss":0.0,"damage_taken":0.0,"cards_obtained":["Wish"]},{"damage_healed":0.0,"max_hp_gain":0.0,"max_hp_loss":0.0,"gold_gain":0.0,"event_name":"Forgotten Altar","player_choice":"Gave Idol","floor":22.0,"relics_lost":["Golden Idol"],"gold_loss":0.0,"damage_taken":0.0,"relics_obtained":["Bloody Idol"]},{"damage_healed":0.0,"max_hp_gain":0.0,"max_hp_loss":0.0,"gold_gain":0.0,"event_name":"Knowing Skull","player_choice":"POTION POTION ","floor":28.0,"potions_obtained":["LiquidBronze","FearPotion"],"gold_loss":0.0,"damage_taken":19.0,"cards_obtained":[]},{"damage_healed":0.0,"max_hp_gain":0.0,"max_hp_loss":0.0,"gold_gain":0.0,"event_name":"The Library","player_choice":"Read","floor":30.0,"gold_loss":0.0,"damage_taken":0.0,"cards_obtained":["Ragnarok"]},{"damage_healed":0.0,"max_hp_gain":0.0,"max_hp_loss":3.0,"gold_gain":0.0,"event_name":"Winding Halls","player_choice":"Max HP","floor":36.0,"gold_loss":0.0,"damage_taken":0.0},{"damage_healed":0.0,"max_hp_gain":0.0,"max_hp_loss":0.0,"gold_gain":0.0,"event_name":"SensoryStone","player_choice":"Memory 3","floor":37.0,"gold_loss":0.0,"damage_taken":10.0}],"is_beta":false,"boss_relics":[{"not_picked":["Cursed Key","Runic Dome"],"picked":"Snecko Eye"},{"not_picked":["Tiny House","Black Star"],"picked":"Sozu"}],"items_purged_floors":[31,38],"is_endless":false,"potions_floor_spawned":[3,8,13,24,29,33,39,48],"ascension_level":20}}