{"host":"xko5sdb82mf02c09","time":1608752986,"event":{"mods":["AchievementEnabler","BaseMod","Colored Map","Minty Spire (QoL Compilation)","Quick Restart","StSLib","everything is the same but u backflip on backflip"],"gold_per_floor":[113,113,132,282,282,312,312,329,329,329,339,339,371,371,371,371,371],"floor_reached":16,"playtime":265,"items_purged":[],"score":316,"play_id":"124d921c-1650-410e-82ae-abf321b25942","local_time":"20201224044946","is_ascension_mode":true,"campfire_choices":[{"data":"White Noise","floor":7,"key":"SMITH"},{"data":"Zap","floor":10,"key":"SMITH"},{"data":"Dualcast","floor":12,"key":"SMITH"},{"data":"Hologram","floor":15,"key":"SMITH"}],"circlet_count":0,"master_deck":["AscendersBane","Strike_B","Strike_B","Strike_B","Strike_B","Defend_B","Defend_B","Defend_B","Zap+1","Dualcast+1","Beam Cell","White Noise+1","Doubt","All For One","Hologram+1"],"relics":["Cracked Core","NeowsBlessing","Gremlin Horn","Happy Flower","Boot","CaptainsWheel","Golden Idol"],"acts_visited":["Exordium"],"potions_floor_usage":[11,16],"damage_taken":[{"damage":0,"enemies":"Jaw Worm","floor":1,"turns":1},{"damage":0,"enemies":"Cultist","floor":3,"turns":1},{"damage":0,"enemies":"3 Sentries","floor":6,"turns":1},{"damage":21,"enemies":"Small Slimes","floor":8,"turns":2},{"damage":9,"enemies":"2 Fungi Beasts","floor":11,"turns":1},{"damage":0,"enemies":"Gremlin Nob","floor":13,"turns":2},{"damage":30,"enemies":"The Guardian","floor":16,"turns":6}],"seed_played":"5967915727574116465","potions_obtained":[{"floor":3,"key":"LiquidBronze"},{"floor":6,"key":"SkillPotion"}],"is_trial":false,"path_per_floor":["M","?","M","?","?","E","R","M","T","R","M","R","E","?","R","B"],"character_chosen":"DEFECT","items_purchased":[],"campfire_rested":0,"item_purchase_floors":[],"current_hp_per_floor":[64,64,64,64,59,59,59,38,38,38,29,29,29,29,29,0,0],"gold":371,"neow_bonus":"THREE_ENEMY_KILL","is_daily":false,"chose_seed":false,"campfire_upgraded":4,"win_rate":0.0,"timestamp":1608752986,"path_taken":["M","?","?","?","?","E","R","M","T","R","M","R","E","?","R","BOSS"],"items_purchased_type":[],"build_version":"2020-12-22","purchased_purges":0,"victory":false,"max_hp_per_floor":[71,71,71,71,71,71,71,71,71,71,71,71,71,64,64,64,64],"card_choices":[{"not_picked":["Compile Driver","Auto Shields"],"picked":"Beam Cell","floor":1},{"not_picked":["Stack","Rebound"],"picked":"White Noise","floor":3},{"not_picked":["Stack","Streamline","Barrage"],"picked":"SKIP","floor":6},{"not_picked":["Steam","Go for the Eyes"],"picked":"All For One","floor":8},{"not_picked":["Conserve Battery","Ball Lightning","Doom and Gloom"],"picked":"SKIP","floor":11},{"not_picked":["Double Energy","Chill"],"picked":"Hologram","floor":13}],"player_experience":695959,"relics_obtained":[{"floor":6,"key":"Happy Flower"},{"floor":9,"key":"Boot"},{"floor":13,"key":"CaptainsWheel"}],"event_choices":[{"cards_removed":["Defend_B"],"damage_healed":0,"gold_gain":0,"player_choice":"Offered Basic","damage_taken":0,"max_hp_gain":0,"max_hp_loss":0,"event_name":"Bonfire Elementals","floor":2,"gold_loss":0},{"damage_healed":0,"gold_gain":150,"player_choice":"AGREE","damage_taken":0,"max_hp_gain":0,"max_hp_loss":0,"event_name":"Liars Game","floor":4,"gold_loss":0,"cards_obtained":["Doubt"]},{"damage_healed":0,"gold_gain":0,"player_choice":"Success","damage_taken":5,"relics_obtained":["Gremlin Horn"],"max_hp_gain":0,"max_hp_loss":0,"event_name":"Scrap Ooze","floor":5,"gold_loss":0},{"damage_healed":0,"gold_gain":0,"player_choice":"Lose Max HP","damage_taken":0,"relics_obtained":["Golden Idol"],"max_hp_gain":0,"max_hp_loss":7,"event_name":"Golden Idol","floor":14,"gold_loss":0}],"is_beta":false,"boss_relics":[],"items_purged_floors":[],"is_endless":false,"potions_floor_spawned":[3,6,8],"killed_by":"The Guardian","ascension_level":20}}