{"host":"Fun","time":1608684964,"event":{"mods":["BaseMod","Colored Map","Filter the Spire","Minty Spire (QoL Compilation)","Relic Stats","StSLib"],"gold_per_floor":[111,111,127,42,53,53,81,81,81,92,118,50,76,90,90,192,192,212,212,212,227,29,59,59,93,93,93,118,118,118,44,44,141,141,151,162,212,212,212,212,212],"floor_reached":40,"playtime":2032,"items_purged":[],"score":580,"play_id":"4e54ef1a-4221-4297-b5e0-1269f0e0ac85","local_time":"20201222195604","is_ascension_mode":true,"campfire_choices":[{"data":"SandsOfTime","floor":6,"key":"SMITH"},{"data":"TalkToTheHand","floor":8,"key":"SMITH"},{"data":"Adaptation","floor":15,"key":"SMITH"},{"floor":24,"key":"REST"},{"floor":27,"key":"REST"},{"floor":29,"key":"REST"},{"data":"ThirdEye","floor":32,"key":"SMITH"}],"circlet_count":0,"master_deck":["Strike_P+1","Defend_P","Defend_P+1","Defend_P+1","Defend_P+1","Eruption+1","Vigilance","Enlightenment+1","Wallop+1","Adaptation+1","SandsOfTime+1","FlurryOfBlows+1","TalkToTheHand+1","ThirdEye+1","EmptyBody+1","BowlingBash+1","WaveOfTheHand+1","LessonLearned+1","FlyingSleeves+1","SpiritShield+1","ConjureBlade+1","WheelKick+1","SpiritShield+1","JustLucky+1","Writhe","Prostrate+1","ThirdEye+1","TalkToTheHand+1","Collect+1","SpiritShield+1","CarveReality+1","Perseverance+1","Worship+1","Dark Shackles+1"],"relics":["PureWater","WarpedTongs","Blue Candle","Toxic Egg 2","Molten Egg 2","Astrolabe","Lantern","Nloth\u0027s Gift","Chemical X","WingedGreaves","Meat on the Bone","Regal Pillow","Boot","Black Star","StoneCalendar"],"acts_visited":["Exordium","TheCity","TheBeyond"],"potions_floor_usage":[18,18,25,28,35,40,40,40],"damage_taken":[{"damage":19,"enemies":"Jaw Worm","floor":1,"turns":4},{"damage":0,"enemies":"Cultist","floor":3,"turns":4},{"damage":0,"enemies":"2 Louse","floor":5,"turns":3},{"damage":10,"enemies":"Gremlin Nob","floor":7,"turns":3},{"damage":0,"enemies":"Looter","floor":10,"turns":2},{"damage":7,"enemies":"Lagavulin","floor":11,"turns":4},{"damage":7,"enemies":"Gremlin Nob","floor":13,"turns":3},{"damage":0,"enemies":"Large Slime","floor":14,"turns":3},{"damage":8,"enemies":"Hexaghost","floor":16,"turns":11},{"damage":0,"enemies":"3 Byrds","floor":18,"turns":8},{"damage":7,"enemies":"2 Thieves","floor":21,"turns":3},{"damage":30,"enemies":"Slavers","floor":23,"turns":10},{"damage":1,"enemies":"Gremlin Leader","floor":25,"turns":4},{"damage":39,"enemies":"Slavers","floor":28,"turns":11},{"damage":14,"enemies":"Champ","floor":33,"turns":10},{"damage":4,"enemies":"3 Darklings","floor":35,"turns":7},{"damage":7,"enemies":"3 Shapes","floor":36,"turns":8},{"damage":12,"enemies":"Mind Bloom Boss Battle","floor":37,"turns":5},{"damage":59,"enemies":"Reptomancer","floor":40,"turns":5}],"seed_played":"-3438793785349985154","potions_obtained":[{"floor":3,"key":"DistilledChaos"},{"floor":7,"key":"Weak Potion"},{"floor":13,"key":"BottledMiracle"},{"floor":18,"key":"EssenceOfSteel"},{"floor":23,"key":"DuplicationPotion"},{"floor":28,"key":"SneckoOil"},{"floor":36,"key":"GamblersBrew"},{"floor":37,"key":"SneckoOil"}],"is_trial":false,"path_per_floor":["M","?","M","$","M","R","E","R","T","M","E","$","E","M","R","B",null,"M","?","?","M","$","E","R","E","T","R","E","R","?","$","R","B",null,"M","M","?","?","?","E"],"character_chosen":"WATCHER","items_purchased":["SandsOfTime","FlurryOfBlows","WaveOfTheHand+1","Prostrate+1","Chemical X","Collect+1"],"campfire_rested":3,"item_purchase_floors":[4,4,12,22,22,31],"current_hp_per_floor":[53,53,53,53,53,53,43,43,43,43,36,36,36,36,36,28,79,79,79,79,72,72,42,65,64,64,79,40,78,78,78,78,64,79,75,68,56,56,56,0,0],"gold":212,"neow_bonus":"RANDOM_COLORLESS","is_daily":false,"chose_seed":false,"campfire_upgraded":4,"win_rate":0.0,"timestamp":1608684964,"path_taken":["M","?","M","$","M","R","E","R","T","M","E","$","E","M","R","BOSS","M","?","?","?","$","E","R","E","T","R","E","R","?","$","R","BOSS","M","M","?","?","?","E"],"items_purchased_type":["Card","Card","Card","Card","Relic","Card"],"build_version":"2020-12-18","purchased_purges":0,"victory":false,"max_hp_per_floor":[72,72,72,72,72,72,72,72,72,72,72,72,79,79,79,79,79,79,79,79,79,79,79,79,79,79,79,79,79,79,79,79,79,79,79,79,79,79,79,79,79],"relic_stats":{"Regal Pillow":15,"counters":[19,108],"Blue Candle":[7],"Astrolabe":["ConjureBlade","WheelKick","SpiritShield"],"StoneCalendar":[0],"Nloth\u0027s Gift":3,"Black Star":0,"Chemical X":[11],"Boot":[18],"obtain_stats":[{"Lantern":19,"Regal Pillow":26,"Blue Candle":7,"Astrolabe":17,"StoneCalendar":37,"Boot":28,"WarpedTongs":1,"Strawberry":13,"Molten Egg 2":11,"WingedGreaves":23,"Nloth\u0027s Gift":20,"Black Star":34,"Chemical X":22,"PureWater":0,"Toxic Egg 2":9,"Meat on the Bone":25},{"Lantern":10,"Regal Pillow":13,"Blue Candle":4,"Astrolabe":9,"StoneCalendar":18,"Boot":14,"WarpedTongs":1,"Strawberry":7,"Molten Egg 2":6,"WingedGreaves":12,"Nloth\u0027s Gift":10,"Black Star":15,"Chemical X":11,"PureWater":0,"Toxic Egg 2":4,"Meat on the Bone":13},{"Lantern":45,"Regal Pillow":62,"Blue Candle":14,"Astrolabe":37,"StoneCalendar":103,"Boot":73,"WarpedTongs":1,"Strawberry":23,"Molten Egg 2":20,"WingedGreaves":58,"Nloth\u0027s Gift":45,"Black Star":83,"Chemical X":48,"PureWater":0,"Toxic Egg 2":14,"Meat on the Bone":62}],"WarpedTongs":[82],"Meat on the Bone":0},"card_choices":[{"not_picked":["Panacea","Finesse"],"picked":"Enlightenment","floor":0},{"not_picked":["FlurryOfBlows","CutThroughFate"],"picked":"Wallop","floor":1},{"not_picked":["ClearTheMind","EmptyFist"],"picked":"Adaptation","floor":3},{"not_picked":["PathToVictory","SignatureMove"],"picked":"TalkToTheHand","floor":5},{"not_picked":["LikeWater","Evaluate"],"picked":"ThirdEye","floor":7},{"not_picked":["CutThroughFate","WreathOfFlame+1"],"picked":"EmptyBody+1","floor":10},{"not_picked":["EmptyBody+1","Vengeance+1"],"picked":"BowlingBash+1","floor":11},{"not_picked":["Halt+1","JustLucky+1"],"picked":"LessonLearned+1","floor":13},{"not_picked":["EmptyFist+1","SashWhip+1"],"picked":"FlyingSleeves+1","floor":14},{"not_picked":["Devotion","Wish+1"],"picked":"SpiritShield+1","floor":16},{"not_picked":["Sanctity+1","Collect+1"],"picked":"JustLucky+1","floor":18},{"not_picked":["FlyingSleeves+1","WaveOfTheHand+1","WindmillStrike+1"],"picked":"SKIP","floor":21},{"not_picked":["CutThroughFate+1","FearNoEvil+1"],"picked":"ThirdEye+1","floor":23},{"not_picked":["Brilliance+1","Fasting2","SashWhip+1"],"picked":"SKIP","floor":25},{"not_picked":["JustLucky+1","WreathOfFlame+1","Pray+1"],"picked":"SKIP","floor":28},{"not_picked":["ConjureBlade+1","LessonLearned+1"],"picked":"SpiritShield+1","floor":33},{"not_picked":["Perseverance+1","Evaluate+1"],"picked":"CarveReality+1","floor":35},{"not_picked":["ClearTheMind+1","Sanctity+1"],"picked":"Perseverance+1","floor":36},{"not_picked":["CrushJoints+1","Indignation+1"],"picked":"Worship+1","floor":37},{"not_picked":["Good Instincts+1","Mind Blast+1"],"picked":"Dark Shackles+1","floor":38}],"player_experience":99936,"relics_obtained":[{"floor":7,"key":"Blue Candle"},{"floor":9,"key":"Toxic Egg 2"},{"floor":11,"key":"Molten Egg 2"},{"floor":13,"key":"Strawberry"},{"floor":23,"key":"WingedGreaves"},{"floor":25,"key":"Meat on the Bone"},{"floor":26,"key":"Regal Pillow"},{"floor":28,"key":"Boot"},{"floor":37,"key":"StoneCalendar"}],"event_choices":[{"damage_healed":0,"gold_gain":0,"player_choice":"Grow","damage_taken":0,"max_hp_gain":0,"max_hp_loss":0,"event_name":"Living Wall","floor":2,"gold_loss":0,"cards_upgraded":["Eruption"]},{"damage_healed":0,"gold_gain":0,"player_choice":"Opened","damage_taken":0,"relics_obtained":["Lantern"],"max_hp_gain":0,"max_hp_loss":0,"event_name":"The Mausoleum","floor":19,"gold_loss":0,"cards_obtained":["Writhe"]},{"damage_healed":0,"gold_gain":0,"player_choice":"Traded Relic","damage_taken":0,"relics_obtained":["Nloth\u0027s Gift"],"max_hp_gain":0,"max_hp_loss":0,"event_name":"N\u0027loth","floor":20,"relics_lost":["Strawberry"],"gold_loss":0},{"damage_healed":0,"gold_gain":0,"player_choice":"Read","damage_taken":0,"max_hp_gain":0,"max_hp_loss":0,"event_name":"The Library","floor":30,"gold_loss":0,"cards_obtained":["TalkToTheHand"]},{"damage_healed":0,"gold_gain":0,"player_choice":"Fight","damage_taken":0,"max_hp_gain":0,"max_hp_loss":0,"event_name":"MindBloom","floor":37,"gold_loss":0},{"damage_healed":0,"gold_gain":0,"player_choice":"Memory 1","damage_taken":0,"max_hp_gain":0,"max_hp_loss":0,"event_name":"SensoryStone","floor":38,"gold_loss":0},{"damage_healed":0,"gold_gain":0,"player_choice":"Ignored","damage_taken":0,"max_hp_gain":0,"max_hp_loss":0,"event_name":"Mysterious Sphere","floor":39,"gold_loss":0}],"is_beta":true,"boss_relics":[{"not_picked":["Calling Bell","VioletLotus"],"picked":"Astrolabe"},{"not_picked":["Velvet Choker","Tiny House"],"picked":"Black Star"}],"items_purged_floors":[],"is_endless":false,"potions_floor_spawned":[3,7,13,14,18,23,28,36,37],"killed_by":"Reptomancer","ascension_level":4}}