{"host":"30jsp143e4v19aze","time":1608752721,"event":{"mods":["BaseMod","Colored Map","Colored Powertips","Curses Come First","DeckTracker","Highlight Path","Minty Spire (QoL Compilation)","Quick Restart","Relic Stats","StSLib"],"gold_per_floor":[115,128,178,195,213,213,233,267,267,267,267,148,162,174,174,174,174],"floor_reached":16,"playtime":528,"items_purged":[],"score":208,"play_id":"77c743a5-c8e3-41a2-aebe-a35ca31ee579","local_time":"20201223204521","is_ascension_mode":true,"campfire_choices":[{"data":"Blade Dance","floor":6,"key":"SMITH"},{"data":"Noxious Fumes","floor":10,"key":"SMITH"},{"data":"Blade Dance","floor":15,"key":"SMITH"}],"circlet_count":0,"master_deck":["AscendersBane","Strike_G","Strike_G","Strike_G","Strike_G","Strike_G","Defend_G","Defend_G","Defend_G+1","Defend_G","Defend_G","Survivor","Neutralize+1","Blade Dance+1","Quick Slash","Noxious Fumes+1","Cloak And Dagger","Blade Dance+1"],"relics":["Busted Crown","MealTicket","Singing Bowl","Tiny Chest"],"acts_visited":["Exordium"],"potions_floor_usage":[8,13,16],"damage_taken":[{"damage":0,"enemies":"Jaw Worm","floor":1,"turns":5},{"damage":2,"enemies":"Cultist","floor":2,"turns":5},{"damage":4,"enemies":"Small Slimes","floor":4,"turns":5},{"damage":1,"enemies":"Looter","floor":5,"turns":4},{"damage":0,"enemies":"Gremlin Gang","floor":7,"turns":4},{"damage":15,"enemies":"Lagavulin","floor":8,"turns":7},{"damage":6,"enemies":"Exordium Wildlife","floor":13,"turns":3},{"damage":0,"enemies":"3 Louse","floor":14,"turns":4},{"damage":15,"enemies":"Hexaghost","floor":16,"turns":9}],"seed_played":"8500052836118919373","potions_obtained":[{"floor":1,"key":"Fire Potion"},{"floor":5,"key":"PowerPotion"},{"floor":8,"key":"Energy Potion"},{"floor":14,"key":"PowerPotion"}],"is_trial":false,"path_per_floor":["M","M","?","M","M","R","M","E","T","R","?","?","M","M","R","B"],"character_chosen":"THE_SILENT","items_purchased":[],"campfire_rested":0,"item_purchase_floors":[],"current_hp_per_floor":[59,57,57,53,52,52,52,37,37,37,17,17,13,13,13,0,0],"gold":174,"neow_bonus":"BOSS_RELIC","is_daily":false,"chose_seed":false,"campfire_upgraded":3,"win_rate":0.0,"timestamp":1608752721,"path_taken":["M","M","?","M","?","R","M","E","T","R","?","?","?","M","R","BOSS"],"items_purchased_type":[],"build_version":"2020-12-22","purchased_purges":0,"victory":false,"max_hp_per_floor":[66,66,66,66,66,66,66,66,66,66,66,66,68,68,68,68,68],"relic_stats":{"Busted Crown":16,"Singing Bowl":2,"counters":[9,46],"MealTicket":0,"Tiny Chest":0,"obtain_stats":[{"Busted Crown":0,"Singing Bowl":9,"MealTicket":8,"Tiny Chest":12,"Ring of the Snake":0},{"Busted Crown":0,"Singing Bowl":6,"MealTicket":6,"Tiny Chest":6,"Ring of the Snake":0},{"Busted Crown":0,"Singing Bowl":30,"MealTicket":30,"Tiny Chest":30,"Ring of the Snake":0}]},"card_choices":[{"not_picked":["Concentrate"],"picked":"SKIP","floor":1},{"not_picked":["Prepared"],"picked":"SKIP","floor":2},{"not_picked":[],"picked":"Blade Dance","floor":4},{"not_picked":[],"picked":"Quick Slash","floor":5},{"not_picked":[],"picked":"Noxious Fumes","floor":7},{"not_picked":[],"picked":"Cloak And Dagger","floor":8},{"not_picked":["Poisoned Stab"],"picked":"Singing Bowl","floor":13},{"not_picked":[],"picked":"Blade Dance","floor":14}],"player_experience":3112034,"relics_obtained":[{"floor":8,"key":"MealTicket"},{"floor":9,"key":"Singing Bowl"}],"event_choices":[{"damage_healed":0,"gold_gain":50,"player_choice":"Pray","damage_taken":0,"max_hp_gain":0,"max_hp_loss":0,"event_name":"Golden Shrine","floor":3,"gold_loss":0},{"damage_healed":0,"gold_gain":0,"player_choice":"Entered Light","damage_taken":20,"max_hp_gain":0,"max_hp_loss":0,"event_name":"Shining Light","floor":11,"gold_loss":0,"cards_upgraded":["Neutralize","Defend_G"]},{"damage_healed":0,"gold_gain":0,"player_choice":"Paid Gold","damage_taken":0,"relics_obtained":["Tiny Chest"],"max_hp_gain":0,"max_hp_loss":0,"event_name":"WeMeetAgain","floor":12,"gold_loss":119}],"is_beta":false,"boss_relics":[],"items_purged_floors":[],"is_endless":false,"potions_floor_spawned":[1,5,8,14],"killed_by":"Hexaghost","ascension_level":20}}