{"host":"lqtll83nun4jn4k7","time":1608691411,"event":{"mods":["BaseMod","Challenge The Spire","Colored Map","Colored Powertips","Downfall","Highlight Path","KinomotoSakuraMod(木之本樱)","Minty Spire (QoL Compilation)","Prisma Mod","Quick Restart","StSLib","SuperFastMode","The Bug Knight","Waifu the Spire","【东方二次创作】八云紫mod"],"gold_per_floor":[99,126,140,65,165,192,192,221,238,88,100,49,62,212,226,328,328,328,340,340,350,350,350,350,375,375,401,87,187,201,211,225,323,323,323,356,399,399,399,223,269,269,283,283,611,664,739,754,769,769,769,801,161,161,161],"floor_reached":56,"playtime":8818,"items_purged":["Slimebound:Icky"],"score":1563,"play_id":"ad67e970-5e42-4834-943c-8fafba3c7aca","local_time":"20201223104331","is_ascension_mode":true,"campfire_choices":[{"floor":1.0,"key":"RECALL"},{"data":"ClowCardTheLittle","floor":4.0,"key":"SMITH"},{"floor":10.0,"key":"REST"},{"data":"ClowCardTheFlower","floor":18.0,"key":"SMITH"},{"data":"ClowCardTheBig","floor":20.0,"key":"SMITH"},{"data":"SpellCardSeal","floor":22.0,"key":"SMITH"},{"data":"ClowCardTheFlower","floor":26.0,"key":"SMITH"},{"data":"ClowCardTheDark","floor":35.0,"key":"SMITH"},{"data":"ClowCardTheThunder","floor":42.0,"key":"SMITH"},{"data":"expansioncontent:FaceSlap","floor":44.0,"key":"SMITH"},{"data":"ClowCardTheFlower","floor":54,"key":"SMITH"}],"circlet_count":0,"master_deck":["SakuraCardTheGlow+","SakuraCardTheMove+","SpellCardSeal+1","SpellCardRelease","ClowCardTheLittle+1","ClowCardTheFlower+1","ClowCardTheLoop","ClowCardTheLittle","ClowCardTheBig+1","ClowCardTheBubbles","ClowCardTheDark+1","CurseOfTheBell","ClowCardTheJump","ClowCardTheGlow+1","ClowCardTheFloat","ClowCardTheFight","ClowCardTheTwin","ClowCardTheStorm","ClowCardTheGlow","ClowCardTheSnow","ClowCardTheIllusion","ClowCardTheFlower+1","ClowCardTheLittle","ClowCardTheNothing","expansioncontent:FaceSlap+1"],"relics":["KSMOD_SealedBook","KSMOD_SealedWand","KSMOD_TomoyosHeart","downfall:HeartBlessingRed","PreservedInsect","hexamod:BolsterEngine","downfall:HeartBlessingGreen","downfall:HeartBlessingBlue","Calling Bell","Lantern","Matryoshka","Pocketwatch","KSMOD_TouyasBicycle","Meat on the Bone","War Paint","Shuriken","Oddly Smooth Stone","TungstenRod","KSMOD_TaoistSuit","Pandora\u0027s Box","Bottled Flame","Singing Bowl","Bottled Lightning","KSMOD_RollerSkates","Bag of Marbles","Old Coin","FossilizedHelix","Pantograph","Anchor","Unceasing Top","HollowMod:JonisBlessing","Centennial Puzzle"],"acts_visited":["Exordium","TheCity","TheBeyond","TheEnding"],"potions_floor_usage":[],"damage_taken":[{"damage":24.0,"enemies":"Lagavulin","floor":2.0,"turns":8.0},{"damage":3.0,"enemies":"Cultist","floor":3.0,"turns":5.0},{"damage":25.0,"enemies":"3 Sentries","floor":6.0,"turns":15.0},{"damage":15.0,"enemies":"HollowMod:MossKnight","floor":8.0,"turns":18.0},{"damage":1.0,"enemies":"Jaw Worm","floor":9.0,"turns":5.0},{"damage":0.0,"enemies":"Small Slimes","floor":11.0,"turns":5.0},{"damage":0.0,"enemies":"downfall:FleeingMerchant","floor":12.0,"turns":4.0},{"damage":0.0,"enemies":"Blue Slaver","floor":13.0,"turns":3.0},{"damage":7.0,"enemies":"Large Slime","floor":15.0,"turns":6.0},{"damage":17.0,"enemies":"downfall:Watcher","floor":16.0,"turns":6.0},{"damage":6.0,"enemies":"Shell Parasite","floor":19.0,"turns":7.0},{"damage":0.0,"enemies":"Spheric Guardian","floor":21.0,"turns":3.0},{"damage":23.0,"enemies":"Book of Stabbing","floor":25.0,"turns":5.0},{"damage":16.0,"enemies":"Gremlin Leader","floor":27.0,"turns":7.0},{"damage":15.0,"enemies":"downfall:FleeingMerchant","floor":28.0,"turns":4.0},{"damage":12.0,"enemies":"downfall:Defect","floor":29.0,"turns":9.0},{"damage":0.0,"enemies":"Centurion and Healer","floor":30.0,"turns":7.0},{"damage":12.0,"enemies":"Snecko","floor":31.0,"turns":7.0},{"damage":18.0,"enemies":"Snake Plant","floor":32.0,"turns":5.0},{"damage":18.0,"enemies":"downfall:Silent","floor":33.0,"turns":9.0},{"damage":3.0,"enemies":"Giant Head","floor":36.0,"turns":9.0},{"damage":9.0,"enemies":"KSMOD_TheNothingMonster","floor":37.0,"turns":5.0},{"damage":0.0,"enemies":"downfall:FleeingMerchant","floor":40.0,"turns":1.0},{"damage":15.0,"enemies":"3 Darklings","floor":43.0,"turns":4.0},{"damage":5.0,"enemies":"HollowMod:StalkingDevout","floor":45.0,"turns":4.0},{"damage":24.0,"enemies":"2 Orb Walkers","floor":46.0,"turns":4.0},{"damage":4.0,"enemies":"4 Shapes","floor":48.0,"turns":2.0},{"damage":0.0,"enemies":"Maw","floor":49.0,"turns":5.0},{"damage":6.0,"enemies":"downfall:Ironclad","floor":50.0,"turns":4.0},{"damage":9,"enemies":"downfall:CharBossMerchant","floor":52,"turns":6},{"damage":0,"enemies":"downfall:NeowBoss","floor":55,"turns":11}],"seed_played":"-98656081799181895","potions_obtained":[{"floor":2.0,"key":"Weak Potion"},{"floor":3.0,"key":"champ:CounterPotion"},{"floor":9.0,"key":"EssenceOfSteel"},{"floor":11.0,"key":"Explosive Potion"},{"floor":15.0,"key":"FairyPotion"},{"floor":21.0,"key":"ColorlessPotion"},{"floor":29.0,"key":"EssenceOfSteel"},{"floor":30.0,"key":"PowerPotion"},{"floor":46.0,"key":"Ancient Potion"}],"is_trial":false,"path_per_floor":["R","E","M","R","?","E","T","E","M","R","M","$","M","?","M","B",null,"R","M","R","M","R","?","T","E","R","E","$","?","M","M","M","B",null,"R","E","?","?","?","$","T","R","M","R","E","?","T","M","M","B",null,"E","$","R","B",null],"character_chosen":"KINOMOTOSAKURA","items_purchased":["ClowCardTheBig","Oddly Smooth Stone","ClowCardTheFloat","Singing Bowl","Bottled Lightning","Unceasing Top","HollowMod:JonisBlessing","Centennial Puzzle","Swift Potion"],"campfire_rested":1,"item_purchase_floors":[12,28,28,40,40,53,53,53,53],"current_hp_per_floor":[70,46,43,43,43,18,18,3,2,36,36,36,36,36,29,12,80,80,74,74,74,74,74,74,51,51,47,44,44,44,44,38,32,80,80,77,68,68,68,68,68,68,55,55,52,42,42,52,54,73,90,83,83,83,83],"gold":161,"neow_bonus":"ONE_RANDOM_RARE_CARD","is_daily":false,"chose_seed":false,"campfire_upgraded":9,"win_rate":0.0,"timestamp":1608691411,"path_taken":["R","E","M","R","?","E","T","E","M","R","M","$","M","?","M","BOSS","R","M","R","M","R","?","T","E","R","E","$","?","M","?","M","BOSS","R","E","?","?","?","$","T","R","M","R","E","?","?","M","M","BOSS","E","$","R","BOSS"],"items_purchased_type":["Card","Relic","Card","Relic","Relic","Relic","Relic","Relic","Potion"],"build_version":"2020-12-13","purchased_purges":1,"victory":true,"max_hp_per_floor":[70,70,70,70,70,70,70,70,70,80,80,80,80,80,80,80,80,80,80,80,80,80,80,80,80,80,80,80,80,80,80,80,80,80,80,80,80,80,80,80,80,80,82,82,84,86,86,88,90,90,90,92,92,92,92],"card_choices":[{"not_picked":["ClowCardTheErase","ClowCardTheChange"],"picked":"ClowCardTheFly","floor":2.0},{"not_picked":["ClowCardTheLock","ClowCardTheMaze"],"picked":"ClowCardTheLittle","floor":3.0},{"not_picked":["ClowCardTheSnow","ClowCardTheArrow"],"picked":"ClowCardTheFlower","floor":6.0},{"not_picked":["ClowCardTheWave","ClowCardTheDream"],"picked":"ClowCardTheLoop","floor":8.0},{"not_picked":["ClowCardTheIllusion","ClowCardTheSnow"],"picked":"ClowCardTheMove","floor":9.0},{"not_picked":["ClowCardTheMove","ClowCardTheSand"],"picked":"ClowCardTheLittle","floor":11.0},{"not_picked":["ClowCardTheErase","ClowCardTheWave","ClowCardTheCloud"],"picked":"SKIP","floor":12.0},{"not_picked":["ClowCardTheFreeze","ClowCardTheMirror","ClowCardTheVoice"],"picked":"SKIP","floor":13.0},{"not_picked":["ClowCardTheDash","ClowCardTheFloat"],"picked":"ClowCardTheBubbles","floor":15.0},{"not_picked":["ClowCardTheDash","ClowCardTheReturn"],"picked":"ClowCardTheDark","floor":16.0},{"not_picked":["ClowCardTheFreeze","ClowCardTheWave"],"picked":"ClowCardTheFlower","floor":19.0},{"not_picked":["ClowCardTheCloud","ClowCardTheBig+1"],"picked":"ClowCardTheJump","floor":21.0},{"not_picked":["ClowCardTheWood+1","ClowCardTheWindy+1","ClowCardTheGlow"],"picked":"SKIP","floor":25.0},{"not_picked":["ClowCardTheWood+1","ClowCardTheWindy+1"],"picked":"ClowCardTheGlow","floor":25.0},{"not_picked":["ClowCardTheWindy","ClowCardTheDream"],"picked":"ClowCardTheGlow+1","floor":27.0},{"not_picked":["ClowCardTheSilent+1","ClowCardTheMaze+1"],"picked":"ClowCardTheWave+1","floor":28.0},{"not_picked":["ClowCardTheSnow+1","ClowCardTheArrow"],"picked":"ClowCardTheFight","floor":30.0},{"not_picked":["ClowCardTheShadow","ClowCardTheFloat","ClowCardTheLoop"],"picked":"SKIP","floor":31.0},{"not_picked":["ClowCardTheVoice+1","ClowCardTheSilent","ClowCardTheRain"],"picked":"SKIP","floor":32.0},{"not_picked":["ClowCardTheThrough","ClowCardTheDark"],"picked":"ClowCardTheTwin","floor":33.0},{"not_picked":["ClowCardTheErase","ClowCardTheCloud+1","ClowCardTheBig+1"],"picked":"SKIP","floor":36.0},{"not_picked":["ClowCardTheFreeze+1","ClowCardTheShadow","ClowCardTheRain+1"],"picked":"SKIP","floor":37.0},{"not_picked":["ClowCardTheFreeze+1","ClowCardTheShadow","ClowCardTheRain+1"],"picked":"SKIP","floor":37.0},{"not_picked":["expansioncontent:SlimeTackle","expansioncontent:PrepareCrush"],"picked":"expansioncontent:FaceSlap","floor":38.0},{"not_picked":["ClowCardTheRain","ClowCardTheLock","ClowCardTheErase"],"picked":"SKIP","floor":40.0},{"not_picked":["ClowCardTheLock","ClowCardTheBubbles+1","ClowCardTheWatery+1"],"picked":"Singing Bowl","floor":43.0},{"not_picked":["ClowCardTheFlower","ClowCardTheMirror+1","ClowCardTheDark"],"picked":"Singing Bowl","floor":45.0},{"not_picked":["ClowCardTheDream+1","ClowCardTheFlower","ClowCardTheBig"],"picked":"Singing Bowl","floor":46.0},{"not_picked":["ClowCardTheArrow","ClowCardTheFly+1","ClowCardTheFloat"],"picked":"Singing Bowl","floor":48.0},{"not_picked":["ClowCardTheChange","ClowCardTheCloud+1","ClowCardTheSleep+1"],"picked":"Singing Bowl","floor":49.0},{"not_picked":["ClowCardTheRain","ClowCardTheSilent+1","ClowCardTheCloud+1"],"picked":"Singing Bowl","floor":52}],"player_experience":653329,"relics_obtained":[{"floor":2.0,"key":"KSMOD_TomoyosHeart"},{"floor":6.0,"key":"PreservedInsect"},{"floor":8.0,"key":"hexamod:BolsterEngine"},{"floor":17.0,"key":"Lantern"},{"floor":17.0,"key":"Matryoshka"},{"floor":17.0,"key":"Pocketwatch"},{"floor":24.0,"key":"KSMOD_TouyasBicycle"},{"floor":24.0,"key":"Meat on the Bone"},{"floor":25.0,"key":"War Paint"},{"floor":27.0,"key":"Shuriken"},{"floor":29.0,"key":"TungstenRod"},{"floor":29.0,"key":"KSMOD_TaoistSuit"},{"floor":36.0,"key":"Bottled Flame"},{"floor":41.0,"key":"KSMOD_RollerSkates"},{"floor":41.0,"key":"Bag of Marbles"},{"floor":45.0,"key":"Old Coin"},{"floor":46.0,"key":"FossilizedHelix"},{"floor":47.0,"key":"Pantograph"},{"floor":52,"key":"Anchor"}],"event_choices":[{"damage_healed":0.0,"max_hp_gain":0.0,"max_hp_loss":0.0,"gold_gain":0.0,"event_name":"Ghosts","player_choice":"Ignored","floor":23.0,"gold_loss":0.0,"damage_taken":0.0},{"cards_removed":["ClowCardTheFly"],"damage_healed":0.0,"max_hp_gain":0.0,"max_hp_loss":0.0,"gold_gain":0.0,"event_name":"Falling","player_choice":"Removed Skill","floor":39.0,"gold_loss":0.0,"damage_taken":0.0},{"damage_healed":0.0,"max_hp_gain":0.0,"max_hp_loss":0.0,"gold_gain":0.0,"event_name":"Mysterious Sphere","player_choice":"Fight","floor":46.0,"gold_loss":0.0,"damage_taken":0.0}],"is_beta":false,"boss_relics":[{"not_picked":["Velvet Choker","SacredBark"],"picked":"Calling Bell"},{"not_picked":["Sozu","Runic Pyramid"],"picked":"Pandora\u0027s Box"}],"items_purged_floors":[28],"is_endless":false,"potions_floor_spawned":[2,3,9,11,15,21,29,30,31,32,36,45,46,49],"ascension_level":4}}