{"host":"9pqy5lt7vda52ebm","time":1608744078,"event":{"mods":["BaseMod","Minty Spire (QoL Compilation)","Optimize The Spire","Quick Restart","StSLib","The Marked"],"gold_per_floor":[112,112,132,57,157,157,167,167,192,219,238,257,271,303,315,432,444,474,486,498,522,546,590,163,195,195,128,146,146],"floor_reached":28,"playtime":4506,"items_purged":["theMarked:Strike","Writhe"],"score":351,"play_id":"8d1a7421-582d-42d0-87d9-b7288857b89e","local_time":"20201223122118","is_ascension_mode":true,"campfire_choices":[{"data":"theMarked:SoldierOfQuellstein","floor":6,"key":"SMITH"},{"data":"theMarked:MaelstromOfLightning","floor":8,"key":"SMITH"},{"data":"theMarked:ComboAttacks","floor":15,"key":"SMITH"}],"circlet_count":0,"master_deck":["theMarked:Strike","theMarked:Strike","theMarked:Defend","theMarked:Defend","theMarked:Defend","theMarked:Defend","theMarked:SoldierOfQuellstein+1","theMarked:SwordAndMagic","theMarked:MaelstromOfLightning+1","theMarked:RepellingDischarge","theMarked:BanishingStrike","theMarked:ComboAttacks+1","theMarked:EnhanceMovement","theMarked:TurnInvisible","theMarked:ResourceFulStrike","theMarked:Reabsorb","theMarked:Electrocute","theMarked:TwofoldDefense+1","theMarked:Overthink","Discovery","theMarked:GodGivenPower"],"relics":["theMarked:ArtifactOfAir","Potion Belt","Centennial Puzzle","MawBank","SlaversCollar","Pantograph","Sundial","Toy Ornithopter","Anchor","Pen Nib","Darkstone Periapt"],"acts_visited":["Exordium","TheCity"],"potions_floor_usage":[14,16,22,22,23,23,28,28],"damage_taken":[{"damage":0,"enemies":"2 Louse","floor":1,"turns":2},{"damage":6,"enemies":"Cultist","floor":3,"turns":3},{"damage":1,"enemies":"Small Slimes","floor":7,"turns":3},{"damage":16,"enemies":"Gremlin Nob","floor":10,"turns":3},{"damage":0,"enemies":"Gremlin Gang","floor":11,"turns":4},{"damage":1,"enemies":"Looter","floor":12,"turns":2},{"damage":7,"enemies":"Exordium Wildlife","floor":13,"turns":3},{"damage":5,"enemies":"3 Sentries","floor":14,"turns":4},{"damage":19,"enemies":"Slime Boss","floor":16,"turns":4},{"damage":13,"enemies":"3 Byrds","floor":18,"turns":7},{"damage":2,"enemies":"Chosen","floor":21,"turns":3},{"damage":7,"enemies":"Snecko","floor":22,"turns":6},{"damage":1,"enemies":"Gremlin Leader","floor":23,"turns":4},{"damage":8,"enemies":"Slavers","floor":25,"turns":7},{"damage":10,"enemies":"Chosen and Byrds","floor":28,"turns":6}],"seed_played":"-71125113263485772","potions_obtained":[{"floor":1,"key":"DistilledChaos"},{"floor":3,"key":"DistilledChaos"},{"floor":10,"key":"SteroidPotion"},{"floor":11,"key":"SkillPotion"},{"floor":14,"key":"SpeedPotion"},{"floor":21,"key":"theMarked:ChargePotion"},{"floor":23,"key":"Swift Potion"}],"is_trial":false,"path_per_floor":["M","?","M","$","?","R","M","R","T","E","M","M","M","E","R","B",null,"M","?","?","M","M","E","$","E","T","?","M"],"character_chosen":"THE_DEFAULT","items_purchased":["Toy Ornithopter","Swift Potion","AttackPotion","Discovery"],"campfire_rested":0,"item_purchase_floors":[24,24,24,24],"current_hp_per_floor":[63,63,57,57,57,57,56,56,56,40,40,39,32,27,27,8,55,42,42,42,40,33,32,32,24,24,24,24,24],"gold":146,"neow_bonus":"THREE_CARDS","is_daily":false,"chose_seed":false,"campfire_upgraded":3,"win_rate":0.0,"timestamp":1608744078,"path_taken":["M","?","?","?","?","R","?","R","T","E","M","M","M","E","R","BOSS","M","?","?","M","M","E","$","E","T","?","?"],"items_purchased_type":["Relic","Potion","Potion","Card"],"build_version":"2020-12-22","purchased_purges":2,"victory":false,"max_hp_per_floor":[70,70,70,70,70,70,70,70,70,70,70,70,70,70,70,70,70,70,70,70,70,70,70,70,70,70,70,70,70],"card_choices":[{"not_picked":["theMarked:Aftermath","theMarked:Static"],"picked":"theMarked:SwordAndMagic","floor":0},{"not_picked":["theMarked:ChainLightning","theMarked:Electrify"],"picked":"theMarked:MaelstromOfLightning","floor":1},{"not_picked":["theMarked:SwordAndMagic","theMarked:Static"],"picked":"theMarked:RepellingDischarge","floor":3},{"not_picked":["theMarked:GodGivenPower","theMarked:EnhancedHearing"],"picked":"theMarked:BanishingStrike","floor":7},{"not_picked":["theMarked:Electrocute","theMarked:ResourceFulStrike"],"picked":"theMarked:ComboAttacks","floor":10},{"not_picked":["theMarked:TakeCover","theMarked:ParalyzingBlade"],"picked":"theMarked:EnhanceMovement","floor":11},{"not_picked":["theMarked:Electrocute","theMarked:MaelstromOfLightning","theMarked:RepellingDischarge"],"picked":"SKIP","floor":12},{"not_picked":["theMarked:Aftermath","theMarked:LightningStrikesTwice","theMarked:PowerFlow"],"picked":"SKIP","floor":13},{"not_picked":["theMarked:Electrocute","theMarked:TunnelVision","theMarked:ResourceFulStrike"],"picked":"SKIP","floor":14},{"not_picked":["theMarked:SuspiciousRaven","theMarked:ThrowWeapon"],"picked":"theMarked:TurnInvisible","floor":16},{"not_picked":["theMarked:ChainLightning","theMarked:ReduceFriction"],"picked":"theMarked:ResourceFulStrike","floor":18},{"not_picked":["theMarked:ResourceFulStrike","theMarked:Static"],"picked":"theMarked:TwofoldDefense+1","floor":21},{"not_picked":["theMarked:TwofoldDefense","theMarked:Reabsorb+1","theMarked:EmpowerWeapon"],"picked":"SKIP","floor":22},{"not_picked":["theMarked:BanishingWave","theMarked:ComboAttacks"],"picked":"theMarked:Overthink","floor":23},{"not_picked":["theMarked:HeightenedSenses","theMarked:Opportunist"],"picked":"theMarked:GodGivenPower","floor":25}],"player_experience":374455,"relics_obtained":[{"floor":9,"key":"Potion Belt"},{"floor":10,"key":"Centennial Puzzle"},{"floor":14,"key":"MawBank"},{"floor":23,"key":"Sundial"},{"floor":25,"key":"Anchor"},{"floor":26,"key":"Pen Nib"}],"event_choices":[{"damage_healed":0,"gold_gain":0,"player_choice":"Bought 0 Potions","damage_taken":0,"max_hp_gain":0,"max_hp_loss":0,"event_name":"The Woman in Blue","floor":2,"gold_loss":0},{"damage_healed":0,"gold_gain":100,"player_choice":"Pray","damage_taken":0,"max_hp_gain":0,"max_hp_loss":0,"event_name":"Golden Shrine","floor":5,"gold_loss":0},{"damage_healed":0,"gold_gain":0,"cards_transformed":["theMarked:Strike","theMarked:Strike"],"player_choice":"Became Test Subject","damage_taken":0,"max_hp_gain":0,"max_hp_loss":0,"event_name":"Drug Dealer","floor":19,"gold_loss":0,"cards_obtained":["theMarked:Reabsorb","theMarked:Electrocute"]},{"damage_healed":0,"gold_gain":0,"player_choice":"Opened","damage_taken":0,"relics_obtained":["Pantograph"],"max_hp_gain":0,"max_hp_loss":0,"event_name":"The Mausoleum","floor":20,"gold_loss":0,"cards_obtained":["Writhe"]},{"damage_healed":0,"gold_gain":0,"player_choice":"Paid Gold","damage_taken":0,"relics_obtained":["Darkstone Periapt"],"max_hp_gain":0,"max_hp_loss":0,"event_name":"WeMeetAgain","floor":27,"gold_loss":67}],"is_beta":false,"boss_relics":[{"not_picked":["Cursed Key","Empty Cage"],"picked":"SlaversCollar"}],"items_purged_floors":[4,24],"is_endless":false,"potions_floor_spawned":[1,3,10,11,14,21,23],"killed_by":"Chosen and Byrds","ascension_level":6}}