{"host":"li2oyy8xcjugrjw6","time":1608706879,"event":{"mods":["AchievementEnabler","BaseMod","Colored Map","Minty Spire (QoL Compilation)","Permanent Neow","Replay The Spire","StSLib"],"gold_per_floor":[116,132,132,132,149,149,164,180,251,251,265,265,265],"floor_reached":12,"playtime":384,"items_purged":[],"score":108,"play_id":"2d0901ce-7946-4154-a64e-94dfda139263","local_time":"20201222230119","is_ascension_mode":true,"campfire_choices":[{"data":"ReplayTheSpireMod:Calculation Training","floor":6,"key":"SMITH"},{"data":"Defragment","floor":10,"key":"SMITH"}],"circlet_count":0,"master_deck":["AscendersBane","Strike_B","Strike_B","Strike_B","Strike_B","Defend_B","Defend_B","Defend_B+1","Defend_B","Zap","Dualcast","ReplayTheSpireMod:Calculation Training+1","Defragment+1","Hologram","Panic Button+1"],"relics":["Cracked Core","Art of War","Toxic Egg 2"],"acts_visited":["Exordium"],"potions_floor_usage":[5,7,11,12],"damage_taken":[{"damage":3,"enemies":"2 Louse","floor":1,"turns":3},{"damage":6,"enemies":"Cultist","floor":2,"turns":4},{"damage":7,"enemies":"Jaw Worm","floor":5,"turns":2},{"damage":3,"enemies":"Red Slaver","floor":7,"turns":3},{"damage":5,"enemies":"2 Fungi Beasts","floor":8,"turns":4},{"damage":0,"enemies":"Gremlin Gang","floor":11,"turns":1},{"damage":79,"enemies":"Gremlin Nob","floor":12,"turns":4}],"seed_played":"630426334447764534","potions_obtained":[{"floor":1,"key":"Block Potion"},{"floor":4,"key":"Block Potion"},{"floor":4,"key":"SneckoOil"},{"floor":8,"key":"AttackPotion"}],"is_trial":false,"path_per_floor":["M","M","?","?","M","R","M","M","T","R","M","E"],"character_chosen":"DEFECT","items_purchased":[],"campfire_rested":0,"item_purchase_floors":[],"current_hp_per_floor":[65,59,59,59,52,52,49,44,44,44,44,0,0],"gold":265,"neow_bonus":"RANDOM_COMMON_RELIC","is_daily":false,"chose_seed":false,"campfire_upgraded":2,"win_rate":0.0,"timestamp":1608706879,"path_taken":["M","M","?","?","?","R","M","M","T","R","M","E"],"items_purchased_type":[],"build_version":"2020-12-22","purchased_purges":0,"victory":false,"max_hp_per_floor":[75,75,75,75,75,75,75,75,75,75,75,75,75],"card_choices":[{"not_picked":["Streamline","Crystallizer"],"picked":"ReplayTheSpireMod:Calculation Training","floor":1},{"not_picked":["Panic Button","Stack"],"picked":"Defragment","floor":2},{"not_picked":["Rip and Tear","Cold Snap","Ball Lightning"],"picked":"SKIP","floor":5},{"not_picked":["Ball Lightning","Compile Driver"],"picked":"Hologram","floor":7},{"not_picked":["Go for the Eyes","Ball Lightning","Coolheaded"],"picked":"SKIP","floor":8},{"not_picked":["Cold Snap","Redo+1"],"picked":"Panic Button+1","floor":11}],"player_experience":961518,"relics_obtained":[{"floor":9,"key":"Toxic Egg 2"}],"event_choices":[{"damage_healed":0,"gold_gain":0,"player_choice":"Got Potions","damage_taken":0,"max_hp_gain":0,"max_hp_loss":0,"event_name":"Lab","floor":4,"gold_loss":0}],"is_beta":false,"boss_relics":[],"items_purged_floors":[],"is_endless":false,"potions_floor_spawned":[1,8],"killed_by":"Gremlin Nob","ascension_level":10}}