{"host":"qm4rv4rkpk76sbxu","time":1608714904,"event":{"mods":["BaseMod","Bestiary","Block Reminder","DeckTracker","Filter the Spire","Keyboard Shortcuts","Minty Spire (QoL Compilation)","MonsterHotkey","Potion Indicator Mod","Quick Restart","Random Character Button","Relic Stats","Slay-I","StSLib","ojb\u0027s Better Paths Mod"],"gold_per_floor":[116,130,280,280,300,335,335,379,379,379,379],"floor_reached":10,"playtime":344,"items_purged":[],"score":152,"play_id":"c0217b7d-8c8d-4896-bf4e-a86e4d08db5c","local_time":"20201223101504","is_ascension_mode":true,"campfire_choices":[],"circlet_count":0,"master_deck":["AscendersBane","Strike_B","Strike_B","Strike_B","Strike_B","Defend_B","Defend_B","Defend_B","Defend_B","Zap","Dualcast","Defragment","Ball Lightning","Doubt","Ball Lightning","Conserve Battery"],"relics":["Cracked Core","Anchor","Singing Bowl","CeramicFish","Lantern","Bottled Flame"],"acts_visited":["Exordium"],"potions_floor_usage":[10],"damage_taken":[{"damage":0.0,"enemies":"2 Louse","floor":1.0,"turns":2.0},{"damage":3.0,"enemies":"Small Slimes","floor":2.0,"turns":4.0},{"damage":1.0,"enemies":"Cultist","floor":5.0,"turns":3.0},{"damage":13.0,"enemies":"Lagavulin","floor":6.0,"turns":7.0},{"damage":25.0,"enemies":"3 Sentries","floor":8.0,"turns":6.0},{"damage":18,"enemies":"Lagavulin","floor":10,"turns":4}],"seed_played":"-2013156418730823664","potions_obtained":[{"floor":1.0,"key":"Weak Potion"},{"floor":2.0,"key":"LiquidMemories"},{"floor":4.0,"key":"Block Potion"},{"floor":8.0,"key":"Ancient Potion"}],"is_trial":false,"path_per_floor":["M","M","?","?","M","E","?","E","T","E"],"character_chosen":"DEFECT","items_purchased":[],"campfire_rested":0,"item_purchase_floors":[],"current_hp_per_floor":[64,61,61,61,60,47,36,11,11,0,0],"gold":379,"neow_bonus":"RANDOM_COMMON_RELIC","is_daily":false,"chose_seed":false,"campfire_upgraded":0,"win_rate":0.0,"timestamp":1608714904,"path_taken":["M","M","?","?","?","E","?","E","T","E"],"items_purchased_type":[],"build_version":"2020-12-22","purchased_purges":0,"victory":false,"max_hp_per_floor":[71,71,71,71,71,71,71,71,71,71,71],"relic_stats":{"Singing Bowl":0,"counters":[6,26],"CeramicFish":9,"obtain_stats":[{"Anchor":0,"Lantern":8,"Bottled Flame":9,"Singing Bowl":6,"CeramicFish":7,"Cracked Core":0},{"Anchor":0,"Lantern":5,"Bottled Flame":5,"Singing Bowl":4,"CeramicFish":4,"Cracked Core":0},{"Anchor":0,"Lantern":22,"Bottled Flame":22,"Singing Bowl":16,"CeramicFish":16,"Cracked Core":0}]},"card_choices":[{"not_picked":["Hologram","Self Repair"],"picked":"Defragment","floor":1.0},{"not_picked":["Gash","Self Repair"],"picked":"Ball Lightning","floor":2.0},{"not_picked":["Stack","Streamline","Hello World"],"picked":"SKIP","floor":5.0},{"not_picked":["Compile Driver","Lockon"],"picked":"Ball Lightning","floor":6.0},{"not_picked":["Tempest","Amplify"],"picked":"Conserve Battery","floor":8.0}],"player_experience":1101543,"relics_obtained":[{"floor":6.0,"key":"Singing Bowl"},{"floor":8.0,"key":"Lantern"},{"floor":9.0,"key":"Bottled Flame"}],"event_choices":[{"damage_healed":0.0,"max_hp_gain":0.0,"max_hp_loss":0.0,"gold_gain":150.0,"event_name":"Liars Game","player_choice":"AGREE","floor":3.0,"gold_loss":0.0,"damage_taken":0.0,"cards_obtained":["Doubt"]},{"damage_healed":0.0,"max_hp_gain":0.0,"max_hp_loss":0.0,"gold_gain":0.0,"event_name":"Lab","player_choice":"Got Potions","floor":4.0,"gold_loss":0.0,"damage_taken":0.0},{"damage_healed":0.0,"max_hp_gain":0.0,"max_hp_loss":0.0,"gold_gain":0.0,"event_name":"Scrap Ooze","player_choice":"Success","floor":7.0,"gold_loss":0.0,"damage_taken":11.0,"relics_obtained":["CeramicFish"]}],"is_beta":false,"boss_relics":[],"items_purged_floors":[],"is_endless":false,"potions_floor_spawned":[1,2,8],"killed_by":"Lagavulin","ascension_level":20}}