{"host":"94qggqh0xz0sp6ai","time":1608690492,"event":{"mods":["Abigail Mod","Act Like it!","BaseMod","CapriCore","Downfall","Friendly Minions","Gensokyo","Hermit","Jorbs\u0027s Wanderer Trilogy","Koishi","Marisa（霧雨　魔理沙）","Minty Spire (QoL Compilation)","Permanent Neow","Reimu（博??梦）","StSLib","The Alterego","The Construct","The Cursed","The Hierophant","The Immortal","The Senshi","The Servant 0.9.4","TheBandit","Waifu the Spire"],"gold_per_floor":[119,41,61,77,89,89,116,116,162,162,180,180,180,195,195,269,569,580,580,49,49,49,80,90,90,114,14,14,44,44,79,79,155,155,169,93,113,72,90,90,107,107,107],"floor_reached":42,"playtime":1867,"items_purged":["Writhe","Exchange"],"score":983,"play_id":"6ede2700-c4d4-43e7-8a08-0c1097438a6c","local_time":"20201222202812","is_ascension_mode":true,"campfire_choices":[{"data":"WasteNot","floor":6,"key":"SMITH"},{"floor":8,"key":"REST"},{"data":"SilverBlades","floor":10,"key":"SMITH"},{"data":"KidneyShot","floor":13,"key":"SMITH"},{"data":"Moondial","floor":15,"key":"SMITH"},{"data":"SurpressingFire","floor":25,"key":"SMITH"},{"floor":28,"key":"REST"},{"data":"Sunlight","floor":30,"key":"SMITH"},{"data":"MoonPhase","floor":32,"key":"SMITH"},{"data":"Luminosity","floor":40,"key":"SMITH"}],"circlet_count":0,"master_deck":["AscendersBane","Strike_S","Strike_S","Defend_S","Defend_S","Defend_S","Defend_S","KidneyShot+1","Misdirection","WasteNot+1","SilverBlades+1","FastForward","MoonPhase+1","Dilation","Moondial+1","Defy","TheWorld","CurseOfTheBell","BestPractice+1","Comet","Starlight","Sunlight+1","SurpressingFire+1","Luminosity+1","LightFlow","BestPractice+1","Luminosity+1","Defy","SilverBlades","ShiftingGears"],"relics":["Uniform","Pantograph","Centennial Puzzle","FaceOfCleric","Calling Bell","Regal Pillow","Meat on the Bone","Old Coin","Broom","Vajra","Sling","Lantern","Pen Nib","Blood Vial","Boot","Empty Cage"],"acts_visited":["Exordium","TheCity","TheBeyond"],"potions_floor_usage":[7,14,16,24],"damage_taken":[{"damage":0,"enemies":"Cultist","floor":1,"turns":4},{"damage":0,"enemies":"2 Louse","floor":3,"turns":4},{"damage":11,"enemies":"Jaw Worm","floor":4,"turns":5},{"damage":5,"enemies":"2 Fungi Beasts","floor":5,"turns":5},{"damage":34,"enemies":"3 Sentries","floor":7,"turns":10},{"damage":5,"enemies":"Large Slime","floor":11,"turns":11},{"damage":12,"enemies":"Lots of Slimes","floor":14,"turns":4},{"damage":28,"enemies":"Hexaghost","floor":16,"turns":15},{"damage":5,"enemies":"Chosen","floor":18,"turns":7},{"damage":34,"enemies":"Gremlin Leader","floor":23,"turns":7},{"damage":12,"enemies":"3 Byrds","floor":24,"turns":4},{"damage":33,"enemies":"Book of Stabbing","floor":29,"turns":5},{"damage":31,"enemies":"Slavers","floor":31,"turns":6},{"damage":0,"enemies":"Champ","floor":33,"turns":17},{"damage":12,"enemies":"3 Darklings","floor":35,"turns":4},{"damage":4,"enemies":"Orb Walker","floor":37,"turns":4},{"damage":19,"enemies":"3 Darklings","floor":39,"turns":3},{"damage":11,"enemies":"Sphere and 2 Shapes","floor":41,"turns":8},{"damage":58,"enemies":"Reptomancer","floor":42,"turns":3}],"seed_played":"4984010648159524544","potions_obtained":[{"floor":1,"key":"Explosive Potion"},{"floor":5,"key":"ZuzhouPotion:ReiMu"},{"floor":7,"key":"EssenceOfSteel"},{"floor":11,"key":"LiquidBronze"},{"floor":16,"key":"Weak Potion"},{"floor":29,"key":"GrandPatriotsElixir:ReiMu"},{"floor":31,"key":"SpeedPotion"},{"floor":33,"key":"Guardian:BlockOnCardUsePotion"}],"is_trial":false,"path_per_floor":["M","$","M","M","M","R","E","R","T","R","M","?","R","M","R","B",null,"M","?","$","?","?","E","M","R","T","$","R","E","R","E","R","B",null,"M","$","M","$","M","R","M","E"],"character_chosen":"THE_SERVANT","items_purchased":["SilverBlades","BestPractice","Vajra","Sling","Comet","Luminosity","SilverBlades"],"campfire_rested":2,"item_purchase_floors":[2,20,20,20,20,36,38],"current_hp_per_floor":[54,54,54,43,38,38,4,22,22,22,17,17,17,6,6,4,48,44,44,44,44,44,23,24,24,24,24,58,38,38,22,22,50,64,55,55,54,54,38,38,42,0,0],"gold":107,"neow_bonus":"THREE_CARDS","is_daily":false,"chose_seed":false,"campfire_upgraded":8,"win_rate":0.0,"timestamp":1608690492,"path_taken":["M","?","M","?","M","R","E","R","T","R","M","?","R","M","R","BOSS","M","?","?","?","?","E","?","R","T","$","R","E","R","E","R","BOSS","M","$","M","?","M","R","M","E"],"items_purchased_type":["Card","Card","Relic","Relic","Card","Card","Card"],"build_version":"2020-12-13","purchased_purges":2,"victory":false,"max_hp_per_floor":[60,60,60,60,60,60,60,60,60,60,60,60,60,61,61,62,62,63,63,63,63,63,64,65,65,65,65,65,66,66,67,67,68,68,69,69,70,70,71,71,72,72,72],"card_choices":[{"not_picked":["Starlight","StarChef"],"picked":"Misdirection","floor":0},{"not_picked":["ReturningBlade","FastForward"],"picked":"WasteNot","floor":1},{"not_picked":["DoubleEdge","InstantArmor","Spin"],"picked":"SKIP","floor":3},{"not_picked":["Unruled","ReturningBlade"],"picked":"FastForward","floor":4},{"not_picked":["Spin","Rearm"],"picked":"MoonPhase","floor":5},{"not_picked":["ShatteredReality","LightFlow"],"picked":"Dilation","floor":7},{"not_picked":["Rearm","Replace"],"picked":"Moondial","floor":11},{"not_picked":["DualDimension","Rewind"],"picked":"Defy","floor":14},{"not_picked":["Initiator","Deny"],"picked":"TheWorld","floor":16},{"not_picked":["ShatteredReality","Advance","Alleviate"],"picked":"SKIP","floor":18},{"not_picked":["TimeWarp","Reset"],"picked":"Sunlight","floor":23},{"not_picked":["FastForward","Alleviate"],"picked":"SurpressingFire","floor":24},{"not_picked":["Potential","Unruled","DancingSilver"],"picked":"SKIP","floor":29},{"not_picked":["Manipulate","Rearm+1"],"picked":"Luminosity+1","floor":31},{"not_picked":["Duplication","SilverMatrix"],"picked":"LightFlow","floor":33},{"not_picked":["Shuttle+1","Advance+1"],"picked":"BestPractice+1","floor":35},{"not_picked":["Rearm","DancingSilver+1"],"picked":"Defy","floor":37},{"not_picked":["DancingSilver","Alleviate","TimeWarp+1"],"picked":"SKIP","floor":39},{"not_picked":["Defy","Reset"],"picked":"ShiftingGears","floor":41}],"player_experience":1397026,"relics_obtained":[{"floor":7,"key":"Pantograph"},{"floor":9,"key":"Centennial Puzzle"},{"floor":17,"key":"Regal Pillow"},{"floor":17,"key":"Meat on the Bone"},{"floor":17,"key":"Old Coin"},{"floor":23,"key":"Lantern"},{"floor":26,"key":"Pen Nib"},{"floor":29,"key":"Blood Vial"},{"floor":31,"key":"Boot"}],"event_choices":[{"damage_healed":0,"gold_gain":0,"player_choice":"Trade","damage_taken":0,"relics_obtained":["FaceOfCleric"],"max_hp_gain":0,"max_hp_loss":0,"event_name":"FaceTrader","floor":12,"gold_loss":0},{"damage_healed":0,"gold_gain":0,"player_choice":"Opened","damage_taken":0,"relics_obtained":["Broom"],"max_hp_gain":0,"max_hp_loss":0,"event_name":"The Mausoleum","floor":19,"gold_loss":0,"cards_obtained":["Writhe"]},{"damage_healed":0,"gold_gain":0,"player_choice":"Read","damage_taken":0,"max_hp_gain":0,"max_hp_loss":0,"event_name":"The Library","floor":21,"gold_loss":0,"cards_obtained":["Starlight"]},{"damage_healed":0,"gold_gain":0,"player_choice":"Forge","damage_taken":0,"max_hp_gain":0,"max_hp_loss":0,"event_name":"Accursed Blacksmith","floor":22,"gold_loss":0,"cards_upgraded":["BestPractice"]}],"is_beta":false,"boss_relics":[{"not_picked":["SlaversCollar","Velvet Choker"],"picked":"Calling Bell"},{"not_picked":["MysterySword","Fusion Hammer"],"picked":"Empty Cage"}],"items_purged_floors":[20,27],"is_endless":false,"potions_floor_spawned":[1,5,7,11,16,29,31,33],"killed_by":"Reptomancer","ascension_level":19}}