{"host":"vi6th7e8dilnaeg0","time":1608736366,"event":{"mods":["BaseMod","Minty Spire (QoL Compilation)","Relic Stats","StSLib"],"gold_per_floor":[111,111,111,122,132,132,35,64,64,84,84,94,94,115,115,115,115],"floor_reached":16,"playtime":889,"items_purged":["Strike_P"],"score":178,"play_id":"6bc36a30-201e-4c5a-8472-809dc3f6554b","local_time":"20201223161246","is_ascension_mode":true,"campfire_choices":[{"data":"LessonLearned","floor":6,"key":"SMITH"},{"floor":11,"key":"REST"},{"data":"Study","floor":15,"key":"SMITH"}],"circlet_count":0,"master_deck":["Strike_P+1","Strike_P","Strike_P","Defend_P+1","Defend_P","Defend_P","Defend_P+1","Eruption+1","Vigilance","SignatureMove","LessonLearned+1","Study+1","Halt+1","ThirdEye","Perseverance","Perseverance","ClearTheMind","Prostrate"],"relics":["Cursed Key","Calipers","Golden Idol"],"acts_visited":["Exordium"],"potions_floor_usage":[],"damage_taken":[{"damage":2,"enemies":"2 Louse","floor":1,"turns":3},{"damage":7,"enemies":"Jaw Worm","floor":4,"turns":2},{"damage":0,"enemies":"Cultist","floor":5,"turns":4},{"damage":0,"enemies":"Gremlin Nob","floor":8,"turns":2},{"damage":12,"enemies":"Gremlin Gang","floor":10,"turns":5},{"damage":5,"enemies":"Blue Slaver","floor":12,"turns":3},{"damage":0,"enemies":"Large Slime","floor":14,"turns":5},{"damage":49,"enemies":"Slime Boss","floor":16,"turns":12}],"seed_played":"7136726104805346470","potions_obtained":[{"floor":1,"key":"EntropicBrew"},{"floor":5,"key":"EssenceOfSteel"},{"floor":12,"key":"StancePotion"}],"is_trial":false,"path_per_floor":["M","?","?","M","M","R","$","E","T","M","R","M","?","M","R","B"],"character_chosen":"WATCHER","items_purchased":["ThirdEye"],"campfire_rested":1,"item_purchase_floors":[7],"current_hp_per_floor":[63,68,68,61,61,61,61,61,61,49,72,67,48,48,48,0,0],"gold":115,"neow_bonus":"BOSS_RELIC","is_daily":false,"chose_seed":false,"campfire_upgraded":2,"win_rate":0.0,"timestamp":1608736366,"path_taken":["M","?","?","?","?","R","$","E","T","M","R","M","?","M","R","BOSS"],"items_purchased_type":["Card"],"build_version":"2020-12-22","purchased_purges":1,"victory":false,"max_hp_per_floor":[72,77,77,77,77,77,77,77,77,77,77,77,77,77,77,77,77],"relic_stats":{"counters":[8,36],"Golden Idol":4,"Cursed Key":0,"obtain_stats":[{"Calipers":8,"Golden Idol":13,"PureWater":0,"Cursed Key":0},{"Calipers":4,"Golden Idol":6,"PureWater":0,"Cursed Key":0},{"Calipers":11,"Golden Idol":19,"PureWater":0,"Cursed Key":0}]},"card_choices":[{"not_picked":["Nirvana","DeceiveReality"],"picked":"SignatureMove","floor":1},{"not_picked":["Sanctity","Collect"],"picked":"Study","floor":4},{"not_picked":["ClearTheMind","BattleHymn"],"picked":"Halt","floor":5},{"not_picked":["SashWhip","FollowUp"],"picked":"Perseverance","floor":8},{"not_picked":["Omniscience","EmptyFist"],"picked":"Perseverance","floor":10},{"not_picked":["EmptyFist","CrushJoints"],"picked":"ClearTheMind","floor":12},{"not_picked":["EmptyBody","WheelKick"],"picked":"Prostrate","floor":14}],"player_experience":625169,"relics_obtained":[{"floor":8,"key":"Calipers"}],"event_choices":[{"damage_healed":0,"gold_gain":0,"player_choice":"Donut","damage_taken":0,"max_hp_gain":5,"max_hp_loss":0,"event_name":"Big Fish","floor":2,"gold_loss":0},{"damage_healed":0,"gold_gain":0,"player_choice":"1 cards matched","damage_taken":0,"max_hp_gain":0,"max_hp_loss":0,"event_name":"Match and Keep!","floor":3,"gold_loss":0,"cards_obtained":["LessonLearned"]},{"damage_healed":0,"gold_gain":0,"player_choice":"Take Damage","damage_taken":19,"relics_obtained":["Golden Idol"],"max_hp_gain":0,"max_hp_loss":0,"event_name":"Golden Idol","floor":13,"gold_loss":0}],"is_beta":false,"boss_relics":[],"items_purged_floors":[7],"is_endless":false,"potions_floor_spawned":[1,5,12],"killed_by":"Slime Boss","ascension_level":8}}