{"host":"gww6ffkzfofersck","time":1608767903,"event":{"mods":["Astrologer","BaseMod","ChefMod","Colored Powertips","Conspire","Downfall","Ekko","Fiend Mod","Hermit","Highlight Path","Infinite Spire","Ironclad Rager","Minty Spire (QoL Compilation)","Pikachu Mod","Potionbrewer","Quick Restart","Replay The Spire","Shedinja","Shop Mod","StSLib","The Blackbeard","The Hierophant","The Necromancer","TheVacant","Wandering Minibosses"],"gold_per_floor":[99,99,144,144,144,69,69,83,68,68,68],"floor_reached":10,"playtime":522,"items_purged":[],"score":52,"play_id":"a130967a-30cd-488b-aa6f-714ab2717108","local_time":"20201223185823","is_ascension_mode":false,"campfire_choices":[{"floor":1,"key":"RECALL"}],"circlet_count":0,"master_deck":["sneckomod:Strike","sneckomod:Strike","sneckomod:Strike","sneckomod:Defend","sneckomod:Defend","sneckomod:Defend","sneckomod:TailWhip","sneckomod:SnekBite","sneckomod:Unknown","sneckomod:Unknown","sneckomod:SoulDraw","sneckomod:UnknownClassWHITE+1","sneckomod:UnknownClassEKKO_BLUE_COLOR","sneckomod:SnakeSap","sneckomod:CheapStock","sneckomod:CheapStock","sneckomod:UnknownRarePower"],"relics":["sneckomod:SneckoSoul","downfall:HeartsMalice","Replay:Wax Seal"],"acts_visited":["Exordium"],"potions_floor_usage":[10],"damage_taken":[{"damage":0,"enemies":"2 Louse","floor":2,"turns":1},{"damage":0,"enemies":"conspire:RoseBush","floor":4,"turns":1},{"damage":0,"enemies":"downfall:FleeingMerchant","floor":6,"turns":1},{"damage":12,"enemies":"Small Slimes","floor":8,"turns":6},{"damage":0,"enemies":"downfall:FleeingMerchant","floor":9,"turns":4},{"damage":49,"enemies":"3 Sentries","floor":10,"turns":4}],"seed_played":"-4523752945268513192","potions_obtained":[{"floor":3,"key":"SkillPotion"},{"floor":3,"key":"SteroidPotion"},{"floor":3,"key":"potionbrewer:AcidPotion"}],"is_trial":false,"path_per_floor":["R","M","?","M","?","$","T","M","$","E"],"character_chosen":"THE_SNECKO","items_purchased":["sneckomod:CheapStock"],"campfire_rested":0,"item_purchase_floors":[6],"current_hp_per_floor":[90,90,55,56,56,56,56,44,45,0,0],"gold":68,"neow_bonus":"THREE_ENEMY_KILL","is_daily":false,"chose_seed":false,"campfire_upgraded":0,"win_rate":0.0,"timestamp":1608767903,"path_taken":["R","M","?","M","?","$","T","M","$","E"],"items_purchased_type":["Card"],"build_version":"2020-12-22","purchased_purges":0,"victory":false,"max_hp_per_floor":[90,90,91,92,92,92,92,92,93,93,93],"card_choices":[{"not_picked":["sneckomod:UnknownX","sneckomod:UnknownVulnerable"],"picked":"sneckomod:SoulDraw","floor":2},{"not_picked":["sneckomod:UnknownBlock","sneckomod:UnknownClassGUARDIAN"],"picked":"sneckomod:UnknownClassWHITE","floor":3},{"not_picked":["sneckomod:DiceCrush","sneckomod:UnknownWeak"],"picked":"sneckomod:UnknownClassEKKO_BLUE_COLOR","floor":4},{"not_picked":["sneckomod:UnknownStrike","sneckomod:UnknownX"],"picked":"sneckomod:SnakeSap","floor":6},{"not_picked":["sneckomod:UnknownClassEKKO_BLUE_COLOR","sneckomod:WideSting"],"picked":"sneckomod:CheapStock","floor":8},{"not_picked":["sneckomod:SoulDraw","sneckomod:UnknownVulnerable"],"picked":"sneckomod:UnknownRarePower","floor":9}],"player_experience":226456,"relics_obtained":[{"floor":7,"key":"Replay:Wax Seal"}],"event_choices":[{"damage_healed":0,"gold_gain":0,"player_choice":"Upgraded","damage_taken":0,"max_hp_gain":0,"max_hp_loss":0,"event_name":"Upgrade Shrine","floor":5,"gold_loss":0,"cards_upgraded":["sneckomod:UnknownClassWHITE"]}],"is_beta":false,"boss_relics":[],"items_purged_floors":[],"is_endless":false,"potions_floor_spawned":[8],"killed_by":"3 Sentries","ascension_level":0}}