{"host":"ou23awlgcm0pi7o1","time":1608731475,"event":{"mods":["BaseMod","Colored Map","Downfall","Minty Spire (QoL Compilation)","StSLib","Unceasing Turn Reminder"],"gold_per_floor":[99,99,99,99,99,109,109,34,54,88,105,105,105,105],"floor_reached":12,"playtime":2866,"items_purged":[],"score":91,"play_id":"8005f2df-cb7f-4abb-9d8c-200aa3abf400","local_time":"20201223135115","is_ascension_mode":true,"campfire_choices":[{"floor":1,"key":"RECALL"},{"data":"champ:CrookedStrike","floor":8,"key":"SMITH"}],"circlet_count":0,"master_deck":["champ:Strike","champ:Strike","champ:Strike","champ:Strike","champ:Defend","champ:Defend","champ:Defend","champ:Defend","champ:Taunt","champ:TornadoPunch","champ:DefensiveShout","champ:CrookedStrike+1","champ:DefensiveShout","champ:DeathBlow","champ:FocusedDefense","champ:EnGarde","champ:TornadoPunch"],"relics":["champ:ChampionCrown","downfall:HeartsMalice","Blue Candle","downfall:HeartBlessingRed","Akabeko"],"acts_visited":["Exordium"],"potions_floor_usage":[11,12],"damage_taken":[{"damage":0,"enemies":"Jaw Worm","floor":2,"turns":1},{"damage":0,"enemies":"Cultist","floor":4,"turns":1},{"damage":0,"enemies":"2 Louse","floor":5,"turns":1},{"damage":3,"enemies":"Lots of Slimes","floor":6,"turns":3},{"damage":18,"enemies":"Blue Slaver","floor":9,"turns":2},{"damage":61,"enemies":"Lagavulin","floor":10,"turns":7},{"damage":0,"enemies":"3 Louse","floor":11,"turns":2},{"damage":53,"enemies":"Gremlin Nob","floor":12,"turns":3}],"seed_played":"3719818457998355184","potions_obtained":[{"floor":6,"key":"AttackPotion"},{"floor":10,"key":"champ:UltimateStancePotion"}],"is_trial":false,"path_per_floor":["R","M","?","M","M","M","T","R","M","E","M","E"],"character_chosen":"THE_CHAMP","items_purchased":[],"campfire_rested":0,"item_purchase_floors":[],"current_hp_per_floor":[90,90,90,90,90,87,87,87,79,28,28,0,0,0],"gold":105,"neow_bonus":"THREE_ENEMY_KILL","is_daily":false,"chose_seed":false,"campfire_upgraded":1,"win_rate":0.0,"timestamp":1608731475,"path_taken":["R","M","?","M","?","M","T","R","M","E","M","E"],"items_purchased_type":[],"build_version":"2020-12-22","purchased_purges":0,"victory":false,"max_hp_per_floor":[90,90,90,90,90,90,90,90,90,90,90,90,90,90],"card_choices":[{"not_picked":["champ:Circumvent","champ:Haymaker"],"picked":"champ:TornadoPunch","floor":2},{"not_picked":["champ:Haymaker","champ:Riposte"],"picked":"champ:CrookedStrike","floor":4},{"not_picked":["champ:Encircle","champ:PerfectedStrike"],"picked":"champ:DefensiveShout","floor":5},{"not_picked":["champ:Encircle","champ:AdrenalArmor"],"picked":"champ:DeathBlow","floor":6},{"not_picked":["champ:Backstep","champ:Circumvent"],"picked":"champ:FocusedDefense","floor":9},{"not_picked":["champ:FalseCounter","champ:Backstep"],"picked":"champ:EnGarde","floor":10},{"not_picked":["champ:GladiatorsShout","champ:CrookedStrike"],"picked":"champ:TornadoPunch","floor":11}],"player_experience":333807,"relics_obtained":[{"floor":7,"key":"Blue Candle"},{"floor":10,"key":"Akabeko"}],"event_choices":[{"damage_healed":0,"gold_gain":0,"cards_transformed":["champ:Execute"],"player_choice":"Transformed","damage_taken":0,"max_hp_gain":0,"max_hp_loss":0,"event_name":"Transmorgrifier","floor":3,"gold_loss":0,"cards_obtained":["champ:DefensiveShout"]}],"is_beta":false,"boss_relics":[],"items_purged_floors":[],"is_endless":false,"potions_floor_spawned":[6,10],"killed_by":"Gremlin Nob","ascension_level":4}}