{"host":"dcj2yvrgcvh5dl2s","time":1608695560,"event":{"mods":["BaseMod","Better Note","Block Reminder","Colored Powertips","DeckTracker","Minty Spire (QoL Compilation)","Quick Restart","Rare Cards Sparkle","Relic Stats","StSLib"],"gold_per_floor":[118,40,40,62,24,64,76,99,111,137,149,190,202,233,245,334,346,372,384,416,460,472,484,496,496],"floor_reached":24,"playtime":571,"items_purged":[],"score":381,"play_id":"b9471fea-4ca2-4867-9313-d4cef0eacce7","local_time":"20201223135240","is_ascension_mode":true,"campfire_choices":[{"data":"Whirlwind","floor":7,"key":"SMITH"},{"data":"True Grit","floor":13,"key":"SMITH"},{"data":"Double Tap","floor":15,"key":"SMITH"},{"floor":23,"key":"REST"}],"circlet_count":0,"master_deck":["AscendersBane","Strike_R","Strike_R","Strike_R","Strike_R","Strike_R","Defend_R","Defend_R","Defend_R","Perfected Strike","Flex","Heavy Blade","True Grit+1","Whirlwind+1","Perfected Strike","Double Tap+1","Feel No Pain","Perfected Strike","Flex","Wild Strike+1","Evolve+1"],"relics":["Burning Blood","NeowsBlessing","MawBank","Unceasing Top","Lantern","Akabeko","Black Star","Red Mask"],"acts_visited":["Exordium","TheCity"],"potions_floor_usage":[16,16,21,22,24],"damage_taken":[{"damage":0,"enemies":"Cultist","floor":1,"turns":1},{"damage":0,"enemies":"Small Slimes","floor":4,"turns":1},{"damage":0,"enemies":"3 Sentries","floor":6,"turns":3},{"damage":0,"enemies":"2 Louse","floor":8,"turns":1},{"damage":0,"enemies":"Large Slime","floor":10,"turns":3},{"damage":18,"enemies":"Gremlin Nob","floor":12,"turns":3},{"damage":0,"enemies":"3 Louse","floor":14,"turns":1},{"damage":60,"enemies":"Slime Boss","floor":16,"turns":9},{"damage":3,"enemies":"Chosen","floor":18,"turns":3},{"damage":23,"enemies":"Shell Parasite","floor":20,"turns":4},{"damage":51,"enemies":"Masked Bandits","floor":21,"turns":7},{"damage":0,"enemies":"Cultist and Chosen","floor":22,"turns":4},{"damage":38,"enemies":"Shelled Parasite and Fungi","floor":24,"turns":4}],"seed_played":"-1468605050639306807","potions_obtained":[{"floor":4,"key":"ElixirPotion"},{"floor":6,"key":"Strength Potion"},{"floor":14,"key":"BloodPotion"},{"floor":16,"key":"BlessingOfTheForge"},{"floor":20,"key":"SkillPotion"},{"floor":21,"key":"SmokeBomb"}],"is_trial":false,"path_per_floor":["M","$","T","M","?","E","R","M","T","M","?","E","R","M","R","B",null,"M","?","M","?","M","R","M"],"character_chosen":"IRONCLAD","items_purchased":["Flex","Heavy Blade"],"campfire_rested":1,"item_purchase_floors":[2,2],"current_hp_per_floor":[78,78,78,80,80,80,80,80,80,80,73,61,61,67,67,29,67,70,70,53,8,14,38,0,0],"gold":496,"neow_bonus":"THREE_ENEMY_KILL","is_daily":false,"chose_seed":false,"campfire_upgraded":3,"win_rate":0.0,"timestamp":1608695560,"path_taken":["M","$","?","M","?","E","R","M","T","M","?","E","R","M","R","BOSS","M","?","M","?","M","R","M"],"items_purchased_type":["Card","Card"],"build_version":"2020-12-13","purchased_purges":0,"victory":false,"max_hp_per_floor":[80,80,80,80,80,80,80,80,80,80,80,80,80,80,80,80,80,80,80,80,80,80,80,80,80],"relic_stats":{"counters":[13,44],"Black Star":0,"MawBank":252,"obtain_stats":[{"Lantern":9,"NeowsBlessing":0,"Black Star":17,"Red Mask":21,"MawBank":3,"Burning Blood":0,"Unceasing Top":6,"Akabeko":12},{"Lantern":4,"NeowsBlessing":0,"Black Star":8,"Red Mask":11,"MawBank":1,"Burning Blood":0,"Unceasing Top":3,"Akabeko":6},{"Lantern":6,"NeowsBlessing":0,"Black Star":22,"Red Mask":36,"MawBank":1,"Burning Blood":0,"Unceasing Top":5,"Akabeko":12}],"Burning Blood":50,"Unceasing Top":[1]},"card_choices":[{"not_picked":["Heavy Blade","Warcry"],"picked":"Perfected Strike","floor":1},{"not_picked":["Burning Pact","Twin Strike"],"picked":"True Grit","floor":4},{"not_picked":["Reckless Charge","Flex"],"picked":"Whirlwind","floor":6},{"not_picked":["Pommel Strike","Uppercut"],"picked":"Perfected Strike","floor":8},{"not_picked":["Searing Blow","Sword Boomerang"],"picked":"Double Tap","floor":10},{"not_picked":["Combust","Pommel Strike"],"picked":"Feel No Pain","floor":12},{"not_picked":["Iron Wave","Headbutt"],"picked":"Perfected Strike","floor":14},{"not_picked":["Cleave+1","Blood for Blood"],"picked":"Flex","floor":18},{"not_picked":["Iron Wave","Body Slam"],"picked":"Wild Strike+1","floor":20},{"not_picked":["Heavy Blade+1","Anger+1"],"picked":"Evolve+1","floor":21}],"player_experience":2010765,"relics_obtained":[{"floor":3,"key":"MawBank"},{"floor":6,"key":"Unceasing Top"},{"floor":9,"key":"Lantern"},{"floor":12,"key":"Akabeko"},{"floor":21,"key":"Red Mask"}],"event_choices":[{"cards_removed":["Bash"],"damage_healed":0,"gold_gain":0,"player_choice":"Card Removal","damage_taken":0,"max_hp_gain":0,"max_hp_loss":0,"event_name":"The Cleric","floor":5,"gold_loss":50},{"cards_removed":["Defend_R"],"damage_healed":0,"gold_gain":0,"player_choice":"Card Removal","damage_taken":7,"max_hp_gain":0,"max_hp_loss":0,"event_name":"Golden Wing","floor":11,"gold_loss":0},{"damage_healed":0,"gold_gain":0,"player_choice":"Ignored","damage_taken":0,"max_hp_gain":0,"max_hp_loss":0,"event_name":"Ghosts","floor":19,"gold_loss":0},{"damage_healed":0,"gold_gain":0,"player_choice":"Fought Bandits","damage_taken":0,"max_hp_gain":0,"max_hp_loss":0,"event_name":"Masked Bandits","floor":21,"gold_loss":0}],"is_beta":false,"boss_relics":[{"not_picked":["Empty Cage","Calling Bell"],"picked":"Black Star"}],"items_purged_floors":[],"is_endless":false,"potions_floor_spawned":[4,6,14,16,20,21],"killed_by":"Shelled Parasite and Fungi","ascension_level":13}}