{"host":"s7tmyr5e6xvpia4b","time":1608729564,"event":{"mods":["ATMod(°¢èªMod)","BaseMod","Bestiary","Better Synergies","BshForSts","Curses Come First","GifTheSpireLib","Minty Spire (QoL Compilation)","Replay The Spire","StSLib","The Blue Laboratory","[IsaacMod]ÒÔÈö¼âËþ","noobMod","¡¾ÒÅÎï¿¨ÅÆ¡¿REMEMod"],"gold_per_floor":[117,117,129,129,129,129,129,129,179,211,223,61,61,90,90,188,188,188,188],"floor_reached":18,"playtime":918,"items_purged":[],"score":227,"play_id":"56aeb94c-904f-4cb7-954d-0edc65f35bb0","local_time":"20201223211924","is_ascension_mode":true,"campfire_choices":[{"data":"REME_GreenPollution","floor":6,"key":"SMITH"},{"data":"Acrobatics","floor":8,"key":"SMITH"},{"data":"Thinking Ahead","floor":13,"key":"SMITH"},{"data":"Burst","floor":15,"key":"SMITH"}],"circlet_count":0,"master_deck":["Strike_G","Strike_G","Strike_G","Strike_G","Defend_G","Defend_G+1","Defend_G","Defend_G","Survivor","Neutralize","AT_GerminateFire","Mayhem+1","Acrobatics+1","REME_GreenPollution+1","Bouncing Flask","Thinking Ahead+1","Burst+1","Adrenaline"],"relics":["Ring of the Snake","AT_ATBox","ice","HushsDoor","REME_ComplimentaryCards","NineVolt","REME_HandOfSuture","Leech","HowToJump","Damocles","BelialBook","Blood Vial","White Beast Statue","Honey Jar"],"acts_visited":["TheCity"],"potions_floor_usage":[],"damage_taken":[{"damage":9,"enemies":"Cultist","floor":1,"turns":6},{"damage":5,"enemies":"2 Louse","floor":3,"turns":3},{"damage":0,"enemies":"Lagavulin","floor":10,"turns":1},{"damage":0,"enemies":"Jaw Worm","floor":11,"turns":3},{"damage":8,"enemies":"Replay:BlueRogue","floor":14,"turns":3},{"damage":7,"enemies":"Slime Boss","floor":16,"turns":11},{"damage":8,"enemies":"3 Byrds","floor":18,"turns":2}],"seed_played":"476887659278966151","potions_obtained":[{"floor":14,"key":"BlessingOfTheForge"},{"floor":16,"key":"blueLaboratory:BottleOfRum"}],"is_trial":false,"path_per_floor":["M","?","M","?","?","R","?","R","T","E","M","$","R","E","R","B",null,"M"],"character_chosen":"THE_SILENT","items_purchased":["Thinking Ahead"],"campfire_rested":0,"item_purchase_floors":[12],"current_hp_per_floor":[61,61,56,42,27,27,9,9,9,9,12,12,12,6,6,68,72,0,0],"gold":188,"neow_bonus":"RANDOM_EVENT","is_daily":false,"chose_seed":false,"campfire_upgraded":4,"win_rate":0.0,"timestamp":1608729564,"path_taken":["M","?","M","?","?","R","?","R","T","E","M","$","R","E","R","BOSS","M"],"items_purchased_type":["Card"],"build_version":"2020-12-22","purchased_purges":0,"victory":false,"max_hp_per_floor":[70,70,70,70,70,70,70,70,70,70,70,70,70,70,70,72,72,83,83],"card_choices":[{"not_picked":["Caltrops","Blur"],"picked":"Acrobatics","floor":1},{"not_picked":["AT_WindRun","Sucker Punch"],"picked":"REME_GreenPollution","floor":3},{"not_picked":["Skewer","REME_GreenPollution"],"picked":"Bouncing Flask","floor":10},{"not_picked":["Acrobatics","Dagger Spray","Deflect"],"picked":"SKIP","floor":11},{"not_picked":["Deflect","Bane"],"picked":"Burst","floor":14},{"not_picked":["AT_EssenceShift","REME_ShadowForm"],"picked":"Adrenaline","floor":16}],"player_experience":23908,"relics_obtained":[{"floor":9,"key":"HowToJump"},{"floor":10,"key":"Damocles"},{"floor":11,"key":"BelialBook"},{"floor":14,"key":"Blood Vial"},{"floor":14,"key":"White Beast Statue"}],"event_choices":[{"cards_removed":["Defend_G"],"damage_healed":0,"gold_gain":0,"player_choice":"Forget","damage_taken":0,"max_hp_gain":0,"max_hp_loss":0,"event_name":"Living Wall","floor":2,"gold_loss":0},{"damage_healed":0,"gold_gain":0,"player_choice":"Entered Light","damage_taken":14,"max_hp_gain":0,"max_hp_loss":0,"event_name":"Shining Light","floor":4,"gold_loss":0,"cards_upgraded":["Defend_G","Mayhem"]},{"damage_healed":0,"gold_gain":0,"player_choice":"Success","damage_taken":18,"relics_obtained":["Leech"],"max_hp_gain":0,"max_hp_loss":0,"event_name":"Scrap Ooze","floor":7,"gold_loss":0}],"is_beta":false,"boss_relics":[{"not_picked":["SacredBark","Fusion Hammer"],"picked":"Honey Jar"},{"not_picked":[]}],"items_purged_floors":[],"is_endless":false,"potions_floor_spawned":[14,16],"killed_by":"3 Byrds","ascension_level":1}}