{"host":"qm4rv4rkpk76sbxu","time":1608713958,"event":{"mods":["BaseMod","Bestiary","Block Reminder","DeckTracker","Filter the Spire","Keyboard Shortcuts","Minty Spire (QoL Compilation)","MonsterHotkey","Potion Indicator Mod","Quick Restart","Random Character Button","Relic Stats","Slay-I","StSLib","ojb\u0027s Better Paths Mod"],"gold_per_floor":[117,127,127,127,92,119,119,119,119,269,288,335,359,395,395,494,494,515,515,538,315,15,15,59,77,102,102,145,160,160,187,187,187,187],"floor_reached":33,"playtime":1370,"items_purged":["Strike_B"],"score":636,"play_id":"8d799794-6ba5-4377-b37b-d97df7a2eef7","local_time":"20201223095918","is_ascension_mode":true,"campfire_choices":[{"data":"Chill","floor":8.0,"key":"SMITH"},{"data":"Genetic Algorithm","floor":15.0,"key":"SMITH"},{"data":"Zap","floor":23.0,"key":"SMITH"},{"data":"Dualcast","floor":27.0,"key":"SMITH"},{"floor":30,"key":"REST"},{"data":"Hologram","floor":32,"key":"SMITH"}],"circlet_count":0,"master_deck":["AscendersBane","Strike_B","Defend_B","Defend_B","Defend_B","Zap+1","Dualcast+1","Ball Lightning","Ball Lightning","Chill+1","Genetic Algorithm+1","Compile Driver","Steam","Cold Snap","Conserve Battery","All For One","Conserve Battery","BootSequence","Hologram+1"],"relics":["Cracked Core","Pear","Golden Idol","Bag of Marbles","Strawberry","Ornamental Fan","Busted Crown","ClockworkSouvenir","CeramicFish","PreservedInsect","Smiling Mask","Pen Nib"],"acts_visited":["Exordium","TheCity"],"potions_floor_usage":[33,33],"damage_taken":[{"damage":7.0,"enemies":"Jaw Worm","floor":1.0,"turns":3.0},{"damage":7.0,"enemies":"Small Slimes","floor":2.0,"turns":2.0},{"damage":17.0,"enemies":"Lagavulin","floor":6.0,"turns":6.0},{"damage":0.0,"enemies":"2 Louse","floor":11.0,"turns":2.0},{"damage":3.0,"enemies":"2 Fungi Beasts","floor":13.0,"turns":4.0},{"damage":0.0,"enemies":"Gremlin Nob","floor":14.0,"turns":3.0},{"damage":30.0,"enemies":"The Guardian","floor":16.0,"turns":12.0},{"damage":0.0,"enemies":"2 Thieves","floor":18.0,"turns":3.0},{"damage":4.0,"enemies":"Spheric Guardian","floor":20.0,"turns":5.0},{"damage":22.0,"enemies":"Slavers","floor":24.0,"turns":6.0},{"damage":4.0,"enemies":"Snake Plant","floor":25.0,"turns":4.0},{"damage":7.0,"enemies":"Book of Stabbing","floor":28.0,"turns":4.0},{"damage":14,"enemies":"3 Cultists","floor":29,"turns":6},{"damage":0,"enemies":"Shelled Parasite and Fungi","floor":31,"turns":5},{"damage":50,"enemies":"Collector","floor":33,"turns":8}],"seed_played":"7425456491503966450","potions_obtained":[{"floor":6.0,"key":"SteroidPotion"},{"floor":13.0,"key":"Fire Potion"},{"floor":14.0,"key":"LiquidBronze"},{"floor":25.0,"key":"LiquidMemories"},{"floor":28.0,"key":"LiquidMemories"}],"is_trial":false,"path_per_floor":["M","M","?","?","?","E","?","R","T","?","M","T","M","E","R","B",null,"M","?","M","$","$","R","E","M","T","R","E","M","R","M","R","B"],"character_chosen":"DEFECT","items_purchased":["ClockworkSouvenir","AttackPotion","CeramicFish","FocusPotion"],"campfire_rested":1,"item_purchase_floors":[21,21,22,22],"current_hp_per_floor":[57,50,50,43,60,53,53,53,53,53,53,60,57,57,57,27,67,67,67,63,63,63,63,41,37,37,37,30,16,40,40,40,0,0],"gold":187,"neow_bonus":"TRANSFORM_CARD","is_daily":false,"chose_seed":false,"campfire_upgraded":5,"win_rate":0.0,"timestamp":1608713958,"path_taken":["M","M","?","?","?","E","?","R","T","?","?","?","M","E","R","BOSS","M","?","M","?","$","R","E","?","T","R","E","M","R","M","R","BOSS"],"items_purchased_type":["Relic","Potion","Relic","Potion"],"build_version":"2020-12-22","purchased_purges":1,"victory":false,"max_hp_per_floor":[71,71,71,71,71,81,73,73,73,73,73,80,80,80,80,80,80,80,80,80,80,80,80,80,80,80,80,80,80,80,80,80,80,80],"relic_stats":{"Busted Crown":14,"counters":[15,73],"Golden Idol":72,"Ornamental Fan":[32],"CeramicFish":18,"PreservedInsect":42,"Pen Nib":[3],"Smiling Mask":0,"obtain_stats":[{"Pear":6,"Busted Crown":17,"Golden Idol":7,"Ornamental Fan":14,"Strawberry":12,"CeramicFish":22,"PreservedInsect":24,"Pen Nib":28,"Bag of Marbles":9,"Cracked Core":0,"Smiling Mask":26,"ClockworkSouvenir":21},{"Pear":3,"Busted Crown":7,"Golden Idol":3,"Ornamental Fan":6,"Strawberry":4,"CeramicFish":9,"PreservedInsect":10,"Pen Nib":12,"Bag of Marbles":3,"Cracked Core":0,"Smiling Mask":11,"ClockworkSouvenir":9},{"Pear":11,"Busted Crown":32,"Golden Idol":11,"Ornamental Fan":20,"Strawberry":13,"CeramicFish":40,"PreservedInsect":46,"Pen Nib":54,"Bag of Marbles":11,"Cracked Core":0,"Smiling Mask":50,"ClockworkSouvenir":40}]},"card_choices":[{"not_picked":["Hello World","Cold Snap"],"picked":"Ball Lightning","floor":1.0},{"not_picked":["Chaos","Compile Driver"],"picked":"Chill","floor":2.0},{"not_picked":["Sweeping Beam","Heatsinks"],"picked":"Compile Driver","floor":6.0},{"not_picked":["Amplify","Conserve Battery"],"picked":"Steam","floor":11.0},{"not_picked":["Redo","Beam Cell"],"picked":"Cold Snap","floor":13.0},{"not_picked":["Tempest","Stack"],"picked":"Conserve Battery","floor":14.0},{"not_picked":["Creative AI","Fission"],"picked":"All For One","floor":16.0},{"not_picked":[],"picked":"Conserve Battery","floor":18.0},{"not_picked":["Conserve Battery"],"picked":"SKIP","floor":20.0},{"not_picked":["White Noise"],"picked":"SKIP","floor":24.0},{"not_picked":["Cold Snap"],"picked":"SKIP","floor":25.0},{"not_picked":[],"picked":"BootSequence","floor":28.0},{"not_picked":["Rebound"],"picked":"SKIP","floor":29},{"not_picked":[],"picked":"Hologram","floor":31}],"player_experience":1096791,"relics_obtained":[{"floor":6.0,"key":"Pear"},{"floor":9.0,"key":"Bag of Marbles"},{"floor":12.0,"key":"Strawberry"},{"floor":14.0,"key":"Ornamental Fan"},{"floor":24.0,"key":"PreservedInsect"},{"floor":26.0,"key":"Smiling Mask"},{"floor":28.0,"key":"Pen Nib"}],"event_choices":[{"damage_healed":0.0,"max_hp_gain":0.0,"max_hp_loss":0.0,"gold_gain":0.0,"cards_transformed":["Strike_B"],"event_name":"Living Wall","player_choice":"Change","floor":3.0,"gold_loss":0.0,"damage_taken":0.0,"cards_obtained":["Genetic Algorithm"]},{"cards_removed":["Defend_B"],"damage_healed":0.0,"max_hp_gain":0.0,"max_hp_loss":0.0,"gold_gain":0.0,"event_name":"Golden Wing","player_choice":"Card Removal","floor":4.0,"gold_loss":0.0,"damage_taken":7.0},{"damage_healed":17.0,"max_hp_gain":0.0,"max_hp_loss":0.0,"gold_gain":0.0,"event_name":"The Cleric","player_choice":"Healed","floor":5.0,"gold_loss":35.0,"damage_taken":0.0},{"damage_healed":0.0,"max_hp_gain":0.0,"max_hp_loss":8.0,"gold_gain":0.0,"event_name":"Golden Idol","player_choice":"Lose Max HP","floor":7.0,"gold_loss":0.0,"damage_taken":0.0,"relics_obtained":["Golden Idol"]},{"damage_healed":0.0,"max_hp_gain":0.0,"max_hp_loss":0.0,"gold_gain":150.0,"event_name":"Liars Game","player_choice":"AGREE","floor":10.0,"gold_loss":0.0,"damage_taken":0.0,"cards_obtained":["Doubt"]},{"cards_removed":["Doubt"],"damage_healed":0.0,"max_hp_gain":0.0,"max_hp_loss":0.0,"gold_gain":0.0,"event_name":"Fountain of Cleansing","player_choice":"Removed Curses","floor":19.0,"gold_loss":0.0,"damage_taken":0.0}],"is_beta":false,"boss_relics":[{"not_picked":["Runic Pyramid","Runic Dome"],"picked":"Busted Crown"}],"items_purged_floors":[22],"is_endless":false,"potions_floor_spawned":[6,13,14,25,28],"killed_by":"Collector","ascension_level":20}}