{"host":"3c27c697js19kaoo","time":1608693624,"event":{"mods":["ATMod(阿瑾Mod)","Aspiration","BaseMod","CapriCore","Dota2Spire","Hermit","Minty Spire (QoL Compilation)","Quick Restart","Remilia（蕾米莉亚）","Replay The Spire","Robot Space Explorer","RumiaBox-露米娅的神秘盒子","Spicy Shops","StSLib","The Alterego","The Cursed","The Runesmith","The Servant 0.9.4","vexMod","【功能Mod】混沌之环修复补丁","【遗物卡牌】REMEMod"],"gold_per_floor":[113,113,113,22,22,22,56,74,74,85,85,104,104,139,139,239,239,249,267,267,207,207,242,258,258,338,40,57,73,73,73,73,174,174,184,30,80,80,96,121,0,0,0,32,32,60,74,88,88,88,88],"floor_reached":50,"playtime":4233,"items_purged":[],"score":740,"play_id":"58391251-5e1f-4d75-b062-dd8b59426198","local_time":"20201223112024","is_ascension_mode":true,"campfire_choices":[{"data":"AT_WomanClash","floor":6.0,"key":"SMITH"},{"data":"REME_EmptyShield","floor":11.0,"key":"SMITH"},{"data":"AT_FocusSwordFire","floor":13.0,"key":"SMITH"},{"data":"Toxin Wave","floor":15.0,"key":"SMITH"},{"floor":30.0,"key":"REST"},{"floor":32.0,"key":"REST"},{"floor":49,"key":"REST"}],"circlet_count":0,"master_deck":["Strike_G","Strike_G","Strike_G","Strike_G","Strike_G","Defend_G+1","Defend_G","Defend_G","Defend_G","Survivor","Neutralize","AT_WomanClash+1","REME_EmptyShield+1","Toxin Wave+1","AT_FocusSwordFire+1","Specialist+1","Injury","REME_ShadowStrike+1","Noxious Fumes+1","Dagger Spray+1","Backstab+1","Adrenaline+1","Outmaneuver+1","Adrenaline","AT_KneejerkReflex+1","REME_ShadowForm+1","Specialist+1","ReplayTheSpireMod:Scrap Shanks+1","Riddle With Holes+1"],"relics":["Ring of the Snake","REME_ComplimentaryCards","AT_ATBox","Frozen Egg 2","Ginger","ReplayTheSpireMod:Shallot","Incense Burner","vexMod:ImprovementManual","vexMod:FocusSash","LastBattle","Dota2Spire:Butterfly","Nilry\u0027s Codex","SoulBox","ClockworkSouvenir","Runesmith:Locket","Art of War","Red Mask","Dota2Spire:AghanimScepter","Runesmith:Nanobots","Shovel"],"acts_visited":["Exordium","TheCity","TheBeyond"],"potions_floor_usage":[33,48,48],"damage_taken":[{"damage":0.0,"enemies":"2 Louse","floor":1.0,"turns":2.0},{"damage":10.0,"enemies":"Lagavulin","floor":7.0,"turns":5.0},{"damage":0.0,"enemies":"Jaw Worm","floor":8.0,"turns":4.0},{"damage":0.0,"enemies":"Small Slimes","floor":10.0,"turns":3.0},{"damage":1.0,"enemies":"Exordium Wildlife","floor":12.0,"turns":6.0},{"damage":0.0,"enemies":"3 Sentries","floor":14.0,"turns":4.0},{"damage":0.0,"enemies":"Fading Forest","floor":16.0,"turns":11.0},{"damage":0.0,"enemies":"Chosen","floor":18.0,"turns":4.0},{"damage":0.0,"enemies":"Shell Parasite","floor":19.0,"turns":4.0},{"damage":37.0,"enemies":"Book of Stabbing","floor":23.0,"turns":5.0},{"damage":18.0,"enemies":"Snecko","floor":24.0,"turns":5.0},{"damage":0.0,"enemies":"Shelled Parasite and Fungi","floor":28.0,"turns":5.0},{"damage":0.0,"enemies":"Cultist and Chosen","floor":29.0,"turns":4.0},{"damage":30,"enemies":"Automaton","floor":33,"turns":7},{"damage":14,"enemies":"3 Darklings","floor":35,"turns":5},{"damage":10,"enemies":"Mind Bloom Boss Battle","floor":37,"turns":7},{"damage":4,"enemies":"Orb Walker","floor":39,"turns":4},{"damage":0,"enemies":"R_Hoarder","floor":40,"turns":11},{"damage":28,"enemies":"Nemesis","floor":44,"turns":5},{"damage":13,"enemies":"R_Hoarder","floor":46,"turns":7},{"damage":0,"enemies":"Jaw Worm Horde","floor":47,"turns":2},{"damage":0,"enemies":"Spire Growth","floor":48,"turns":3},{"damage":22,"enemies":"Donu and Deca","floor":50,"turns":3}],"seed_played":"7437716579175988266","potions_obtained":[{"floor":7.0,"key":"Weak Potion"},{"floor":8.0,"key":"Energy Potion"},{"floor":16.0,"key":"LiquidMemories"},{"floor":24.0,"key":"LiquidMemories"},{"floor":25.0,"key":"Dota2Spire:Clarity"},{"floor":28.0,"key":"AttackPotion"},{"floor":39,"key":"Poison Potion"}],"is_trial":false,"path_per_floor":["M","$","?","$","?","R","E","M","T","M","R","M","R","E","R","B",null,"M","M","?","?","?","E","M","?","T","$","M","M","R","?","R","B",null,"M","$","?","?","M","E","?","R","T","E","?","E","M","M","R","B"],"character_chosen":"THE_SILENT","items_purchased":["Specialist","Dota2Spire:Butterfly","ClockworkSouvenir"],"campfire_rested":3,"item_purchase_floors":[4,27,36],"current_hp_per_floor":[70,70,70,70,70,70,60,60,60,60,60,59,59,59,59,69,70,70,70,70,70,70,33,15,15,15,15,15,15,36,20,41,11,70,56,56,46,46,42,42,42,42,42,14,14,1,1,1,22,0,0],"gold":88,"neow_bonus":"THREE_CARDS","is_daily":false,"chose_seed":false,"campfire_upgraded":4,"win_rate":0.0,"timestamp":1608693624,"path_taken":["M","$","?","?","?","R","E","?","T","M","R","M","R","E","R","BOSS","M","M","?","?","?","E","?","?","T","?","?","M","R","?","R","BOSS","M","$","?","?","M","E","?","R","T","E","?","E","M","M","R","BOSS"],"items_purchased_type":["Card","Relic","Relic"],"build_version":"2020-12-13","purchased_purges":0,"victory":false,"max_hp_per_floor":[70,70,70,70,70,70,70,70,70,70,70,70,70,70,70,70,70,70,70,70,70,70,70,70,70,70,70,70,70,70,70,70,70,70,70,70,70,70,70,70,70,70,70,70,70,70,70,70,70,70,70],"card_choices":[{"not_picked":["Dodge and Roll","Backflip"],"picked":"Toxin Wave","floor":0.0},{"not_picked":["Outmaneuver","Bane"],"picked":"AT_FocusSwordFire","floor":1.0},{"not_picked":["Outmaneuver","Dagger Throw"],"picked":"REME_ShadowStrike","floor":7.0},{"not_picked":["Setup","Cloak And Dagger"],"picked":"Noxious Fumes+1","floor":8.0},{"not_picked":["Flying Knee","Calculated Gamble"],"picked":"Dagger Spray","floor":10.0},{"not_picked":["Deadly Poison","Calculated Gamble"],"picked":"Backstab","floor":12.0},{"not_picked":["Terror","Dagger Spray","Unload"],"picked":"SKIP","floor":14.0},{"not_picked":["Atom Bomb","AT_MyraUnstableElement"],"picked":"Adrenaline","floor":16.0},{"not_picked":["Dodge and Roll","Deflect"],"picked":"Outmaneuver+1","floor":18.0},{"not_picked":["Slice","Bane","ReplayTheSpireMod:Exploit Weakness"],"picked":"SKIP","floor":19.0},{"not_picked":["Slice","ReplayTheSpireMod:Speed Training"],"picked":"Adrenaline","floor":23.0},{"not_picked":["Expertise","Hidden Blade"],"picked":"AT_KneejerkReflex+1","floor":24.0},{"not_picked":["Noxious Fumes+1","Dagger Spray","PiercingWail+1"],"picked":"SKIP","floor":28.0},{"not_picked":["Deflect","Underhanded Strike","Poisoned Stab"],"picked":"SKIP","floor":29.0},{"not_picked":["Unload","Corpse Explosion"],"picked":"REME_ShadowForm+1","floor":33},{"not_picked":["Slice","Quick Slash","ReplayTheSpireMod:Exploit Weakness"],"picked":"SKIP","floor":35},{"not_picked":["Replay:BasicMightCard+1","vexMod:EmailVexCard"],"picked":"Specialist+1","floor":38},{"not_picked":["AT_WindFlip+1","Atom Bomb","Leg Sweep+1"],"picked":"SKIP","floor":39},{"not_picked":["Acrobatics","Prepared+1","Setup"],"picked":"SKIP","floor":40},{"not_picked":["Sucker Punch+1","REME_SpectralBlade"],"picked":"ReplayTheSpireMod:Scrap Shanks+1","floor":44},{"not_picked":["Terror","Sneak Up+1","Doppelganger"],"picked":"SKIP","floor":46},{"not_picked":["Catalyst+1","Poisoned Stab+1","Deadly Poison+1"],"picked":"SKIP","floor":47},{"not_picked":["Slice+1","Distraction"],"picked":"Riddle With Holes+1","floor":48}],"player_experience":168699,"relics_obtained":[{"floor":7.0,"key":"Ginger"},{"floor":9.0,"key":"ReplayTheSpireMod:Shallot"},{"floor":14.0,"key":"Incense Burner"},{"floor":23.0,"key":"vexMod:FocusSash"},{"floor":26.0,"key":"LastBattle"},{"floor":31.0,"key":"Nilry\u0027s Codex"},{"floor":37,"key":"Runesmith:Locket"},{"floor":40,"key":"Art of War"},{"floor":43,"key":"Dota2Spire:AghanimScepter"},{"floor":44,"key":"Runesmith:Nanobots"},{"floor":46,"key":"Shovel"}],"event_choices":[{"damage_healed":0.0,"max_hp_gain":0.0,"max_hp_loss":0.0,"gold_gain":0.0,"event_name":"Ghosts","player_choice":"Ignored","floor":20.0,"gold_loss":0.0,"damage_taken":0.0},{"damage_healed":0.0,"max_hp_gain":0.0,"max_hp_loss":0.0,"gold_gain":0.0,"event_name":"Beggar","player_choice":"Ignored","floor":22.0,"gold_loss":0.0,"damage_taken":0.0},{"damage_healed":0.0,"max_hp_gain":0.0,"max_hp_loss":0.0,"gold_gain":0.0,"event_name":"Lab","player_choice":"Got Potions","floor":25.0,"gold_loss":0.0,"damage_taken":0.0},{"damage_healed":0.0,"max_hp_gain":0.0,"max_hp_loss":0.0,"gold_gain":0.0,"event_name":"Cursed Tome","player_choice":"Obtained Book","floor":31.0,"gold_loss":0.0,"damage_taken":16.0},{"damage_healed":0,"gold_gain":0,"player_choice":"Fight","damage_taken":0,"max_hp_gain":0,"max_hp_loss":0,"event_name":"MindBloom","floor":37,"gold_loss":0},{"damage_healed":0,"gold_gain":0,"player_choice":"Memory 1","damage_taken":0,"max_hp_gain":0,"max_hp_loss":0,"event_name":"SensoryStone","floor":38,"gold_loss":0},{"damage_healed":0,"gold_gain":0,"player_choice":"Paid","damage_taken":0,"relics_obtained":["Red Mask"],"max_hp_gain":0,"max_hp_loss":0,"event_name":"Tomb of Lord Red Mask","floor":41,"gold_loss":121},{"cards_removed":["Defend_G"],"damage_healed":0,"gold_gain":0,"player_choice":"Removed Skill","damage_taken":0,"max_hp_gain":0,"max_hp_loss":0,"event_name":"Falling","floor":45,"gold_loss":0}],"is_beta":false,"boss_relics":[{"not_picked":["Ectoplasm","Runic Pyramid"],"picked":"vexMod:ImprovementManual"},{"not_picked":["Pandora\u0027s Box","REME_DuelDisc"],"picked":"SoulBox"}],"items_purged_floors":[],"is_endless":false,"potions_floor_spawned":[7,8,16,24,28,29,39,40,47],"killed_by":"Donu and Deca","ascension_level":1}}