{"host":"irqpc5dtltfquxh7","time":1608728852,"event":{"mods":["2.2 Compatiblity","AchievementEnabler","Act Like it!","Ascension Reborn","Aspiration","BaseMod","Better Third Choice","BetterRewards","CapriCore","Colored Map","Colored Powertips","Conspire","Friendly Minions","Halation","Highlight Path","Hubris","Infinite Spire","Jedi Mod","Marisa????????","Minty Spire (QoL Compilation)","MostiFishMod","Permanent Neow","Replay The Spire","RumiaBox-????????","Shop Mod","Spicy Shops","Spikes Relics","StSLib","Strawberry Spire","The Animator","Unknown Chances","Waifu the Spire","vexMod"],"gold_per_floor":[128,139,139,163,183,214,214,214,240,240,240],"floor_reached":10,"playtime":682,"items_purged":[],"score":68,"play_id":"df6b5f64-f4e4-41fc-9156-8bea1bee98be","local_time":"20201223190732","is_ascension_mode":false,"campfire_choices":[{"data":"animator:Shalltear","floor":8,"key":"SMITH"}],"circlet_count":0,"master_deck":["animator:Strike_OnePunchMan","animator:Defend_OnePunchMan","animator:Strike","animator:Strike","animator:Strike","animator:Defend","animator:Defend","animator:Defend","animator:Genos","animator:MumenRider","animator:Rimuru","animator:Shalltear+1","animator:Demiurge","animator:Geryuganshoop","animator:MumenRider","animator:SilverFang"],"relics":["animator:LivingPicture","animator:TheMissingPiece","DaveBox","animator:PurgingStone","Eternal Feather","FaceOfCleric","Anchor","Art of War"],"acts_visited":["Exordium"],"potions_floor_usage":[10,10],"damage_taken":[{"damage":0,"enemies":"Jaw Worm","floor":1,"turns":4},{"damage":6,"enemies":"Cultist","floor":2,"turns":3},{"damage":11,"enemies":"Small Slimes","floor":4,"turns":3},{"damage":6,"enemies":"2 Fungi Beasts","floor":5,"turns":5},{"damage":28,"enemies":"Replay:BlueRogue","floor":6,"turns":6},{"damage":30,"enemies":"Gremlin Nob","floor":10,"turns":3}],"seed_played":"-2811569244992803064","potions_obtained":[{"floor":1,"key":"Venom Potion"},{"floor":2,"key":"jedi:wingpotion"},{"floor":6,"key":"jedi:StrikingPotion"}],"is_trial":false,"path_per_floor":["M","M","?","M","M","E","?","R","T","E"],"character_chosen":"THE_ANIMATOR","items_purchased":[],"campfire_rested":0,"item_purchase_floors":[],"current_hp_per_floor":[66,61,61,51,46,20,20,29,29,0,0],"gold":240,"neow_bonus":"ONE_RANDOM_RARE_CARD","is_daily":false,"chose_seed":false,"campfire_upgraded":1,"win_rate":0.0,"timestamp":1608728852,"path_taken":["M","M","?","M","?","E","?","R","T","E"],"items_purchased_type":[],"build_version":"2020-12-22","purchased_purges":0,"victory":false,"max_hp_per_floor":[66,67,67,68,69,71,71,71,71,71,71],"card_choices":[{"not_picked":["animator:Entoma","animator:Megumin"],"picked":"animator:Shalltear","floor":1},{"not_picked":["animator:PandorasActor","animator:Benimaru"],"picked":"animator:Demiurge","floor":2},{"not_picked":["animator:Genos","animator:Jibril"],"picked":"animator:Geryuganshoop","floor":4},{"not_picked":["animator:Genos","animator:Geryuganshoop"],"picked":"animator:MumenRider","floor":5},{"not_picked":["animator:GazelDwargon","animator:SakuraMatou"],"picked":"animator:SilverFang","floor":6}],"player_experience":454172,"relics_obtained":[{"floor":6,"key":"Anchor"},{"floor":9,"key":"Art of War"}],"event_choices":[{"damage_healed":0,"gold_gain":0,"player_choice":"Trade","damage_taken":0,"relics_obtained":["FaceOfCleric"],"max_hp_gain":0,"max_hp_loss":0,"event_name":"FaceTrader","floor":3,"gold_loss":0},{"damage_healed":0,"gold_gain":0,"player_choice":"Bought 0 Potions","damage_taken":0,"max_hp_gain":0,"max_hp_loss":0,"event_name":"The Woman in Blue","floor":7,"gold_loss":0}],"is_beta":false,"boss_relics":[],"items_purged_floors":[],"is_endless":false,"potions_floor_spawned":[1,2,6],"killed_by":"Gremlin Nob","ascension_level":0}}