{"host":"ue7jlgf7uv134an9","time":1608690645,"event":{"mods":["BaseMod","Better Third Choice","Defuse TimeMaze Blight","Minty Spire (QoL Compilation)","Quick Restart","Rare Cards Sparkle","Relic Stats","StSLib","UnlockEverythingMod"],"gold_per_floor":[11,31,50,50,70,70,70],"floor_reached":6,"playtime":263,"items_purged":[],"score":76,"play_id":"10721e8d-843b-4283-8288-7df42a2cd6a8","local_time":"20201222213045","is_ascension_mode":true,"campfire_choices":[],"circlet_count":0,"master_deck":["AscendersBane","Strike_G","Strike_G","Strike_G","Strike_G","Strike_G","Defend_G","Defend_G","Defend_G","Defend_G","Defend_G","Survivor","Neutralize","Slice","Dagger Spray","Tools of the Trade","Blade Dance"],"relics":["Ring of the Snake","The Specimen"],"acts_visited":["Exordium"],"potions_floor_usage":[3,5],"damage_taken":[{"damage":2,"enemies":"2 Louse","floor":1,"turns":4},{"damage":2,"enemies":"Cultist","floor":2,"turns":5},{"damage":0,"enemies":"Jaw Worm","floor":3,"turns":4},{"damage":11,"enemies":"Blue Slaver","floor":5,"turns":5},{"damage":49,"enemies":"Gremlin Nob","floor":6,"turns":4}],"seed_played":"-1145108991589118548","potions_obtained":[{"floor":1,"key":"Fire Potion"},{"floor":3,"key":"Swift Potion"}],"is_trial":false,"path_per_floor":["M","M","M","?","M","E"],"character_chosen":"THE_SILENT","items_purchased":[],"campfire_rested":0,"item_purchase_floors":[],"current_hp_per_floor":[57,55,55,46,35,0,0],"gold":70,"neow_bonus":"ONE_RARE_RELIC","is_daily":false,"chose_seed":false,"campfire_upgraded":0,"win_rate":0.0,"timestamp":1608690645,"path_taken":["M","M","M","?","?","E"],"items_purchased_type":[],"build_version":"2020-12-13","purchased_purges":0,"victory":false,"max_hp_per_floor":[66,66,66,66,66,66,66],"relic_stats":{"counters":[5,22],"obtain_stats":[{"The Specimen":0,"Ring of the Snake":0},{"The Specimen":0,"Ring of the Snake":0},{"The Specimen":0,"Ring of the Snake":0}],"Ring of the Snake":[10]},"card_choices":[{"not_picked":["Eviscerate","Deflect"],"picked":"Slice","floor":1},{"not_picked":["Underhanded Strike","Blur"],"picked":"Dagger Spray","floor":2},{"not_picked":["Underhanded Strike","Dodge and Roll"],"picked":"Tools of the Trade","floor":3},{"not_picked":["Dagger Spray","Quick Slash"],"picked":"Blade Dance","floor":5}],"player_experience":29834,"relics_obtained":[],"event_choices":[{"damage_healed":0,"gold_gain":0,"player_choice":"Damaged","damage_taken":9,"max_hp_gain":0,"max_hp_loss":0,"event_name":"Wheel of Change","floor":4,"gold_loss":0}],"is_beta":false,"boss_relics":[],"items_purged_floors":[],"is_endless":false,"potions_floor_spawned":[1,3],"killed_by":"Gremlin Nob","ascension_level":20}}