{"host":"7tvb1em0d2fx72q7","time":1608758671,"event":{"mods":["BaseMod","Challenge The Spire","Minty Spire (QoL Compilation)","StSLib","everything is the same but u backflip on backflip"],"gold_per_floor":[114,124,136,153,153,180,180,180,180,180,192,217,217,243,243,317,317,330,330,245,36,36,36,65,65,65,65,91,13,40,66,66,137,137,154,180,54,72,91,91,126,145,169,50,50,50,0,26,26,26,26],"floor_reached":50,"playtime":4541,"items_purged":["Strike_R","Strike_R"],"score":1340,"play_id":"0c1a86de-07e6-486b-bd76-63ff8d94e3d6","local_time":"20201223162431","is_ascension_mode":true,"campfire_choices":[{"floor":7.0,"key":"REST"},{"data":"Bash","floor":10.0,"key":"SMITH"},{"data":"Bludgeon","floor":13.0,"key":"SMITH"},{"data":"True Grit","floor":15.0,"key":"SMITH"},{"data":"Rampage","floor":23.0,"key":"SMITH"},{"data":"Limit Break","floor":25.0,"key":"SMITH"},{"data":"Clothesline","floor":27.0,"key":"SMITH"},{"floor":32.0,"key":"REST"},{"data":"Whirlwind","floor":40.0,"key":"SMITH"},{"data":"Whirlwind","floor":46,"key":"SMITH"},{"floor":49,"key":"RECALL"}],"circlet_count":0,"master_deck":["AscendersBane","Strike_R","Defend_R","Defend_R","Defend_R","Defend_R","Bash+1","Clothesline+1","Twin Strike","Evolve","Power Through","Bludgeon+1","True Grit+1","Metallicize","Offering","Double Tap","Anger","Rampage+1","Limit Break+1","Whirlwind+1","Reaper","Feel No Pain","Metallicize","Whirlwind+1","Heavy Blade+1"],"relics":["Burning Blood","Mummified Hand","WingedGreaves","Paper Frog","Shuriken","Vajra","Philosopher\u0027s Stone","Matryoshka","Membership Card","Bag of Preparation","Kunai","Thread and Needle","Blood Vial","Orichalcum","Ancient Tea Set","Happy Flower","Potion Belt","SacredBark","Cauldron","The Courier","Juzu Bracelet","Anchor","Red Mask","Oddly Smooth Stone"],"acts_visited":["Exordium","TheCity","TheBeyond"],"potions_floor_usage":[41,41,42,50],"damage_taken":[{"damage":7.0,"enemies":"Small Slimes","floor":1.0,"turns":3.0},{"damage":0.0,"enemies":"2 Louse","floor":2.0,"turns":4.0},{"damage":4.0,"enemies":"Jaw Worm","floor":3.0,"turns":3.0},{"damage":11.0,"enemies":"Looter","floor":4.0,"turns":3.0},{"damage":57.0,"enemies":"Lagavulin","floor":6.0,"turns":11.0},{"damage":9.0,"enemies":"Red Slaver","floor":11.0,"turns":3.0},{"damage":25.0,"enemies":"3 Sentries","floor":12.0,"turns":9.0},{"damage":0.0,"enemies":"Lagavulin","floor":14.0,"turns":2.0},{"damage":22.0,"enemies":"The Guardian","floor":16.0,"turns":12.0},{"damage":19.0,"enemies":"Shell Parasite","floor":18.0,"turns":2.0},{"damage":28.0,"enemies":"Slavers","floor":24.0,"turns":6.0},{"damage":6.0,"enemies":"Gremlin Leader","floor":28.0,"turns":4.0},{"damage":32.0,"enemies":"Slavers","floor":30.0,"turns":4.0},{"damage":34.0,"enemies":"Automaton","floor":33.0,"turns":7.0},{"damage":6.0,"enemies":"Orb Walker","floor":35.0,"turns":3.0},{"damage":6.0,"enemies":"3 Darklings","floor":38.0,"turns":2.0},{"damage":43.0,"enemies":"Spire Growth","floor":39.0,"turns":4.0},{"damage":0,"enemies":"Reptomancer","floor":41,"turns":3},{"damage":0,"enemies":"Jaw Worm Horde","floor":42,"turns":1},{"damage":20,"enemies":"Giant Head","floor":48,"turns":6},{"damage":101,"enemies":"Awakened One","floor":50,"turns":8}],"seed_played":"-6543562421022494646","potions_obtained":[{"floor":2.0,"key":"BlessingOfTheForge"},{"floor":11.0,"key":"AttackPotion"},{"floor":16.0,"key":"SteroidPotion"},{"floor":18.0,"key":"Energy Potion"},{"floor":33.0,"key":"EssenceOfSteel"},{"floor":37.0,"key":"DuplicationPotion"},{"floor":37.0,"key":"CultistPotion"},{"floor":37.0,"key":"LiquidMemories"},{"floor":37.0,"key":"LiquidBronze"},{"floor":39.0,"key":"SteroidPotion"},{"floor":41,"key":"Explosive Potion"},{"floor":42,"key":"PowerPotion"},{"floor":48,"key":"PowerPotion"}],"is_trial":false,"path_per_floor":["M","M","M","M","?","E","R","?","T","R","M","E","R","E","R","B",null,"M","?","?","$","T","R","E","R","T","R","E","$","E","T","R","B",null,"M","T","$","M","M","R","E","M","T","$","?","R","?","E","R","B"],"character_chosen":"IRONCLAD","items_purchased":["Membership Card","Rampage","Whirlwind","Metallicize","Cauldron","Anchor"],"campfire_rested":2,"item_purchase_floors":[21,21,29,37,37,44],"current_hp_per_floor":[63,69,71,66,61,10,36,41,41,41,38,19,19,25,25,9,73,60,60,60,60,60,60,38,38,38,38,40,40,16,16,44,18,75,77,77,77,79,52,52,94,94,94,94,89,89,89,75,75,0,0],"gold":26,"neow_bonus":"TWENTY_PERCENT_HP_BONUS","is_daily":false,"chose_seed":false,"campfire_upgraded":8,"win_rate":0.0,"timestamp":1608758671,"path_taken":["M","M","M","M","?","E","R","?","T","R","M","E","R","E","R","BOSS","M","?","?","$","?","R","E","R","T","R","E","?","E","?","R","BOSS","M","?","?","?","M","R","E","M","T","$","?","R","?","E","R","BOSS"],"items_purchased_type":["Relic","Card","Card","Card","Relic","Relic"],"build_version":"2020-12-22","purchased_purges":2,"victory":false,"max_hp_per_floor":[89,89,89,89,89,89,89,94,94,94,94,94,94,94,94,94,94,94,94,94,94,94,94,94,94,94,94,94,94,94,94,94,94,94,94,94,94,94,94,94,94,94,94,94,89,89,89,89,89,89,89],"card_choices":[{"not_picked":["Sentinel","True Grit"],"picked":"Clothesline","floor":1.0},{"not_picked":["Shrug It Off","Entrench"],"picked":"Twin Strike","floor":2.0},{"not_picked":["Clash","Disarm"],"picked":"Evolve","floor":3.0},{"not_picked":["Disarm","Shrug It Off"],"picked":"Power Through","floor":4.0},{"not_picked":["Shrug It Off","Wild Strike"],"picked":"Bludgeon","floor":6.0},{"not_picked":["Body Slam","Armaments"],"picked":"True Grit","floor":11.0},{"not_picked":["Hemokinesis","Infernal Blade"],"picked":"Metallicize","floor":12.0},{"not_picked":["Twin Strike","Heavy Blade","Sever Soul"],"picked":"SKIP","floor":14.0},{"not_picked":["Berserk","Demon Form"],"picked":"Offering","floor":16.0},{"not_picked":["Armaments","Clothesline","Perfected Strike"],"picked":"SKIP","floor":18.0},{"not_picked":["Flex","True Grit"],"picked":"Limit Break","floor":24.0},{"not_picked":["Cleave","Feel No Pain","Berserk"],"picked":"SKIP","floor":28.0},{"not_picked":["Shrug It Off","Perfected Strike","Twin Strike"],"picked":"SKIP","floor":30.0},{"not_picked":["Corruption","Berserk"],"picked":"Reaper","floor":33.0},{"not_picked":["True Grit","Intimidate"],"picked":"Feel No Pain","floor":35.0},{"not_picked":["Immolate","Twin Strike"],"picked":"Whirlwind","floor":38.0},{"not_picked":["Iron Wave+1","Shrug It Off"],"picked":"Heavy Blade+1","floor":39.0},{"not_picked":["Heavy Blade","Shrug It Off","Sever Soul"],"picked":"SKIP","floor":41},{"not_picked":["Infernal Blade","Reckless Charge+1","Hemokinesis+1"],"picked":"SKIP","floor":42},{"not_picked":["Anger","Body Slam+1","Thunderclap"],"picked":"SKIP","floor":48}],"player_experience":1874270,"relics_obtained":[{"floor":6.0,"key":"WingedGreaves"},{"floor":9.0,"key":"Paper Frog"},{"floor":12.0,"key":"Shuriken"},{"floor":14.0,"key":"Vajra"},{"floor":22.0,"key":"Bag of Preparation"},{"floor":22.0,"key":"Kunai"},{"floor":24.0,"key":"Thread and Needle"},{"floor":26.0,"key":"Blood Vial"},{"floor":26.0,"key":"Orichalcum"},{"floor":28.0,"key":"Ancient Tea Set"},{"floor":30.0,"key":"Happy Flower"},{"floor":31.0,"key":"Potion Belt"},{"floor":41,"key":"The Courier"},{"floor":43,"key":"Juzu Bracelet"},{"floor":48,"key":"Oddly Smooth Stone"}],"event_choices":[{"damage_healed":0.0,"max_hp_gain":0.0,"max_hp_loss":0.0,"gold_gain":0.0,"event_name":"Scrap Ooze","player_choice":"Success","floor":5.0,"gold_loss":0.0,"damage_taken":5.0,"relics_obtained":["Mummified Hand"]},{"damage_healed":0.0,"max_hp_gain":5.0,"max_hp_loss":0.0,"gold_gain":0.0,"event_name":"Big Fish","player_choice":"Donut","floor":8.0,"gold_loss":0.0,"damage_taken":0.0},{"damage_healed":0.0,"max_hp_gain":0.0,"max_hp_loss":0.0,"gold_gain":0.0,"cards_transformed":["Strike_R","Strike_R"],"event_name":"Drug Dealer","player_choice":"Became Test Subject","floor":19.0,"gold_loss":0.0,"damage_taken":0.0,"cards_obtained":["Double Tap","Anger"]},{"damage_healed":0.0,"max_hp_gain":0.0,"max_hp_loss":0.0,"gold_gain":0.0,"event_name":"Addict","player_choice":"Obtained Relic","floor":20.0,"gold_loss":85.0,"damage_taken":0.0,"relics_obtained":["Matryoshka"]},{"damage_healed":0,"gold_gain":0,"player_choice":"Max HP","damage_taken":0,"max_hp_gain":0,"max_hp_loss":5,"event_name":"Winding Halls","floor":45,"gold_loss":0},{"damage_healed":0,"gold_gain":0,"player_choice":"Paid","damage_taken":0,"relics_obtained":["Red Mask"],"max_hp_gain":0,"max_hp_loss":0,"event_name":"Tomb of Lord Red Mask","floor":47,"gold_loss":50}],"is_beta":false,"boss_relics":[{"not_picked":["Busted Crown","Astrolabe"],"picked":"Philosopher\u0027s Stone"},{"not_picked":["Tiny House","Runic Cube"],"picked":"SacredBark"}],"items_purged_floors":[29,44],"is_endless":false,"potions_floor_spawned":[2,11,16,18,33,39,41,42,48],"killed_by":"Awakened One","ascension_level":20}}