{"host":"zv85muor2723jdwz","time":1608729919,"event":{"mods":["BaseMod","CapriCore","Decade(王小明)","KinomotoSakuraMod(木之本樱)","Lobotomy","LobotomyExtend","Marisa（F雨　魔理沙）","Minty Spire (QoL Compilation)","Reimu（博丽灵梦）","Remilia（蕾米莉亚）","StSLib","The Immortal","The Servant 0.9.4","WarShipGirlsR/战舰少女R mod","Youmu（魂魄妖梦）","Yuyuko","【东方二次创作】八云紫mod"],"gold_per_floor":[115,133,133,143,157,157,232,232,232,248,248,278,288,309,309,405,455,466,71,89,49,49,49,59,78,102,102,102,102,102,117,117,222,222,239,108,122,122,122,122,172,189,216,216,216,226,226,255,255,255],"floor_reached":51,"playtime":4438,"items_purged":["Fantasy Butterflies"],"score":640,"play_id":"a71179b6-7d81-4e86-b7c7-b0614e2f06c7","local_time":"20201223212519","is_ascension_mode":false,"campfire_choices":[{"floor":6,"key":"REST"},{"floor":8,"key":"REST"},{"floor":11,"key":"REST"},{"floor":15,"key":"REST"},{"data":"The Forgotten Winter","floor":23,"key":"SMITH"},{"floor":32,"key":"REST"},{"data":"Enlightenment","floor":40,"key":"SMITH"},{"data":"The Nether","floor":47,"key":"SMITH"},{"floor":49,"key":"REST"}],"circlet_count":0,"master_deck":["Fantasy Butterflies+1","Fantasy Butterflies","Fantasy Butterflies","Dreamy Sakura+1","Dreamy Sakura","Dreamy Sakura","Dreamy Sakura","Dreamy Sakura","Dancing Butterflies","Death Dancing","Bloom","Gone","Nihility","Supernatural Nether","Living to Die","All Wander","Open The Fan","Stifle+1","Purity","Bloom","Past Graveyard","RitualDagger+1","End of Faramita","Gone+1","Gone+1","The Nether+1","Dark Shackles","Sakura Ward","Enlightenment+1","Reverse The Screen","Parasite","Sakura Ward","Serene Spring+1","Unknown Petal+1"],"relics":["Coronal","Yuyuko\u0027s fan","CrazyTorch:ReiMu","Prayer Wheel","Odd Mushroom","Tiny House","MealTicket","ZunR:ReiMu","Juzu Bracelet","Empty Cage","Torii","Whetstone","PreservedInsect"],"acts_visited":["Exordium","TheCity","TheBeyond"],"potions_floor_usage":[16,24,25,33,50],"damage_taken":[{"damage":19,"enemies":"2 Louse","floor":1,"turns":4},{"damage":36,"enemies":"Cultist","floor":2,"turns":5},{"damage":11,"enemies":"Small Slimes","floor":4,"turns":5},{"damage":26,"enemies":"2 Fungi Beasts","floor":5,"turns":4},{"damage":57,"enemies":"Large Slime","floor":10,"turns":8},{"damage":20,"enemies":"Looter","floor":13,"turns":4},{"damage":25,"enemies":"The Mushroom Lair","floor":14,"turns":3},{"damage":11,"enemies":"Hexaghost","floor":16,"turns":5},{"damage":32,"enemies":"Chosen","floor":18,"turns":7},{"damage":17,"enemies":"Spheric Guardian","floor":20,"turns":4},{"damage":25,"enemies":"Cultist and Chosen","floor":24,"turns":6},{"damage":43,"enemies":"Centurion and Healer","floor":25,"turns":9},{"damage":39,"enemies":"Snecko","floor":31,"turns":7},{"damage":111,"enemies":"Collector","floor":33,"turns":12},{"damage":29,"enemies":"Orb Walker","floor":35,"turns":5},{"damage":35,"enemies":"3 Shapes","floor":37,"turns":4},{"damage":48,"enemies":"Mind Bloom Boss Battle","floor":41,"turns":9},{"damage":35,"enemies":"Writhing Mass","floor":42,"turns":6},{"damage":25,"enemies":"Sphere and 2 Shapes","floor":46,"turns":5},{"damage":30,"enemies":"Nemesis","floor":48,"turns":11},{"damage":152,"enemies":"Awakened One","floor":50,"turns":25}],"seed_played":"2144869635728872092","potions_obtained":[{"floor":4,"key":"Firefly"},{"floor":10,"key":"Explosive Potion"},{"floor":13,"key":"Swift Potion"},{"floor":14,"key":"PowerPotion"},{"floor":17,"key":"ZuzhouPotion:ReiMu"},{"floor":22,"key":"Fruit Juice"},{"floor":31,"key":"ZuzhouPotion:ReiMu"},{"floor":35,"key":"AttackPotion"},{"floor":46,"key":"ZuzhouPotion:ReiMu"}],"is_trial":false,"path_per_floor":["M","M","?","M","M","R","?","R","T","M","R","?","M","?","R","B",null,"M","$","M","?","?","R","M","M","T","?","?","?","?","M","R","B",null,"M","$","M","?","?","R","?","M","T","?","?","M","R","E","R","B",null],"character_chosen":"YUYOKO","items_purchased":["Stifle","MealTicket","Purity","The Nether","Dark Shackles"],"campfire_rested":6,"item_purchase_floors":[19,19,19,36,36],"current_hp_per_floor":[32,23,23,31,18,30,19,31,31,19,31,31,36,27,39,35,45,28,28,36,36,36,36,33,29,29,23,39,39,31,33,49,35,55,50,55,47,47,47,47,42,46,46,46,46,47,47,41,52,27],"gold":255,"neow_bonus":"UPGRADE_CARD","is_daily":false,"chose_seed":false,"campfire_upgraded":3,"win_rate":0.0,"timestamp":1608729919,"path_taken":["M","M","?","?","M","R","?","R","T","M","R","?","M","?","R","BOSS","M","$","M","?","?","R","?","M","T","?","?","?","?","M","R","BOSS","M","$","M","?","?","R","?","M","T","?","?","M","R","E","R","BOSS"],"items_purchased_type":["Card","Relic","Card","Card","Card"],"build_version":"2020-12-22","purchased_purges":1,"victory":true,"max_hp_per_floor":[40,40,40,40,40,40,40,40,40,40,40,40,40,40,40,40,45,45,45,45,45,45,45,45,50,50,50,50,50,55,55,55,55,55,55,55,55,55,52,52,52,52,52,52,52,52,52,52,52,52],"card_choices":[{"not_picked":["Reverse The Screen","Song of Papilio"],"picked":"Dying Sakura","floor":1},{"not_picked":["Serene Spring","Unstable Ward"],"picked":"Dancing Butterflies","floor":2},{"not_picked":["Dark Wind","Gone"],"picked":"Death Dancing","floor":4},{"not_picked":["Mini Ghostdom","Unknown Petal"],"picked":"Bloom","floor":5},{"not_picked":["Reverse The Screen","Ghastly Dream"],"picked":"Gone","floor":10},{"not_picked":["Final of Final","Unborn Light"],"picked":"Bloom","floor":13},{"not_picked":["Redemption of Death","Steamed Phantom"],"picked":"Nihility","floor":13},{"not_picked":["Postpone Bloom","Suicide"],"picked":"Supernatural Nether","floor":14},{"not_picked":["Float on Moon","Home of Suicide"],"picked":"Living to Die","floor":16},{"not_picked":["Linger over Flower","Gather the Spring"],"picked":"All Wander","floor":17},{"not_picked":["Infinite Sin","Suicide+1"],"picked":"Open The Fan","floor":18},{"not_picked":["Triple Snow","All Wander"],"picked":"The Forgotten Winter","floor":18},{"not_picked":["Elegance","Dying Sakura"],"picked":"Bloom","floor":20},{"not_picked":["Suicide","Ghostdom Sakura","Dying Sakura"],"picked":"SKIP","floor":20},{"not_picked":["Childlike","Open The Fan"],"picked":"Past Graveyard","floor":24},{"not_picked":["Dark Wind+1","Dancing Butterflies","Postpone Bloom"],"picked":"SKIP","floor":24},{"not_picked":["Song of Papilio","Steamed Phantom","Butterflies Rainbow"],"picked":"SKIP","floor":25},{"not_picked":["Supernatural Nether","Dying Butterflies+1","Dancing Butterflies"],"picked":"SKIP","floor":25},{"not_picked":["The Forgotten Winter","Dying Butterflies"],"picked":"End of Faramita","floor":31},{"not_picked":["Serene Spring+1","End of Faramita"],"picked":"Gone+1","floor":31},{"not_picked":["Song of Papilio","Elegance+1"],"picked":"Gone+1","floor":35},{"not_picked":["City of Death","Dark Wind+1","Unborn Light"],"picked":"SKIP","floor":35},{"not_picked":["Final of Final","Postpone Bloom"],"picked":"Sakura Ward","floor":37},{"not_picked":["Gather the Spring+1","Unborn Light+1","Wandering Soul"],"picked":"SKIP","floor":37},{"not_picked":["Jack Of All Trades","Bandage Up"],"picked":"Enlightenment","floor":38},{"not_picked":["Postpone Bloom+1","Serene Spring"],"picked":"Reverse The Screen","floor":41},{"not_picked":["Lunch+1","Linger over Flower+1"],"picked":"Sakura Ward","floor":42},{"not_picked":["Gone","Revive The Butterflies","Suicide+1"],"picked":"SKIP","floor":42},{"not_picked":["Dancing Butterflies+1","Childlike"],"picked":"Serene Spring+1","floor":46},{"not_picked":["Open The Fan","Dark Wind","Chase The Sukhavati+1"],"picked":"SKIP","floor":46},{"not_picked":["Spear of Papilio+1","Phantom Village"],"picked":"Unknown Petal+1","floor":48}],"player_experience":25053,"relics_obtained":[{"floor":9,"key":"CrazyTorch:ReiMu"},{"floor":14,"key":"Odd Mushroom"},{"floor":26,"key":"Juzu Bracelet"},{"floor":41,"key":"Torii"},{"floor":43,"key":"Whetstone"},{"floor":48,"key":"PreservedInsect"}],"event_choices":[{"cards_removed":["Fantasy Butterflies"],"damage_healed":0,"gold_gain":0,"player_choice":"Purged","damage_taken":0,"max_hp_gain":0,"max_hp_loss":0,"event_name":"Purifier","floor":3,"gold_loss":0},{"damage_healed":0,"gold_gain":75,"player_choice":"Gather Gold","damage_taken":11,"max_hp_gain":0,"max_hp_loss":0,"event_name":"World of Goop","floor":7,"gold_loss":0},{"damage_healed":0,"gold_gain":30,"player_choice":"Searched \u00272\u0027 times","damage_taken":0,"relics_obtained":["Prayer Wheel"],"max_hp_gain":0,"max_hp_loss":0,"event_name":"Dead Adventurer","floor":12,"gold_loss":0},{"damage_healed":0,"gold_gain":0,"player_choice":"Fought Mushrooms","damage_taken":0,"max_hp_gain":0,"max_hp_loss":0,"event_name":"Mushrooms","floor":14,"gold_loss":0},{"damage_healed":0,"gold_gain":0,"player_choice":"购买神酒","damage_taken":0,"relics_obtained":["ZunR:ReiMu"],"max_hp_gain":0,"max_hp_loss":0,"event_name":"ZunEvent","floor":21,"gold_loss":40},{"damage_healed":0,"gold_gain":0,"player_choice":"Got Potions","damage_taken":0,"max_hp_gain":0,"max_hp_loss":0,"event_name":"Lab","floor":22,"gold_loss":0},{"damage_healed":0,"gold_gain":0,"player_choice":"Joined the Cult","damage_taken":6,"max_hp_gain":0,"max_hp_loss":0,"event_name":"Nest","floor":27,"gold_loss":0,"cards_obtained":["RitualDagger"]},{"damage_healed":0,"gold_gain":0,"player_choice":"Ignored","damage_taken":0,"max_hp_gain":0,"max_hp_loss":0,"event_name":"The Mausoleum","floor":29,"gold_loss":0},{"damage_healed":0,"gold_gain":0,"player_choice":"Shed Blood","damage_taken":13,"max_hp_gain":5,"max_hp_loss":0,"event_name":"Forgotten Altar","floor":30,"gold_loss":0},{"damage_healed":0,"gold_gain":0,"player_choice":"Memory 1","damage_taken":0,"max_hp_gain":0,"max_hp_loss":0,"event_name":"SensoryStone","floor":38,"gold_loss":0},{"damage_healed":0,"gold_gain":0,"player_choice":"Max HP","damage_taken":0,"max_hp_gain":0,"max_hp_loss":3,"event_name":"Winding Halls","floor":39,"gold_loss":0},{"damage_healed":0,"gold_gain":0,"player_choice":"Fight","damage_taken":0,"max_hp_gain":0,"max_hp_loss":0,"event_name":"MindBloom","floor":41,"gold_loss":0}],"is_beta":false,"boss_relics":[{"not_picked":["Runic Dome","Busted Crown"],"picked":"Tiny House"},{"not_picked":["Runic Pyramid","RedLine:ReiMu"],"picked":"Empty Cage"}],"items_purged_floors":[19],"is_endless":false,"potions_floor_spawned":[4,10,13,14,31,35,46],"ascension_level":0}}