{"host":"sdjng9zhqonqi3uc","time":1608735384,"event":{"mods":["2.2 Compatiblity","AchievementEnabler","BaseMod","BetterRewards","Colored Powertips","Hero for Fun","Minty Spire (QoL Compilation)","StSLib","Td1madao Mod","The Animator","The Cursed","The Servant 0.9.4"],"gold_per_floor":[363,363,387,58,58,58,73,83,133,133,163,177,205,50,50,154,154,165,177,189,92,92,120,120,145,145,145,145,165,90,129,129,231,231,256,256,271,271,299,299,317,70,70,86,104,104,129,129,129],"floor_reached":48,"playtime":3938,"items_purged":["animator:Defend"],"score":502,"play_id":"a2f1e05b-6c23-4259-95c8-8f88877124c4","local_time":"20201223155624","is_ascension_mode":false,"campfire_choices":[{"data":"animator:Sloth","floor":6,"key":"SMITH"},{"data":"animator:Shalltear","floor":10,"key":"SMITH"},{"data":"animator:ElricEdward","floor":15,"key":"SMITH"},{"floor":24,"key":"REST"},{"data":"animator:PinaCoLada","floor":27,"key":"SMITH"},{"floor":32,"key":"REST"},{"data":"animator:ElricAlphonse","floor":40,"key":"SMITH"}],"circlet_count":0,"master_deck":["animator:Strike_FullmetalAlchemist+1","animator:Strike+1","animator:ElricEdward+1","animator:ElricAlphonse+1","animator:Shalltear+1","animator:Sloth+1","animator:NarberalGamma+1","animator:Demiurge+1","animator:Entoma+3","animator:Pride+1","animator:PinaCoLada+1","animator:Gillette","animator:PandorasActor+1","animator:Tyuule+1","animator:IchigoKurosaki+1","animator:Souei+1","animator:Mitsurugi","animator:Tatsumaki+1","animator:Greed","animator:Evileye+1","animator:Caster+1","animator:Eris+1","animator:Aqua+1","Pain","animator:EmiyaShirou+1","animator:ShinjiMatou+1","animator:Berserker","animator:NarberalGamma+1"],"relics":["animator:VividPicture","animator:TheMissingPiece","animator:PurgingStone","Toxic Egg 2","Orichalcum","animator:Buoy","Strawberry","Sozu","Toy Ornithopter","Ornamental Fan","Blue Candle","WarpedTongs","animator:BattleDrones","Blood Vial","Dream Catcher"],"acts_visited":["Exordium","TheCity","TheBeyond"],"potions_floor_usage":[8,13,16,16],"damage_taken":[{"damage":3,"enemies":"Small Slimes","floor":1,"turns":5},{"damage":0,"enemies":"2 Louse","floor":3,"turns":2},{"damage":0,"enemies":"Cultist","floor":7,"turns":3},{"damage":2,"enemies":"Blue Slaver","floor":8,"turns":4},{"damage":0,"enemies":"3 Louse","floor":12,"turns":3},{"damage":14,"enemies":"Lagavulin","floor":13,"turns":5},{"damage":26,"enemies":"Slime Boss","floor":16,"turns":6},{"damage":0,"enemies":"2 Thieves","floor":18,"turns":3},{"damage":9,"enemies":"Shell Parasite","floor":19,"turns":5},{"damage":25,"enemies":"3 Cultists","floor":20,"turns":5},{"damage":21,"enemies":"Book of Stabbing","floor":23,"turns":6},{"damage":0,"enemies":"Cultist and Chosen","floor":25,"turns":4},{"damage":5,"enemies":"Snake Plant","floor":29,"turns":3},{"damage":22,"enemies":"Slavers","floor":31,"turns":5},{"damage":23,"enemies":"Champ","floor":33,"turns":10},{"damage":10,"enemies":"Orb Walker","floor":35,"turns":4},{"damage":0,"enemies":"3 Shapes","floor":37,"turns":3},{"damage":34,"enemies":"Spire Growth","floor":39,"turns":6},{"damage":1,"enemies":"Transient","floor":41,"turns":5},{"damage":37,"enemies":"Jaw Worm Horde","floor":44,"turns":4},{"damage":7,"enemies":"Maw","floor":45,"turns":6},{"damage":67,"enemies":"Reptomancer","floor":47,"turns":5},{"damage":23,"enemies":"Spire Growth","floor":48,"turns":3}],"seed_played":"-8829258381524464184","potions_obtained":[{"floor":3,"key":"Block Potion"},{"floor":5,"key":"animator:GrowthPotion"},{"floor":5,"key":"PowerPotion"},{"floor":13,"key":"Weak Potion"}],"is_trial":false,"path_per_floor":["M","?","M","$","?","R","M","M","T","R","?","M","E","$","R","B",null,"M","M","M","$","?","E","R","M","T","R","?","M","?","E","R","B",null,"M","?","M","?","M","R","M","$","T","M","M","?","E","M"],"character_chosen":"THE_ANIMATOR","items_purchased":["Toxic Egg 2","Strawberry","animator:IchigoKurosaki+1","animator:BattleDrones"],"campfire_rested":2,"item_purchase_floors":[4,14,21,42],"current_hp_per_floor":[57,45,45,45,45,45,45,43,43,43,43,43,30,37,37,11,68,68,59,34,34,34,13,33,33,33,33,33,28,28,6,26,4,69,59,59,65,65,42,42,47,47,47,24,34,67,6,0,0],"gold":129,"neow_bonus":"TWO_FIFTY_GOLD","is_daily":false,"chose_seed":false,"campfire_upgraded":5,"win_rate":0.0,"timestamp":1608735384,"path_taken":["M","?","M","$","?","R","?","M","T","R","?","M","E","$","R","BOSS","M","M","M","$","?","E","R","M","T","R","?","M","?","E","R","BOSS","M","?","?","?","M","R","M","$","T","M","M","?","E","M"],"items_purchased_type":["Relic","Relic","Card","Relic"],"build_version":"2020-12-22","purchased_purges":1,"victory":false,"max_hp_per_floor":[60,60,60,60,60,60,60,60,60,60,60,60,61,68,68,68,68,68,68,68,68,68,68,68,68,68,68,68,68,68,68,68,69,69,69,69,72,72,74,74,74,74,74,77,77,67,67,67,67],"card_choices":[{"not_picked":["animator:Illya","animator:Rider"],"picked":"animator:Shalltear","floor":1},{"not_picked":["animator:Illya","animator:Archer"],"picked":"animator:Sloth","floor":3},{"not_picked":["animator:MumenRider","animator:ShinjiMatou+1"],"picked":"animator:NarberalGamma+1","floor":7},{"not_picked":["animator:Shalltear","animator:Entoma"],"picked":"animator:Demiurge+1","floor":8},{"not_picked":["animator:MaesHughes+1","animator:Arpeggio"],"picked":"animator:Entoma","floor":12},{"not_picked":["animator:Shuna+1","animator:Togame+1"],"picked":"animator:Pride+1","floor":13},{"not_picked":["animator:Boros","animator:Biyorigo"],"picked":"animator:PinaCoLada","floor":16},{"not_picked":["animator:Scar","animator:Assassin+1"],"picked":"animator:Gillette","floor":18},{"not_picked":["animator:Cocytus","animator:Entoma"],"picked":"animator:PandorasActor+1","floor":19},{"not_picked":["animator:Cocytus","animator:ElricAlphonse+1"],"picked":"animator:Tyuule+1","floor":20},{"not_picked":["animator:AcuraAkari+1","animator:Vesta+1"],"picked":"animator:Souei+1","floor":23},{"not_picked":["animator:Demiurge+1","animator:Konayuki+1"],"picked":"animator:Mitsurugi","floor":25},{"not_picked":["animator:Shalltear","animator:Cocytus"],"picked":"animator:Evileye+1","floor":29},{"not_picked":["animator:Darkness","animator:TsurugaMeisai+1"],"picked":"animator:Caster+1","floor":31},{"not_picked":["animator:Saitama+1","animator:Greed"],"picked":"animator:Eris+1","floor":33},{"not_picked":["animator:Tyuule+1","animator:Shuna+1"],"picked":"animator:Aqua+1","floor":35},{"not_picked":["animator:TukaLunaMarceau+1","animator:Chris"],"picked":"animator:EmiyaShirou+1","floor":37},{"not_picked":["animator:EmiyaShirou+1","animator:RinTohsaka+1"],"picked":"animator:ShinjiMatou+1","floor":39},{"not_picked":["animator:SakuraMatou+1","animator:Demiurge+1","animator:Kuribayashi"],"picked":"SKIP","floor":41},{"not_picked":["animator:Megumin","animator:Illya+1"],"picked":"animator:Berserker","floor":44},{"not_picked":["animator:Shion","animator:Demiurge+1","animator:Assassin"],"picked":"SKIP","floor":45},{"not_picked":["animator:Demiurge+1","animator:Entoma"],"picked":"animator:NarberalGamma+1","floor":47}],"player_experience":225693,"relics_obtained":[{"floor":9,"key":"Orichalcum"},{"floor":13,"key":"animator:Buoy"},{"floor":23,"key":"Toy Ornithopter"},{"floor":26,"key":"Ornamental Fan"},{"floor":31,"key":"Blue Candle"},{"floor":43,"key":"Blood Vial"},{"floor":47,"key":"Dream Catcher"}],"event_choices":[{"damage_healed":0,"gold_gain":0,"player_choice":"Entered Light","damage_taken":12,"max_hp_gain":0,"max_hp_loss":0,"event_name":"Shining Light","floor":2,"gold_loss":0,"cards_upgraded":["animator:Strike","animator:Strike_FullmetalAlchemist"]},{"damage_healed":0,"gold_gain":0,"player_choice":"Got Potions","damage_taken":0,"max_hp_gain":0,"max_hp_loss":0,"event_name":"Lab","floor":5,"gold_loss":0},{"cards_removed":["animator:Strike"],"damage_healed":0,"gold_gain":0,"player_choice":"Elegance","damage_taken":0,"max_hp_gain":0,"max_hp_loss":0,"event_name":"Back to Basics","floor":22,"gold_loss":0},{"damage_healed":0,"gold_gain":0,"cards_transformed":["animator:Defend","animator:Strike"],"player_choice":"Became Test Subject","damage_taken":0,"max_hp_gain":0,"max_hp_loss":0,"event_name":"Drug Dealer","floor":28,"gold_loss":0,"cards_obtained":["animator:Tatsumaki","animator:Greed"]},{"cards_removed":["animator:Defend"],"damage_healed":0,"gold_gain":0,"player_choice":"Gave Gold","damage_taken":0,"max_hp_gain":0,"max_hp_loss":0,"event_name":"Beggar","floor":30,"gold_loss":75},{"damage_healed":0,"gold_gain":0,"player_choice":"Rummage","damage_taken":0,"relics_obtained":["WarpedTongs"],"max_hp_gain":0,"max_hp_loss":0,"event_name":"Accursed Blacksmith","floor":36,"gold_loss":0,"cards_obtained":["Pain"]},{"damage_healed":0,"gold_gain":0,"player_choice":"Ignored","damage_taken":0,"max_hp_gain":0,"max_hp_loss":0,"event_name":"Tomb of Lord Red Mask","floor":38,"gold_loss":0},{"damage_healed":67,"gold_gain":0,"player_choice":"Heal","damage_taken":0,"max_hp_gain":0,"max_hp_loss":10,"event_name":"The Moai Head","floor":46,"gold_loss":0}],"is_beta":false,"boss_relics":[{"not_picked":["Runic Dome","SlaversCollar"],"picked":"Sozu"},{"not_picked":["Black Star","Philosopher\u0027s Stone"],"picked":"animator:VividPicture"}],"items_purged_floors":[4],"is_endless":false,"potions_floor_spawned":[3,13,19,20,29,31,37,39,47],"killed_by":"Spire Growth","ascension_level":0}}