{"host":"1c52r9kaxdyo25eq","time":1608757216,"event":{"mods":["AchievementEnabler","BaseMod","Minty Spire (QoL Compilation)","Rare Cards Sparkle","SuperFastMode","everything is the same but u backflip on backflip"],"gold_per_floor":[362,362,105,105,129,129,159,159,239,266,266,291,291,306,306,427,427,445,469,242,260,260,260,260,260],"floor_reached":24,"playtime":580,"items_purged":["Strike_R"],"score":248,"play_id":"13f58047-4fd6-4ded-b83c-6d0deb30611f","local_time":"20201224060016","is_ascension_mode":true,"campfire_choices":[{"data":"Burning Pact","floor":6.0,"key":"SMITH"},{"data":"Bash","floor":8,"key":"SMITH"},{"floor":11,"key":"RECALL"},{"floor":13,"key":"REST"},{"data":"Clash","floor":15,"key":"SMITH"},{"data":"Shrug It Off","floor":23,"key":"SMITH"}],"circlet_count":0,"master_deck":["Strike_R","Strike_R","Strike_R","Defend_R+1","Defend_R","Defend_R+1","Bash+1","Burning Pact+1","Clash+1","Shrug It Off+1","Clash+1","Burning Pact+1","Headbutt","Carnage"],"relics":["Black Blood","Golden Idol","Sundial","Mercury Hourglass","War Paint","DollysMirror"],"acts_visited":["Exordium","TheCity"],"potions_floor_usage":[21],"damage_taken":[{"damage":0.0,"enemies":"2 Louse","floor":1.0,"turns":3.0},{"damage":11.0,"enemies":"Jaw Worm","floor":5.0,"turns":4.0},{"damage":1,"enemies":"Small Slimes","floor":12,"turns":3},{"damage":3,"enemies":"Blue Slaver","floor":14,"turns":3},{"damage":41,"enemies":"The Guardian","floor":16,"turns":12},{"damage":33,"enemies":"2 Thieves","floor":18,"turns":4},{"damage":0,"enemies":"Chosen","floor":19,"turns":4},{"damage":32,"enemies":"Snecko","floor":21,"turns":6},{"damage":18,"enemies":"Centurion and Healer","floor":24,"turns":7}],"seed_played":"-7677274573083641943","potions_obtained":[{"floor":12,"key":"DistilledChaos"},{"floor":14,"key":"LiquidMemories"},{"floor":16,"key":"Swift Potion"},{"floor":21,"key":"SpeedPotion"}],"is_trial":false,"path_per_floor":["M","?","$","?","M","R","?","R","T","T","R","M","R","M","R","B",null,"M","M","$","M","?","R","M"],"character_chosen":"IRONCLAD","items_purchased":["Sundial","DollysMirror"],"campfire_rested":1,"item_purchase_floors":[3,20],"current_hp_per_floor":[72,67,67,72,67,67,67,67,67,67,67,72,72,72,72,37,63,42,54,54,34,34,34,16,16],"gold":260,"neow_bonus":"TWO_FIFTY_GOLD","is_daily":false,"chose_seed":false,"campfire_upgraded":4,"win_rate":0.0,"timestamp":1608757216,"path_taken":["M","?","$","?","M","R","?","R","T","?","R","M","R","M","R","BOSS","M","M","$","M","?","R","M"],"items_purchased_type":["Relic","Relic"],"build_version":"2020-12-22","purchased_purges":1,"victory":false,"max_hp_per_floor":[72,67,67,72,72,72,72,72,72,72,72,72,72,72,72,72,72,72,72,72,72,72,72,72,72],"card_choices":[{"not_picked":["Iron Wave","Anger","Flex"],"picked":"SKIP","floor":1.0},{"not_picked":["Second Wind","Cleave"],"picked":"Burning Pact","floor":5.0},{"not_picked":["True Grit","Sever Soul","Clash"],"picked":"SKIP","floor":12},{"not_picked":["Corruption","Ghostly Armor"],"picked":"Clash","floor":14},{"not_picked":["Pommel Strike+1","Entrench"],"picked":"Shrug It Off","floor":18},{"not_picked":["Wild Strike","Havoc+1"],"picked":"Clash+1","floor":19},{"not_picked":["Pommel Strike+1","Sword Boomerang","Brutality"],"picked":"SKIP","floor":21},{"not_picked":["Pommel Strike+1","Sword Boomerang","Brutality"],"picked":"SKIP","floor":21}],"player_experience":514947,"relics_obtained":[{"floor":9,"key":"Mercury Hourglass"},{"floor":10,"key":"War Paint"}],"event_choices":[{"damage_healed":0.0,"max_hp_gain":0.0,"max_hp_loss":5.0,"gold_gain":0.0,"event_name":"Golden Idol","player_choice":"Lose Max HP","floor":2.0,"gold_loss":0.0,"damage_taken":0.0,"relics_obtained":["Golden Idol"]},{"damage_healed":0.0,"max_hp_gain":5.0,"max_hp_loss":0.0,"gold_gain":0.0,"event_name":"Big Fish","player_choice":"Donut","floor":4.0,"gold_loss":0.0,"damage_taken":0.0},{"damage_healed":0,"gold_gain":30,"player_choice":"Searched \u00272\u0027 times","damage_taken":0,"max_hp_gain":0,"max_hp_loss":0,"event_name":"Dead Adventurer","floor":7,"gold_loss":0},{"damage_healed":0,"gold_gain":0,"cards_transformed":["Strike_R","Defend_R"],"player_choice":"Became Test Subject","damage_taken":0,"max_hp_gain":0,"max_hp_loss":0,"event_name":"Drug Dealer","floor":22,"gold_loss":0,"cards_obtained":["Headbutt","Carnage"]}],"is_beta":false,"boss_relics":[{"not_picked":["Snecko Eye","SacredBark"],"picked":"Black Blood"}],"items_purged_floors":[20],"is_endless":false,"potions_floor_spawned":[12,14,16,21],"killed_by":"Centurion and Healer","ascension_level":7}}