{"host":"ix2a18c4ohfsrslv","time":1608747027,"event":{"mods":["BaseMod","Better Third Choice","Downfall","Lobotomy","Minty Spire (QoL Compilation)","Replay The Spire","StSLib"],"gold_per_floor":[112,112,82,98,108,135,135,151,151,151,26,45,45,64,64,165,165,178,191,90,153,167,192,192,192,192],"floor_reached":25,"playtime":2186,"items_purged":["ReplayTheSpireMod:Restless Dread"],"score":245,"play_id":"6842da04-e472-4fef-b2fd-a0185246caa1","local_time":"20201223101027","is_ascension_mode":true,"campfire_choices":[{"data":"Footwork","floor":10,"key":"SMITH"},{"data":"Cloak And Dagger","floor":13,"key":"SMITH"},{"data":"Deadly Poison","floor":15,"key":"SMITH"}],"circlet_count":0,"master_deck":["Strike_G+1","Strike_G+1","Strike_G+1","Strike_G+1","Strike_G+2","Defend_G","Defend_G+1","Defend_G+1","Defend_G","Defend_G+1","Survivor","Neutralize","Footwork+1","Bouncing Flask","Dagger Spray","Replay:Poison Smokescreen","Deadly Poison+1","Cloak And Dagger+1","Dagger Throw","Doppelganger","Dash","PiercingWail","Slice","Replay:Poison Smokescreen","Poisoned Stab","Blur+1","Atom Bomb"],"relics":["Runic Dome","War Paint","Replay:Bottled Eggs","Garlic","ReplayTheSpireMod:CursedCoin","Simple Rune","Snecko Eye","Juzu Bracelet","Replay:Baseball"],"acts_visited":["Exordium","TheCity"],"potions_floor_usage":[6,16,23,25],"damage_taken":[{"damage":1,"enemies":"Jaw Worm","floor":1,"turns":5},{"damage":8,"enemies":"Small Slimes","floor":4,"turns":4},{"damage":0,"enemies":"Cultist","floor":5,"turns":4},{"damage":13,"enemies":"Gremlin Nob","floor":6,"turns":4},{"damage":4,"enemies":"Blue Slaver","floor":8,"turns":4},{"damage":0,"enemies":"Exordium Wildlife","floor":12,"turns":3},{"damage":0,"enemies":"2 Fungi Beasts","floor":14,"turns":3},{"damage":17,"enemies":"Slime Boss","floor":16,"turns":12},{"damage":0,"enemies":"3 Byrds","floor":18,"turns":4},{"damage":22,"enemies":"2 Thieves","floor":19,"turns":4},{"damage":22,"enemies":"Shelled Parasite and Fungi","floor":22,"turns":7},{"damage":7,"enemies":"Book of Stabbing","floor":23,"turns":5},{"damage":5,"enemies":"Slavers","floor":25,"turns":1}],"seed_played":"-6036461620093406751","potions_obtained":[{"floor":1,"key":"hexamod:EctoCoolerPotion"},{"floor":3,"key":"LiquidMemories"},{"floor":3,"key":"GamblersBrew"},{"floor":4,"key":"Venom Potion"},{"floor":6,"key":"SmokeBomb"},{"floor":12,"key":"Dexterity Potion"},{"floor":18,"key":"Strength Potion"},{"floor":21,"key":"Death Potion"},{"floor":21,"key":"Energy Potion"},{"floor":23,"key":"sneckomod:MuddlingPotion"}],"is_trial":false,"path_per_floor":["M","?","?","M","M","E","?","M","T","R","$","M","R","M","R","B",null,"M","M","$","?","M","E","?","E"],"character_chosen":"THE_SILENT","items_purchased":["ReplayTheSpireMod:CursedCoin","Simple Rune","Cloak And Dagger","Slice","Replay:Poison Smokescreen"],"campfire_rested":0,"item_purchase_floors":[11,11,11,20,20],"current_hp_per_floor":[69,51,51,43,43,30,53,49,49,49,49,49,49,49,49,32,70,70,48,48,31,9,2,2,0,0],"gold":192,"neow_bonus":"BOSS_RELIC","is_daily":false,"chose_seed":false,"campfire_upgraded":3,"win_rate":0.0,"timestamp":1608747027,"path_taken":["M","?","?","?","M","E","?","M","T","R","?","M","R","M","R","BOSS","M","M","$","?","M","E","?","E"],"items_purchased_type":["Relic","Relic","Card","Card","Card"],"build_version":"2020-12-22","purchased_purges":1,"victory":false,"max_hp_per_floor":[70,70,70,70,70,70,70,70,70,70,70,70,70,70,70,70,70,70,70,70,70,70,70,70,70,70],"card_choices":[{"not_picked":["Dodge and Roll","PiercingWail"],"picked":"Footwork","floor":1},{"not_picked":["Acrobatics","Expertise"],"picked":"Bouncing Flask","floor":4},{"not_picked":["Deadly Poison","Slice"],"picked":"Dagger Spray","floor":5},{"not_picked":["Escape Plan","Poisoned Stab"],"picked":"Replay:Poison Smokescreen","floor":6},{"not_picked":["Choke","Reflex"],"picked":"Deadly Poison","floor":8},{"not_picked":["Dodge and Roll","Slice"],"picked":"Dagger Throw","floor":12},{"not_picked":["ReplayTheSpireMod:Scrap Shanks","Finisher","Cloak And Dagger"],"picked":"SKIP","floor":14},{"not_picked":["After Image","Unload"],"picked":"Doppelganger","floor":16},{"not_picked":["Underhanded Strike","Blade Dance"],"picked":"Dash","floor":18},{"not_picked":["Prepared","Bane"],"picked":"PiercingWail","floor":19},{"not_picked":["Dodge and Roll","Hidden Blade"],"picked":"Poisoned Stab","floor":21},{"not_picked":["Dodge and Roll+1","Bane"],"picked":"Blur+1","floor":22},{"not_picked":["Envenom","Underhanded Strike"],"picked":"Atom Bomb","floor":23}],"player_experience":119229,"relics_obtained":[{"floor":6,"key":"Replay:Bottled Eggs"},{"floor":9,"key":"Garlic"},{"floor":21,"key":"Juzu Bracelet"},{"floor":23,"key":"Replay:Baseball"}],"event_choices":[{"damage_healed":0,"gold_gain":0,"player_choice":"Relic ","damage_taken":18,"max_hp_gain":0,"max_hp_loss":0,"event_name":"betterThird:BetterScrap","floor":2,"gold_loss":0,"cards_obtained":["DevaForm"]},{"damage_healed":0,"gold_gain":0,"player_choice":"Bought 2 Potions","damage_taken":0,"max_hp_gain":0,"max_hp_loss":0,"event_name":"The Woman in Blue","floor":3,"gold_loss":0},{"damage_healed":23,"gold_gain":0,"player_choice":"Banana","damage_taken":0,"max_hp_gain":0,"max_hp_loss":0,"event_name":"Big Fish","floor":7,"gold_loss":0},{"damage_healed":0,"gold_gain":0,"player_choice":"Ignored","damage_taken":0,"max_hp_gain":0,"max_hp_loss":0,"event_name":"Ghosts","floor":24,"gold_loss":0}],"is_beta":false,"boss_relics":[{"not_picked":["Abe\u0027s Treasure","Tiny House"],"picked":"Snecko Eye"}],"items_purged_floors":[11],"is_endless":false,"potions_floor_spawned":[1,4,6,12,18,23],"killed_by":"Slavers","ascension_level":2}}