{"host":"ds28d883r3sz42zs","time":1608742135,"event":{"mods":["2.2 Compatiblity","AchievementEnabler","Act Like it!","Aspiration","BaseMod","Bestiary","Better Match","Better Sensory Stone","Better Third Choice","Better-Laid Plans","BetterRewards","Block Reminder","Challenge The Spire","Clawfect","Colored Map","Colored Powertips","Conspire","DeckTracker","Defuse TimeMaze Blight","Disable Question Mark Monsters","Displayed Cursed Tome","Emptier Cage","GifTheSpireLib","Gold Saver","Hallownest","Hubris","Infinite Spire","Minty Spire (QoL Compilation)","Permanent Neow","Practice Mode","Quick Restart","Random Character Button","Rare Cards Sparkle","Relic Filter","Relic Sorter","Relic Stats","Replay The Spire","SacredBarkPlus","Shop Mod","StSLib","Stuff the Spire","SuperFastMode","The Bug Knight","The Jungle","Uncapped","Unknown Chances"],"gold_per_floor":[808,822,822,832,852,852,852,852],"floor_reached":7,"playtime":306,"items_purged":[],"score":62,"play_id":"a306593c-ed76-484d-b2c5-1967ed848fae","local_time":"20201223114855","is_ascension_mode":true,"campfire_choices":[{"data":"Setup","floor":6,"key":"SMITH"}],"circlet_count":0,"master_deck":["Strike_G","Strike_G","Strike_G","Strike_G","Strike_G","Defend_G","Defend_G","Defend_G","Defend_G","Defend_G","Survivor","Neutralize","Setup+1","conspire:DoublingDagger","Dagger Spray","Flying Knee"],"relics":["Unceasing Top"],"acts_visited":["Exordium"],"potions_floor_usage":[7],"damage_taken":[{"damage":1,"enemies":"2 Louse","floor":1,"turns":3},{"damage":0,"enemies":"conspire:RoseBush","floor":2,"turns":6},{"damage":11,"enemies":"Small Slimes","floor":4,"turns":6},{"damage":11,"enemies":"Blue Slaver","floor":5,"turns":6},{"damage":40,"enemies":"Gremlin Nob","floor":7,"turns":5}],"seed_played":"-4189592265574836668","potions_obtained":[{"floor":2,"key":"GhostInAJar"}],"is_trial":true,"path_per_floor":["M","M","?","M","M","R","E"],"character_chosen":"THE_SILENT","items_purchased":[],"campfire_rested":0,"item_purchase_floors":[],"current_hp_per_floor":[62,62,62,51,40,40,0,0],"gold":852,"neow_bonus":"","is_daily":false,"chose_seed":false,"campfire_upgraded":1,"win_rate":0.0,"timestamp":1608742135,"path_taken":["M","M","?","M","M","R","E"],"items_purchased_type":[],"build_version":"2020-12-22","purchased_purges":0,"victory":false,"max_hp_per_floor":[70,70,70,70,70,70,70,70],"relic_stats":{"counters":[5,26],"obtain_stats":[{"Unceasing Top":0},{"Unceasing Top":0},{"Unceasing Top":0}],"Unceasing Top":[14]},"card_choices":[{"not_picked":["Choke","Prepared"],"picked":"Setup","floor":1},{"not_picked":["Skewer","Quick Slash"],"picked":"conspire:DoublingDagger","floor":2},{"not_picked":["Backflip","Quick Slash"],"picked":"Dagger Spray","floor":4},{"not_picked":["StuffTheSpire:Python","Tactician"],"picked":"Flying Knee","floor":5}],"player_experience":752963,"relics_obtained":[],"event_choices":[{"damage_healed":0,"gold_gain":0,"player_choice":"Leave","damage_taken":0,"max_hp_gain":0,"max_hp_loss":0,"event_name":"conspire:Investor","floor":3,"gold_loss":0}],"is_beta":false,"boss_relics":[],"items_purged_floors":[],"is_endless":false,"potions_floor_spawned":[2],"killed_by":"Gremlin Nob","ascension_level":9}}