{"host":"lreod2rejfd0az5i","time":1608761399,"event":{"mods":["AchievementEnabler","Aspiration","BaseMod","Colored Powertips","Conspire","Downfall","Highlight Path","Hubris","Infinite Spire","Mad Scientist","Minty Spire (QoL Compilation)","Rare Cards Sparkle","Relic Stats","Replay The Spire","StSLib","The Bug Knight","The Jungle"],"gold_per_floor":[111,111,124,199,199,199,228,228,228,241,241,259,32,45,45,45,45],"floor_reached":16,"playtime":338,"items_purged":["Strike_G"],"score":244,"play_id":"e0d55933-9e8a-4ab0-b5e5-9a35947edfbc","local_time":"20201223150959","is_ascension_mode":true,"campfire_choices":[{"data":"All Out Attack","floor":6,"key":"SMITH"},{"data":"Cloak And Dagger","floor":8,"key":"SMITH"},{"floor":11,"key":"REST"},{"data":"Neutralize","floor":11,"key":"SMITH"},{"floor":15,"key":"DIG"}],"circlet_count":0,"master_deck":["AscendersBane","Strike_G","Strike_G","Strike_G","Strike_G","Defend_G","Defend_G","Defend_G","Defend_G","Defend_G","Survivor","Neutralize+1","All Out Attack+1","Cloak And Dagger+1","After Image","hubris:NaturalOne"],"relics":["Ring of the Snake","NeowsBlessing","hubris:Icosahedron","White Beast Statue","infinitespire:Magic Flask","conspire:Dentures"],"acts_visited":["Exordium"],"potions_floor_usage":[16,16],"damage_taken":[{"damage":0,"enemies":"2 Louse","floor":1,"turns":1},{"damage":0,"enemies":"Jaw Worm","floor":3,"turns":1},{"damage":0,"enemies":"3 Sentries","floor":7,"turns":1},{"damage":0,"enemies":"Cultist","floor":10,"turns":3},{"damage":22,"enemies":"Exordium Wildlife","floor":12,"turns":4},{"damage":0,"enemies":"Looter","floor":14,"turns":4},{"damage":46,"enemies":"Slime Boss","floor":16,"turns":10}],"seed_played":"-8129410759225786857","potions_obtained":[{"floor":3,"key":"SkillPotion"},{"floor":7,"key":"Adrenaline Potion"}],"is_trial":false,"path_per_floor":["M","$","M","?","?","R","E","R","T","M","R","M","$","M","R","B"],"character_chosen":"THE_SILENT","items_purchased":["After Image"],"campfire_rested":1,"item_purchase_floors":[13],"current_hp_per_floor":[59,59,59,48,48,48,48,48,48,48,66,44,44,44,44,0,0],"gold":45,"neow_bonus":"THREE_ENEMY_KILL","is_daily":false,"chose_seed":false,"campfire_upgraded":3,"win_rate":0.0,"timestamp":1608761399,"path_taken":["M","$","M","?","?","R","E","R","T","M","R","M","$","M","R","BOSS"],"items_purchased_type":["Card"],"build_version":"2020-12-22","purchased_purges":1,"victory":false,"max_hp_per_floor":[66,66,66,66,66,66,66,66,66,66,66,66,66,66,66,66,66],"relic_stats":{"counters":[7,24],"obtain_stats":[{"conspire:Dentures":15,"hubris:Icosahedron":5,"NeowsBlessing":0,"infinitespire:Magic Flask":9,"White Beast Statue":7,"Ring of the Snake":0},{"conspire:Dentures":6,"hubris:Icosahedron":2,"NeowsBlessing":0,"infinitespire:Magic Flask":3,"White Beast Statue":3,"Ring of the Snake":0},{"conspire:Dentures":14,"hubris:Icosahedron":2,"NeowsBlessing":0,"infinitespire:Magic Flask":3,"White Beast Statue":3,"Ring of the Snake":0}],"Ring of the Snake":[14]},"card_choices":[{"not_picked":["Dodge and Roll","Quick Slash"],"picked":"All Out Attack","floor":1},{"not_picked":["Dodge and Roll","ReplayTheSpireMod:Tripwire","Cloak And Dagger"],"picked":"SKIP","floor":3},{"not_picked":["Bane","Hidden Blade"],"picked":"Cloak And Dagger","floor":7},{"not_picked":["Endless Agony","hubris:Sniper","Slice"],"picked":"SKIP","floor":10},{"not_picked":["Prepared","Expertise","Underhanded Strike"],"picked":"SKIP","floor":12},{"not_picked":["Acrobatics","Flechettes","Blur"],"picked":"SKIP","floor":14}],"player_experience":859303,"relics_obtained":[{"floor":7,"key":"White Beast Statue"},{"floor":9,"key":"infinitespire:Magic Flask"},{"floor":15,"key":"conspire:Dentures"}],"event_choices":[{"damage_healed":0,"gold_gain":75,"player_choice":"Gather Gold","damage_taken":11,"max_hp_gain":0,"max_hp_loss":0,"event_name":"World of Goop","floor":4,"gold_loss":0}],"is_beta":false,"boss_relics":[],"items_purged_floors":[13],"is_endless":false,"potions_floor_spawned":[3,7,10,12,14],"killed_by":"Slime Boss","ascension_level":19}}