{"host":"uwh382mre4waz4ff","time":1608734260,"event":{"mods":["AchievementEnabler","BaseMod","Better Note","Better Third Choice","BetterRewards","Minty Spire (QoL Compilation)","StSLib"],"gold_per_floor":[112,124,139,153,173,173,130,130,130,22,22,32,32,50,50,146,146,126,126,126,51,71,71,98,98,98,116,134,134,151,165,165,260,260,280,292,292,305,305,337,347,347,347],"floor_reached":42,"playtime":3909,"items_purged":["Strike_B"],"score":594,"play_id":"f36f25fd-9905-428d-ba72-7dc9dd5a57c4","local_time":"20201223223740","is_ascension_mode":false,"campfire_choices":[{"data":"Apotheosis","floor":6.0,"key":"SMITH"},{"data":"Enlightenment","floor":11.0,"key":"SMITH"},{"data":"Hologram","floor":15.0,"key":"SMITH"},{"data":"Coolheaded","floor":23.0,"key":"SMITH"},{"data":"Echo Form","floor":25.0,"key":"SMITH"},{"data":"White Noise","floor":32.0,"key":"SMITH"}],"circlet_count":0,"master_deck":["Strike_B","Defend_B","Defend_B","Defend_B","Defend_B","Zap","Dualcast","Apotheosis+1","White Noise+1","Skim","Coolheaded+1","Glacier","Enlightenment+1","Hologram+1","Echo Form+1","Streamline+1","Machine Learning","Seek","Hello World","Defragment+1"],"relics":["Cracked Core","Nilry\u0027s Codex","betterThird:SlimedRelic","Vajra","Sundial","Velvet Choker","Gambling Chip","Oddly Smooth Stone","Bag of Preparation","Blood Vial","Inserter","Ginger"],"acts_visited":["Exordium","TheCity","TheBeyond"],"potions_floor_usage":[42],"damage_taken":[{"damage":0.0,"enemies":"Small Slimes","floor":1.0,"turns":3.0},{"damage":7.0,"enemies":"2 Louse","floor":2.0,"turns":2.0},{"damage":1.0,"enemies":"Jaw Worm","floor":3.0,"turns":2.0},{"damage":2.0,"enemies":"Exordium Wildlife","floor":4.0,"turns":4.0},{"damage":1.0,"enemies":"3 Louse","floor":5.0,"turns":3.0},{"damage":3.0,"enemies":"Looter","floor":12.0,"turns":4.0},{"damage":0.0,"enemies":"Blue Slaver","floor":14.0,"turns":3.0},{"damage":22.0,"enemies":"The Guardian","floor":16.0,"turns":11.0},{"damage":8.0,"enemies":"2 Thieves","floor":18.0,"turns":4.0},{"damage":0.0,"enemies":"Chosen","floor":22.0,"turns":5.0},{"damage":27.0,"enemies":"Slavers","floor":24.0,"turns":6.0},{"damage":6.0,"enemies":"3 Cultists","floor":27.0,"turns":5.0},{"damage":0.0,"enemies":"Snake Plant","floor":28.0,"turns":5.0},{"damage":0.0,"enemies":"Snecko","floor":30.0,"turns":4.0},{"damage":0.0,"enemies":"Centurion and Healer","floor":31.0,"turns":9.0},{"damage":8.0,"enemies":"Automaton","floor":33.0,"turns":11.0},{"damage":14.0,"enemies":"3 Shapes","floor":35.0,"turns":4.0},{"damage":7.0,"enemies":"Orb Walker","floor":36.0,"turns":4.0},{"damage":7.0,"enemies":"Maw","floor":38.0,"turns":13.0},{"damage":32.0,"enemies":"Reptomancer","floor":40.0,"turns":6.0},{"damage":8.0,"enemies":"3 Darklings","floor":41.0,"turns":9.0},{"damage":23,"enemies":"4 Shapes","floor":42,"turns":3}],"seed_played":"2875184956007283674","potions_obtained":[{"floor":1.0,"key":"BlessingOfTheForge"},{"floor":4.0,"key":"Fire Potion"},{"floor":5.0,"key":"Block Potion"},{"floor":16.0,"key":"FocusPotion"},{"floor":18.0,"key":"SkillPotion"},{"floor":27.0,"key":"Fire Potion"},{"floor":30.0,"key":"Weak Potion"},{"floor":33.0,"key":"Dexterity Potion"},{"floor":35.0,"key":"ColorlessPotion"},{"floor":38.0,"key":"BlessingOfTheForge"},{"floor":40.0,"key":"BlessingOfTheForge"}],"is_trial":false,"path_per_floor":["M","M","M","M","M","R","?","?","T","$","R","M","?","M","R","B",null,"M","?","?","$","M","R","E","R","T","M","M","T","M","M","R","B",null,"M","M","?","M","?","E","M","M"],"character_chosen":"DEFECT","items_purchased":["Apotheosis","Enlightenment","Hologram"],"campfire_rested":0,"item_purchase_floors":[0,10,10],"current_hp_per_floor":[68,61,60,58,57,57,46,46,46,46,46,43,36,36,36,14,75,67,67,67,67,67,67,40,40,40,34,34,34,36,38,38,32,75,61,56,56,51,51,21,15,0,0],"gold":347,"neow_bonus":"","is_daily":false,"chose_seed":false,"campfire_upgraded":6,"win_rate":0.0,"timestamp":1608734260,"path_taken":["M","M","M","M","M","R","?","?","T","?","R","?","?","M","R","BOSS","M","?","?","$","M","R","E","R","T","M","M","?","M","M","R","BOSS","M","M","?","M","?","E","M","M"],"items_purchased_type":["Card","Card","Card"],"build_version":"2020-12-22","purchased_purges":1,"victory":false,"max_hp_per_floor":[75,75,75,75,75,75,75,75,75,75,75,75,75,75,75,75,75,75,75,75,75,75,75,75,75,75,75,75,75,75,75,75,75,75,75,75,75,75,75,75,75,75,75],"card_choices":[{"not_picked":["Reprogram","Fusion"],"picked":"White Noise","floor":1.0},{"not_picked":["Coolheaded","Streamline"],"picked":"Skim","floor":2.0},{"not_picked":["Stack","Ball Lightning"],"picked":"Coolheaded","floor":3.0},{"not_picked":["Stack","Undo"],"picked":"Glacier","floor":4.0},{"not_picked":["Cold Snap","Turbo","Conserve Battery"],"picked":"SKIP","floor":5.0},{"not_picked":["Stack","Compile Driver","Hello World"],"picked":"SKIP","floor":12.0},{"not_picked":["Rebound","Static Discharge","Cold Snap"],"picked":"SKIP","floor":14.0},{"not_picked":["Creative AI","Rainbow"],"picked":"Echo Form","floor":16.0},{"not_picked":["Beam Cell","Compile Driver+1","Redo"],"picked":"SKIP","floor":18.0},{"not_picked":["Go for the Eyes","Scrape","Chill+1"],"picked":"SKIP","floor":22.0},{"not_picked":["Sweeping Beam+1","Hologram"],"picked":"Streamline+1","floor":24.0},{"not_picked":["Conserve Battery","Leap+1"],"picked":"Machine Learning","floor":27.0},{"not_picked":["Chill+1","Leap","Tempest"],"picked":"SKIP","floor":28.0},{"not_picked":["Leap","Stack","Conserve Battery"],"picked":"SKIP","floor":30.0},{"not_picked":["Sweeping Beam","Redo+1","Turbo+1"],"picked":"SKIP","floor":31.0},{"not_picked":["Buffer","Echo Form"],"picked":"Seek","floor":33.0},{"not_picked":["Sweeping Beam","Steam Power+1","Streamline+1"],"picked":"SKIP","floor":35.0},{"not_picked":["Go for the Eyes+1","Static Discharge+1","Turbo+1"],"picked":"SKIP","floor":36.0},{"not_picked":["Sunder","BootSequence+1","Double Energy+1"],"picked":"SKIP","floor":38.0},{"not_picked":["Sunder","BootSequence+1","Double Energy+1"],"picked":"SKIP","floor":38.0},{"not_picked":["Barrage+1","Steam","BootSequence"],"picked":"SKIP","floor":40.0},{"not_picked":["Leap+1","Rebound"],"picked":"Defragment+1","floor":41.0}],"player_experience":43817,"relics_obtained":[{"floor":9.0,"key":"Sundial"},{"floor":24.0,"key":"Oddly Smooth Stone"},{"floor":26.0,"key":"Bag of Preparation"},{"floor":29.0,"key":"Blood Vial"},{"floor":40.0,"key":"Ginger"}],"event_choices":[{"damage_healed":0.0,"max_hp_gain":0.0,"max_hp_loss":0.0,"gold_gain":0.0,"event_name":"betterThird:BetterGoop","player_choice":"Slimed","floor":7.0,"gold_loss":43.0,"damage_taken":11.0},{"damage_healed":0.0,"max_hp_gain":0.0,"max_hp_loss":0.0,"gold_gain":0.0,"event_name":"Big Fish","player_choice":"Box","floor":8.0,"gold_loss":0.0,"damage_taken":0.0,"relics_obtained":["Vajra"],"cards_obtained":["Regret"]},{"cards_removed":["Regret"],"damage_healed":0.0,"max_hp_gain":0.0,"max_hp_loss":0.0,"gold_gain":0.0,"event_name":"Golden Wing","player_choice":"Card Removal","floor":13.0,"gold_loss":0.0,"damage_taken":7.0},{"damage_healed":0.0,"max_hp_gain":0.0,"max_hp_loss":0.0,"gold_gain":0.0,"event_name":"WeMeetAgain","player_choice":"Gave Potion","floor":19.0,"gold_loss":0.0,"damage_taken":0.0,"relics_obtained":["Gambling Chip"]},{"cards_removed":["Strike_B"],"damage_healed":0.0,"max_hp_gain":0.0,"max_hp_loss":0.0,"gold_gain":0.0,"event_name":"betterNote:BetterNote","player_choice":"Give","floor":20.0,"gold_loss":0.0,"damage_taken":0.0,"cards_obtained":["Defend_B"]},{"cards_removed":["Strike_B"],"damage_healed":0.0,"max_hp_gain":0.0,"max_hp_loss":0.0,"gold_gain":0.0,"event_name":"Falling","player_choice":"Removed Attack","floor":37.0,"gold_loss":0.0,"damage_taken":0.0},{"damage_healed":0.0,"max_hp_gain":0.0,"max_hp_loss":0.0,"gold_gain":0.0,"cards_transformed":["Strike_B"],"event_name":"Transmorgrifier","player_choice":"Transformed","floor":39.0,"gold_loss":0.0,"damage_taken":0.0,"cards_obtained":["Hello World"]}],"is_beta":false,"boss_relics":[{"not_picked":["Calling Bell","SacredBark"],"picked":"Velvet Choker"},{"not_picked":["Philosopher\u0027s Stone","Cursed Key"],"picked":"Inserter"}],"items_purged_floors":[21],"is_endless":false,"potions_floor_spawned":[1,4,5,16,18,27,30,33,35,38,40],"killed_by":"4 Shapes","ascension_level":0}}