{"host":"jxajaf4sdikd2b60","time":1608704097,"event":{"mods":["AchievementEnabler","BaseMod","Better Match","Better Note","Better Skull","Better Third Choice","BetterRewards","Colored Powertips","Conspire","Custom Start","Infinite Spire","Minty Spire (QoL Compilation)","Quick Restart","Random Character Button","Replay The Spire","Spicy Shops","StSLib","The Blue Laboratory"],"gold_per_floor":[117,135,210,222,97,97,117,117,117,117,158,169,185,196,196,297,297,313,163,163,163,163,163,123,123,123,136,136,146,172,188,188,284,284,303,313,313,313,313,313,346,362,389,419,419,436,486,486,486,486,486],"floor_reached":50,"playtime":2445,"items_purged":["Strike_G","Defend_G","Strike_G","Sickly"],"score":1081,"play_id":"ae1b5f28-6fde-49de-af82-394405fd2cae","local_time":"20201223011457","is_ascension_mode":true,"campfire_choices":[{"floor":6.0,"key":"REST"},{"data":"conspire:DoublingDagger","floor":8.0,"key":"SMITH"},{"floor":15.0,"key":"REST"},{"data":"Cloak And Dagger","floor":23.0,"key":"SMITH"},{"data":"Accuracy","floor":25.0,"key":"SMITH"},{"data":"Burst","floor":28.0,"key":"SMITH"},{"floor":32.0,"key":"REST"},{"floor":40.0,"key":"REST"},{"floor":45.0,"key":"REST"},{"floor":49.0,"key":"REST"}],"circlet_count":0,"master_deck":["AscendersBane","Defend_G+1","Defend_G+1","Survivor+1","conspire:DoublingDagger+1","Cloak And Dagger+1","Burst+1","Finisher+1","Cloak And Dagger+1","Accuracy+1","Hidden Blade+1","Pot Of Greed+1"],"relics":["Ring of the Snake","Gremlin Food","Lee\u0027s Waffle","infinitespire:EmpoweringShard","infinitespire:Joker Card","Kintsugi","Durian","Ring of Chaos","infinitespire:BottledMercury","Replay:Baseball","Grinning Jar","Replay:Bottled Steam"],"acts_visited":["Exordium","TheCity","TheBeyond"],"potions_floor_usage":[50,50],"damage_taken":[{"damage":4.0,"enemies":"Jaw Worm","floor":1.0,"turns":7.0},{"damage":5.0,"enemies":"Small Slimes","floor":2.0,"turns":4.0},{"damage":0.0,"enemies":"Cultist","floor":4.0,"turns":4.0},{"damage":9.0,"enemies":"Large Slime","floor":7.0,"turns":7.0},{"damage":27.0,"enemies":"conspire:MimicChest","floor":11.0,"turns":9.0},{"damage":3.0,"enemies":"2 Fungi Beasts","floor":12.0,"turns":4.0},{"damage":0.0,"enemies":"Red Slaver","floor":13.0,"turns":3.0},{"damage":0.0,"enemies":"3 Louse","floor":14.0,"turns":3.0},{"damage":58.0,"enemies":"Fading Forest","floor":16.0,"turns":11.0},{"damage":3.0,"enemies":"3 Byrds","floor":18.0,"turns":4.0},{"damage":10.0,"enemies":"Shell Parasite","floor":27.0,"turns":3.0},{"damage":12.0,"enemies":"Shelled Parasite and Fungi","floor":29.0,"turns":3.0},{"damage":14.0,"enemies":"Replay:Snechameleon","floor":30.0,"turns":3.0},{"damage":20.0,"enemies":"Snake Plant","floor":31.0,"turns":3.0},{"damage":12.0,"enemies":"Automaton","floor":33.0,"turns":5.0},{"damage":0.0,"enemies":"Orb Walker","floor":35.0,"turns":2.0},{"damage":4.0,"enemies":"3 Darklings","floor":36.0,"turns":3.0},{"damage":26.0,"enemies":"R_Hoarder","floor":41.0,"turns":10.0},{"damage":0.0,"enemies":"Transient","floor":42.0,"turns":5.0},{"damage":16.0,"enemies":"Nemesis","floor":44.0,"turns":4.0},{"damage":1.0,"enemies":"Sphere and 2 Shapes","floor":46.0,"turns":3.0},{"damage":0.0,"enemies":"Mind Bloom Boss Battle","floor":47.0,"turns":4.0},{"damage":89,"enemies":"infinitespire:MassOfShapes","floor":50,"turns":13}],"seed_played":"-5450012995786495205","potions_obtained":[{"floor":12.0,"key":"conspire:TimeTravelPotion"},{"floor":13.0,"key":"ColorlessPotion"},{"floor":18.0,"key":"blueLaboratory:AbyssPotion"},{"floor":30.0,"key":"blueLaboratory:EnvenomedCoating"},{"floor":46.0,"key":"Explosive Potion"}],"is_trial":false,"path_per_floor":["M","M","?","M","$","R","M","R","T","?","?","M","M","M","R","B",null,"M","$","?","?","?","R","?","R","T","M","R","M","E","M","R","B",null,"M","M","?","?","?","R","E","M","T","E","R","M","?","AVR","R","B"],"character_chosen":"THE_SILENT","items_purchased":["conspire:DoublingDagger","Gremlin Food","Cloak And Dagger","Burst","Lee\u0027s Waffle","Finisher"],"campfire_rested":6,"item_purchase_floors":[0,0,0,0,0,0],"current_hp_per_floor":[73,68,57,57,57,77,68,68,68,73,46,43,43,43,67,19,66,63,63,82,82,82,82,82,82,82,72,72,60,51,31,57,45,77,77,73,73,73,73,87,61,61,61,61,87,86,86,86,87,0,0],"gold":486,"neow_bonus":"","is_daily":false,"chose_seed":false,"campfire_upgraded":4,"win_rate":0.0,"timestamp":1608704097,"path_taken":["M","M","?","M","$","R","M","R","T","?","?","M","M","?","R","BOSS","M","$","?","?","?","R","?","R","T","M","R","M","E","?","R","BOSS","M","M","?","?","?","R","E","?","T","E","R","M","?","AVR","R","BOSS"],"items_purchased_type":["Card","Relic","Card","Card","Relic","Card"],"build_version":"2020-12-22","purchased_purges":4,"victory":false,"max_hp_per_floor":[77,77,77,77,77,77,77,77,77,82,82,82,82,82,82,82,82,82,82,82,82,82,82,82,82,82,82,82,82,87,87,87,87,87,87,87,87,87,87,87,87,87,87,87,87,87,87,87,87,87,87],"card_choices":[{"not_picked":["Toxin Wave","Flying Knee"],"picked":"Cloak And Dagger","floor":1.0},{"not_picked":["Outmaneuver","Dodge and Roll","Escape Plan"],"picked":"SKIP","floor":2.0},{"not_picked":["Dodge and Roll","PiercingWail","Quick Slash"],"picked":"SKIP","floor":4.0},{"not_picked":["Deadly Poison","Flying Knee"],"picked":"Accuracy","floor":7.0},{"not_picked":["Caltrops","Toxin Wave"],"picked":"Hidden Blade","floor":11.0},{"not_picked":["Deadly Poison","Cloak And Dagger","Sucker Punch"],"picked":"SKIP","floor":12.0},{"not_picked":["Bane","Grand Finale","Cloak And Dagger"],"picked":"SKIP","floor":13.0},{"not_picked":["Bane","Grand Finale","Cloak And Dagger"],"picked":"SKIP","floor":13.0},{"not_picked":["Sucker Punch","Cloak And Dagger","Hidden Blade"],"picked":"SKIP","floor":14.0},{"not_picked":["Deflect","ReplayTheSpireMod:Scrap Shanks","Cloak And Dagger"],"picked":"SKIP","floor":18.0},{"not_picked":["Outmaneuver","Bane","Blade Dance"],"picked":"SKIP","floor":27.0},{"not_picked":["Caltrops","Prepared","Well Laid Plans"],"picked":"SKIP","floor":29.0},{"not_picked":["Finisher+1","Well Laid Plans","Dodge and Roll"],"picked":"SKIP","floor":30.0},{"not_picked":["Hidden Blade","Dodge and Roll","Dagger Spray"],"picked":"SKIP","floor":31.0},{"not_picked":["Cloak And Dagger+1","Prepared","Endless Agony"],"picked":"SKIP","floor":35.0},{"not_picked":["Blade Dance","Bane","All Out Attack"],"picked":"SKIP","floor":36.0},{"not_picked":["Leg Sweep","Heel Hook+1","Underhanded Strike"],"picked":"SKIP","floor":41.0},{"not_picked":["Dodge and Roll","Dagger Throw","Heel Hook"],"picked":"SKIP","floor":42.0},{"not_picked":["Atom Bomb","Blur+1","Infinite Blades"],"picked":"SKIP","floor":44.0},{"not_picked":["Atom Bomb","Blur+1","Infinite Blades"],"picked":"SKIP","floor":44.0},{"not_picked":["Well Laid Plans","Hidden Blade","Dagger Throw"],"picked":"SKIP","floor":46.0}],"player_experience":584311,"relics_obtained":[{"floor":9.0,"key":"infinitespire:EmpoweringShard"},{"floor":11.0,"key":"infinitespire:Joker Card"},{"floor":30.0,"key":"Durian"},{"floor":41.0,"key":"infinitespire:BottledMercury"},{"floor":43.0,"key":"Replay:Baseball"},{"floor":44.0,"key":"Grinning Jar"}],"event_choices":[{"damage_healed":0.0,"max_hp_gain":0.0,"max_hp_loss":0.0,"gold_gain":75.0,"event_name":"betterThird:BetterGoop","player_choice":"Gold","floor":3.0,"gold_loss":0.0,"damage_taken":11.0},{"damage_healed":0.0,"max_hp_gain":5.0,"max_hp_loss":0.0,"gold_gain":0.0,"event_name":"Big Fish","player_choice":"Donut","floor":10.0,"gold_loss":0.0,"damage_taken":0.0},{"damage_healed":27.0,"max_hp_gain":0.0,"max_hp_loss":0.0,"gold_gain":0.0,"event_name":"The Library","player_choice":"Heal","floor":20.0,"gold_loss":0.0,"damage_taken":0.0},{"damage_healed":0.0,"max_hp_gain":0.0,"max_hp_loss":0.0,"gold_gain":0.0,"event_name":"conspire:Investor","player_choice":"Leave","floor":21.0,"gold_loss":0.0,"damage_taken":0.0},{"cards_removed":["Writhe"],"damage_healed":0.0,"max_hp_gain":0.0,"max_hp_loss":0.0,"gold_gain":0.0,"event_name":"betterThird:BetterWriting","player_choice":"Elegance","floor":22.0,"gold_loss":0.0,"damage_taken":0.0},{"damage_healed":0.0,"max_hp_gain":0.0,"max_hp_loss":0.0,"gold_gain":0.0,"event_name":"Designer","player_choice":"Upgraded Two","floor":24.0,"gold_loss":40.0,"damage_taken":0.0,"cards_upgraded":["Cloak And Dagger","Hidden Blade"]},{"cards_removed":["Neutralize"],"damage_healed":0.0,"max_hp_gain":0.0,"max_hp_loss":0.0,"gold_gain":0.0,"event_name":"Falling","player_choice":"Removed Attack","floor":37.0,"gold_loss":0.0,"damage_taken":0.0},{"damage_healed":0.0,"max_hp_gain":0.0,"max_hp_loss":0.0,"gold_gain":0.0,"event_name":"SensoryStone","player_choice":"Memory 1","floor":38.0,"gold_loss":0.0,"damage_taken":0.0},{"damage_healed":0.0,"max_hp_gain":0.0,"max_hp_loss":0.0,"gold_gain":0.0,"event_name":"Upgrade Shrine","player_choice":"Upgraded","floor":39.0,"gold_loss":0.0,"damage_taken":0.0,"cards_upgraded":["Defend_G"]},{"damage_healed":0.0,"max_hp_gain":0.0,"max_hp_loss":0.0,"gold_gain":0.0,"event_name":"MindBloom","player_choice":"Fight","floor":47.0,"gold_loss":0.0,"damage_taken":0.0}],"is_beta":false,"boss_relics":[{"not_picked":["HoveringKite","ReplayTheSpireMod:SealedPack"],"picked":"Kintsugi"},{"not_picked":["Replay:Grab Bag","Abe\u0027s Treasure"],"picked":"Ring of Chaos"}],"items_purged_floors":[0,0,5,19],"is_endless":false,"potions_floor_spawned":[12,13,14,18,30,35,41,46],"killed_by":"infinitespire:MassOfShapes","ascension_level":12}}