{"host":"m6aaltr68g9tvoay","time":1608762845,"event":{"mods":["AchievementEnabler","BaseMod","Colored Map","Minty Spire (QoL Compilation)","StSLib"],"gold_per_floor":[117,37,54,54,69,69,94,94,119,148,176,188,200,230,242,343,355,387,420,347,359,371,371],"floor_reached":22,"playtime":710,"items_purged":[],"score":363,"play_id":"f71c675f-8232-4cc6-ac23-a6bf41547341","local_time":"20201223143405","is_ascension_mode":true,"campfire_choices":[{"data":"Gash","floor":6,"key":"SMITH"},{"data":"Gash","floor":8,"key":"SMITH"},{"floor":13,"key":"REST"},{"data":"Scrape","floor":15,"key":"SMITH"}],"circlet_count":0,"master_deck":["AscendersBane","Strike_B","Strike_B","Strike_B","Defend_B","Defend_B","Defend_B","Defend_B","Zap","Dualcast","BootSequence","Self Repair","Gash+1","Beam Cell","Gash+1","Gash","Hologram","Streamline","Skim","Injury","Scrape+1","Electrodynamics","Rebound","Self Repair","Writhe"],"relics":["FrozenCore","GremlinMask","Strawberry","MawBank","Golden Idol","Toxic Egg 2","Matryoshka"],"acts_visited":["Exordium","TheCity"],"potions_floor_usage":[7,16,16,19,19],"damage_taken":[{"damage":2,"enemies":"Small Slimes","floor":1,"turns":4},{"damage":2,"enemies":"Cultist","floor":3,"turns":4},{"damage":0,"enemies":"2 Louse","floor":5,"turns":3},{"damage":32,"enemies":"Gremlin Nob","floor":7,"turns":4},{"damage":15,"enemies":"Exordium Wildlife","floor":10,"turns":5},{"damage":6,"enemies":"Blue Slaver","floor":11,"turns":3},{"damage":6,"enemies":"Looter","floor":14,"turns":4},{"damage":73,"enemies":"The Guardian","floor":16,"turns":10},{"damage":26,"enemies":"Spheric Guardian","floor":18,"turns":4},{"damage":24,"enemies":"Shell Parasite","floor":19,"turns":4},{"damage":27,"enemies":"Snecko","floor":22,"turns":4}],"seed_played":"-126786028424983024","potions_obtained":[{"floor":1,"key":"GamblersBrew"},{"floor":10,"key":"EssenceOfSteel"},{"floor":11,"key":"SpeedPotion"},{"floor":14,"key":"Regen Potion"},{"floor":16,"key":"Fire Potion"},{"floor":18,"key":"DistilledChaos"}],"is_trial":false,"path_per_floor":["M","$","M","?","M","R","E","R","T","M","M","?","R","M","R","B",null,"M","M","?","?","M"],"character_chosen":"DEFECT","items_purchased":["Gash","Beam Cell"],"campfire_rested":1,"item_purchase_floors":[2,2],"current_hp_per_floor":[62,62,67,67,71,71,53,53,53,45,39,39,62,63,63,12,62,43,26,26,26,0,0],"gold":371,"neow_bonus":"TRANSFORM_CARD","is_daily":false,"chose_seed":false,"campfire_upgraded":3,"win_rate":0.0,"timestamp":1608762845,"path_taken":["M","$","M","?","M","R","E","R","T","?","M","?","R","M","R","BOSS","M","M","?","?","?"],"items_purchased_type":["Card","Card"],"build_version":"2020-12-22","purchased_purges":0,"victory":false,"max_hp_per_floor":[71,71,71,71,71,71,78,78,78,78,78,78,78,78,78,78,78,78,78,78,78,78,78],"card_choices":[{"not_picked":["Rip and Tear","Rebound"],"picked":"Self Repair","floor":1},{"not_picked":["Redo","Coolheaded"],"picked":"Gash","floor":3},{"not_picked":["Skim","Force Field"],"picked":"Gash","floor":5},{"not_picked":["Fusion","Self Repair"],"picked":"Hologram","floor":7},{"not_picked":["Blizzard","Static Discharge"],"picked":"Streamline","floor":10},{"not_picked":["Streamline","Beam Cell"],"picked":"Skim","floor":11},{"not_picked":["Compile Driver","Electrodynamics"],"picked":"Scrape","floor":14},{"not_picked":["Machine Learning","Creative AI"],"picked":"Electrodynamics","floor":16},{"not_picked":["Undo","Conserve Battery"],"picked":"Rebound","floor":18},{"not_picked":["Heatsinks","Hologram"],"picked":"Self Repair","floor":19}],"player_experience":1299146,"relics_obtained":[{"floor":7,"key":"Strawberry"},{"floor":9,"key":"MawBank"}],"event_choices":[{"damage_healed":0,"gold_gain":0,"player_choice":"Trade","damage_taken":0,"relics_obtained":["GremlinMask"],"max_hp_gain":0,"max_hp_loss":0,"event_name":"FaceTrader","floor":4,"gold_loss":0},{"damage_healed":0,"gold_gain":0,"player_choice":"Take Wound","damage_taken":0,"relics_obtained":["Golden Idol"],"max_hp_gain":0,"max_hp_loss":0,"event_name":"Golden Idol","floor":12,"gold_loss":0,"cards_obtained":["Injury"]},{"damage_healed":0,"gold_gain":0,"player_choice":"Obtained Relic","damage_taken":0,"relics_obtained":["Toxic Egg 2"],"max_hp_gain":0,"max_hp_loss":0,"event_name":"Addict","floor":20,"gold_loss":85},{"damage_healed":0,"gold_gain":0,"player_choice":"Opened","damage_taken":0,"relics_obtained":["Matryoshka"],"max_hp_gain":0,"max_hp_loss":0,"event_name":"The Mausoleum","floor":21,"gold_loss":0,"cards_obtained":["Writhe"]}],"is_beta":false,"boss_relics":[{"not_picked":["Nuclear Battery","Runic Pyramid"],"picked":"FrozenCore"}],"items_purged_floors":[],"is_endless":false,"potions_floor_spawned":[1,10,11,14,16,18],"killed_by":"Snecko","ascension_level":19}}