{"host":"30jsp143e4v19aze","time":1608739380,"event":{"mods":["BaseMod","Colored Map","Colored Powertips","Curses Come First","DeckTracker","Highlight Path","Minty Spire (QoL Compilation)","Quick Restart","Relic Stats","StSLib"],"gold_per_floor":[114,126,140,140,157,157,191,191,191,217,217,237,237,254,254,353,353,372,372,385,51,68,96,96,96],"floor_reached":24,"playtime":936,"items_purged":["Writhe"],"score":361,"play_id":"2fdc1e71-47cd-4637-bdcf-973c87854239","local_time":"20201223170300","is_ascension_mode":true,"campfire_choices":[{"floor":6,"key":"REST"},{"floor":8,"key":"REST"},{"floor":13,"key":"REST"},{"data":"Tempest","floor":15,"key":"SMITH"}],"circlet_count":0,"master_deck":["Strike_B","Strike_B","Strike_B","Defend_B","Defend_B","Defend_B","Defend_B","Zap","Dualcast","Cold Snap","Rebound","Sweeping Beam","Thunder Strike","Tempest+1","White Noise","Rainbow","Defragment+1","Defragment+1","Storm+1","Seek"],"relics":["Cracked Core","Lizard Tail","Gremlin Horn","Pantograph","Pocketwatch","Runic Pyramid","Question Card","Mummified Hand","Dead Branch"],"acts_visited":["Exordium","TheCity"],"potions_floor_usage":[16,20,22,22,23],"damage_taken":[{"damage":4,"enemies":"Jaw Worm","floor":1,"turns":3},{"damage":0,"enemies":"Cultist","floor":2,"turns":3},{"damage":10,"enemies":"Small Slimes","floor":3,"turns":3},{"damage":11,"enemies":"Exordium Wildlife","floor":5,"turns":4},{"damage":40,"enemies":"Lagavulin","floor":7,"turns":8},{"damage":44,"enemies":"Gremlin Nob","floor":10,"turns":5},{"damage":19,"enemies":"Large Slime","floor":12,"turns":5},{"damage":6,"enemies":"Blue Slaver","floor":14,"turns":4},{"damage":0,"enemies":"Slime Boss","floor":16,"turns":5},{"damage":30,"enemies":"2 Thieves","floor":18,"turns":4},{"damage":19,"enemies":"Shell Parasite","floor":20,"turns":6},{"damage":14,"enemies":"Snake Plant","floor":22,"turns":4},{"damage":10,"enemies":"Gremlin Leader","floor":23,"turns":4},{"damage":12,"enemies":"3 Cultists","floor":24,"turns":2}],"seed_played":"2678902272381228789","potions_obtained":[{"floor":5,"key":"BlessingOfTheForge"},{"floor":10,"key":"DistilledChaos"},{"floor":14,"key":"ColorlessPotion"},{"floor":16,"key":"Regen Potion"},{"floor":20,"key":"Block Potion"},{"floor":22,"key":"Ancient Potion"}],"is_trial":false,"path_per_floor":["M","M","M","?","M","R","E","R","T","E","?","M","R","M","R","B",null,"M","?","M","$","M","E","M"],"character_chosen":"DEFECT","items_purchased":["Mummified Hand"],"campfire_rested":3,"item_purchase_floors":[21],"current_hp_per_floor":[46,46,36,36,25,47,7,29,29,37,25,6,28,22,22,47,68,38,38,34,34,20,10,0,0],"gold":96,"neow_bonus":"ONE_RARE_RELIC","is_daily":false,"chose_seed":false,"campfire_upgraded":1,"win_rate":0.0,"timestamp":1608739380,"path_taken":["M","M","M","?","?","R","E","R","T","E","?","M","R","M","R","BOSS","M","?","M","$","M","E","M"],"items_purchased_type":["Relic"],"build_version":"2020-12-22","purchased_purges":1,"victory":false,"max_hp_per_floor":[75,75,75,75,75,75,75,75,75,75,75,75,75,75,75,75,75,75,75,75,75,75,75,75,75],"relic_stats":{"Lizard Tail":37,"Gremlin Horn":[6,6],"counters":[14,60],"Mummified Hand":[11],"Pantograph":25,"Dead Branch":[3],"Question Card":3,"obtain_stats":[{"Lizard Tail":0,"Gremlin Horn":7,"Mummified Hand":21,"Pantograph":10,"Dead Branch":23,"Cracked Core":0,"Question Card":19,"Pocketwatch":11,"Runic Pyramid":17},{"Lizard Tail":0,"Gremlin Horn":5,"Mummified Hand":11,"Pantograph":6,"Dead Branch":13,"Cracked Core":0,"Question Card":10,"Pocketwatch":6,"Runic Pyramid":9},{"Lizard Tail":0,"Gremlin Horn":21,"Mummified Hand":50,"Pantograph":26,"Dead Branch":58,"Cracked Core":0,"Question Card":44,"Pocketwatch":26,"Runic Pyramid":40}],"Pocketwatch":[33]},"card_choices":[{"not_picked":["Leap","Turbo"],"picked":"Cold Snap","floor":1},{"not_picked":["Redo","Reprogram"],"picked":"Rebound","floor":2},{"not_picked":["Compile Driver","Conserve Battery"],"picked":"Sweeping Beam","floor":3},{"not_picked":["Reprogram","Sweeping Beam","Stack"],"picked":"SKIP","floor":5},{"not_picked":["Stack","Ball Lightning"],"picked":"Thunder Strike","floor":7},{"not_picked":["Leap","Go for the Eyes","Coolheaded"],"picked":"SKIP","floor":10},{"not_picked":["Loop","Conserve Battery"],"picked":"Tempest","floor":12},{"not_picked":["Streamline","Consume"],"picked":"White Noise","floor":14},{"not_picked":["Fission","Seek"],"picked":"Rainbow","floor":16},{"not_picked":["Force Field+1","Consume"],"picked":"Defragment+1","floor":18},{"not_picked":["Genetic Algorithm","Tempest","Undo"],"picked":"Defragment+1","floor":20},{"not_picked":["Scrape","Gash","Hologram"],"picked":"Storm+1","floor":22},{"not_picked":["Reprogram","Sweeping Beam+1","Recycle"],"picked":"Seek","floor":23}],"player_experience":3099407,"relics_obtained":[{"floor":7,"key":"Gremlin Horn"},{"floor":10,"key":"Pantograph"},{"floor":23,"key":"Dead Branch"}],"event_choices":[{"cards_removed":["Strike_B"],"damage_healed":0,"gold_gain":0,"player_choice":"Purged","damage_taken":0,"max_hp_gain":0,"max_hp_loss":0,"event_name":"Purifier","floor":4,"gold_loss":0},{"damage_healed":0,"gold_gain":0,"player_choice":"Success","damage_taken":12,"relics_obtained":["Pocketwatch"],"max_hp_gain":0,"max_hp_loss":0,"event_name":"Scrap Ooze","floor":11,"gold_loss":0},{"damage_healed":0,"gold_gain":0,"player_choice":"Opened","damage_taken":0,"relics_obtained":["Question Card"],"max_hp_gain":0,"max_hp_loss":0,"event_name":"The Mausoleum","floor":19,"gold_loss":0,"cards_obtained":["Writhe"]}],"is_beta":false,"boss_relics":[{"not_picked":["Pandora\u0027s Box","Busted Crown"],"picked":"Runic Pyramid"}],"items_purged_floors":[21],"is_endless":false,"potions_floor_spawned":[5,10,14,16,20,22],"killed_by":"3 Cultists","ascension_level":6}}