{"host":"porgtwlvhh3hs75v","time":1608723500,"event":{"mods":["ATMod(°¢èªMod)","Act Like it!","BaseMod","GifTheSpireLib","Minty Spire (QoL Compilation)","Replay The Spire","StSLib","The Cursed","The Servant 0.9.4"],"gold_per_floor":[118,134,154,164,181,181,207,282,282,34,45,60,60,91,91,169,169,186,186,211,211,231,262,262,262,262,262,187,205,237,137,137,208,208,225,53,67,80,134,163,174,208,208,208,228,260,272,302,302,302,302,302,302,5,33,33],"floor_reached":57,"playtime":3157,"items_purged":["Bash","ReplayTheSpireMod:Strike From Hell","Strike_R+1"],"score":3069,"play_id":"dea85bb0-f524-4d17-9e57-94800a985f00","local_time":"20201223193820","is_ascension_mode":true,"campfire_choices":[{"data":"Armaments","floor":6.0,"key":"SMITH"},{"data":"Corruption","floor":13.0,"key":"SMITH"},{"data":"Feel No Pain","floor":15.0,"key":"SMITH"},{"data":"Burning Pact","floor":25.0,"key":"SMITH"},{"data":"AT_BodySlamDance","floor":27.0,"key":"SMITH"},{"data":"Seeing Red","floor":32.0,"key":"SMITH"},{"floor":49,"key":"RECALL"},{"data":"Exhume","floor":53,"key":"SMITH"}],"circlet_count":0,"master_deck":["AscendersBane","Defend_R","Defend_R","Defend_R","Defend_R","Entrench","Feel No Pain+1","AT_FamilyPortrait","AT_BodySlamDance+1","Dark Embrace","Armaments+1","Corruption+1","AT_DiedThrough","Burning Pact+1","Carnage","Seeing Red+1","AT_CaressingTears","Demonic Infusion","Shrug It Off","Defy Death","Sentinel+1","AT_CaressingTears","Exhume+1","Warcry+1","Shrug It Off+1","Warcry+1","Feel No Pain+1","Second Wind+1","Abandon","Impervious","Seeing Red"],"relics":["Burning Blood","AT_ATBox","Dead Branch","Shuriken","Medical Kit","Happy Flower","Mark of Pain","Bag of Preparation","Prayer Wheel","Question Card","Mercury Hourglass","Painkiller Herb","Blue Doll","AT_Manta","Bottled Tornado","Singing Bowl","MealTicket","ReplayTheSpireMod:Spearhead","Oddly Smooth Stone","Blood Vial"],"acts_visited":["Exordium","TheCity","TheBeyond","TheEnding"],"potions_floor_usage":[56,56,56,56],"damage_taken":[{"damage":5.0,"enemies":"2 Louse","floor":1.0,"turns":8.0},{"damage":1.0,"enemies":"Jaw Worm","floor":2.0,"turns":4.0},{"damage":1.0,"enemies":"Small Slimes","floor":3.0,"turns":5.0},{"damage":4.0,"enemies":"Looter","floor":4.0,"turns":4.0},{"damage":8.0,"enemies":"Blue Slaver","floor":5.0,"turns":4.0},{"damage":1.0,"enemies":"Gremlin Nob","floor":7.0,"turns":3.0},{"damage":17.0,"enemies":"Gremlin Gang","floor":11.0,"turns":3.0},{"damage":6.0,"enemies":"Exordium Wildlife","floor":12.0,"turns":4.0},{"damage":20.0,"enemies":"3 Sentries","floor":14.0,"turns":4.0},{"damage":2.0,"enemies":"Hexaghost","floor":16.0,"turns":6.0},{"damage":0.0,"enemies":"Chosen","floor":18.0,"turns":3.0},{"damage":3.0,"enemies":"Shell Parasite","floor":22.0,"turns":2.0},{"damage":0.0,"enemies":"Slavers","floor":23.0,"turns":1.0},{"damage":0.0,"enemies":"3 Cultists","floor":29.0,"turns":1.0},{"damage":4.0,"enemies":"Book of Stabbing","floor":30.0,"turns":3.0},{"damage":0.0,"enemies":"Automaton","floor":33.0,"turns":2.0},{"damage":0.0,"enemies":"3 Darklings","floor":35.0,"turns":1.0},{"damage":0.0,"enemies":"Orb Walker","floor":37.0,"turns":1.0},{"damage":0.0,"enemies":"Maw","floor":38.0,"turns":2.0},{"damage":0.0,"enemies":"2 Orb Walkers","floor":39.0,"turns":3.0},{"damage":0.0,"enemies":"Giant Head","floor":40.0,"turns":1.0},{"damage":0.0,"enemies":"Writhing Mass","floor":41.0,"turns":1.0},{"damage":0.0,"enemies":"Nemesis","floor":42.0,"turns":1.0},{"damage":0.0,"enemies":"3 Darklings","floor":45.0,"turns":1.0},{"damage":0.0,"enemies":"R_Hoarder","floor":46.0,"turns":3.0},{"damage":0.0,"enemies":"Transient","floor":47.0,"turns":2.0},{"damage":0,"enemies":"Reptomancer","floor":48,"turns":1},{"damage":0,"enemies":"Donu and Deca","floor":50,"turns":3},{"damage":1,"enemies":"Replay:Hell Engine","floor":51,"turns":2},{"damage":0,"enemies":"Shield and Spear","floor":55,"turns":1},{"damage":0,"enemies":"The Heart","floor":56,"turns":4}],"seed_played":"-3599776698139138884","potions_obtained":[{"floor":3.0,"key":"Explosive Potion"},{"floor":5.0,"key":"Cursed Concoction"},{"floor":7.0,"key":"Dexterity Potion"},{"floor":11.0,"key":"Elixir"},{"floor":39.0,"key":"EntropicBrew"},{"floor":40.0,"key":"LifebloodPotion"}],"is_trial":false,"path_per_floor":["M","M","M","M","M","R","E","?","T","$","M","M","R","E","R","B",null,"M","?","T","?","M","E","?","R","T","R","$","M","E","$","R","B",null,"?","T","?","?","?","E","?","E","T","?","?","E","?","E","T","B","B",null,"T","T","E","B",null],"character_chosen":"IRONCLAD","items_purchased":["Medical Kit","Burning Pact","Blue Doll","Oddly Smooth Stone"],"campfire_rested":0,"item_purchase_floors":[10,10,36,54],"current_hp_per_floor":[68,68,68,68,66,66,68,57,57,57,46,46,46,32,32,44,62,68,68,68,68,68,68,68,68,68,68,68,68,68,68,68,68,68,68,68,68,68,68,68,68,70,70,70,74,76,80,82,82,82,82,82,82,82,84,84],"gold":33,"neow_bonus":"TRANSFORM_TWO_CARDS","is_daily":false,"chose_seed":false,"campfire_upgraded":7,"win_rate":0.0,"timestamp":1608723500,"path_taken":["M","M","M","M","M","R","E","?","T","$","M","M","R","E","R","BOSS","M","?","?","?","M","E","?","R","T","R","$","M","E","$","R","BOSS","?","T","?","?","?","E","?","E","T","?","?","E","?","E","T","BOSS","BOSS","T","T","E","BOSS"],"items_purchased_type":["Relic","Card","Relic","Relic"],"build_version":"2020-12-22","purchased_purges":3,"victory":true,"max_hp_per_floor":[68,68,68,68,68,68,68,68,68,68,68,68,68,68,68,68,68,68,68,68,68,68,68,68,68,68,68,68,68,68,68,68,68,68,68,68,68,68,68,68,68,70,70,70,74,76,80,82,82,82,82,82,82,82,84,84],"card_choices":[{"not_picked":["ReplayTheSpireMod:Strike From Hell","Flex"],"picked":"AT_BodySlamDance","floor":1.0},{"not_picked":["Warcry","True Grit","Clash"],"picked":"SKIP","floor":2.0},{"not_picked":["Run Through","Twin Strike"],"picked":"Dark Embrace","floor":3.0},{"not_picked":["Flex","Rupture"],"picked":"Armaments","floor":4.0},{"not_picked":["ReplayTheSpireMod:Stacked","Sword Boomerang"],"picked":"Corruption","floor":5.0},{"not_picked":["Armaments","Ghostly Armor"],"picked":"AT_DiedThrough","floor":7.0},{"not_picked":["Clash","Hemokinesis"],"picked":"Carnage","floor":11.0},{"not_picked":["Armaments","AT_GerminateFire"],"picked":"Seeing Red","floor":12.0},{"not_picked":["Replay:Undeath\u0027s Touch","AT_BodySlamDance"],"picked":"AT_CaressingTears","floor":14.0},{"not_picked":["Double Tap","Brutality"],"picked":"Demonic Infusion","floor":16.0},{"not_picked":["ReplayTheSpireMod:Muscle Training","Clash+1","ReplayTheSpireMod:Strike From Hell"],"picked":"SKIP","floor":18.0},{"not_picked":["Anger","Pommel Strike"],"picked":"Shrug It Off","floor":22.0},{"not_picked":["Clash","Rampage","Wild Strike"],"picked":"SKIP","floor":23.0},{"not_picked":["Perfected Strike","Replay:Undeath\u0027s Touch","Twin Strike"],"picked":"Sentinel+1","floor":29.0},{"not_picked":["Evolve","Sword Boomerang","Cleave"],"picked":"AT_CaressingTears","floor":29.0},{"not_picked":["Combust","Sword Boomerang","Defy Death","Clothesline"],"picked":"SKIP","floor":30.0},{"not_picked":["Immolate","Hemogenesis","Demonic Infusion"],"picked":"Exhume","floor":33.0},{"not_picked":["Power Through","Perfected Strike","Replay:Undeath\u0027s Touch"],"picked":"Warcry+1","floor":35.0},{"not_picked":["Entrench","Seeing Red","Anger"],"picked":"Shrug It Off+1","floor":35.0},{"not_picked":["Body Slam+1","Dual Wield","AT_DrawKnifeCut"],"picked":"Warcry+1","floor":37.0},{"not_picked":["Life Link+1","Havoc+1","Hemokinesis"],"picked":"Feel No Pain+1","floor":37.0},{"not_picked":["Replay:Undeath\u0027s Touch","Clothesline","Hemokinesis"],"picked":"Second Wind+1","floor":38.0},{"not_picked":["Cleave","Defy Death","Abandon","True Grit"],"picked":"SKIP","floor":38.0},{"not_picked":["Cleave","Defy Death","True Grit"],"picked":"Abandon","floor":38.0},{"not_picked":["Thunderclap","Body Slam","AT_BodySlamDance"],"picked":"Impervious","floor":39.0},{"not_picked":["Rupture","Havoc","Bludgeon","Carnage+1"],"picked":"SKIP","floor":40.0},{"not_picked":["Shrug It Off+1","AT_DiedThrough","ReplayReversal"],"picked":"Seeing Red","floor":41.0},{"not_picked":["Clash+1","Run Through+1","Life Link+1","True Grit"],"picked":"SKIP","floor":41.0},{"not_picked":["Power Through","Warcry","Reaper","Life Link"],"picked":"Singing Bowl","floor":42.0},{"not_picked":["Rupture+1","Warcry","Shrug It Off+1","Rampage"],"picked":"Singing Bowl","floor":45.0},{"not_picked":["Cleave","Wild Strike","Infernal Blade+1","Anger"],"picked":"Singing Bowl","floor":45.0},{"not_picked":["Body Slam+1","Rampage","Pommel Strike","Blood for Blood"],"picked":"Singing Bowl","floor":46.0},{"not_picked":["Havoc","Wild Strike+1","Rampage","ReplayReversal"],"picked":"Singing Bowl","floor":47},{"not_picked":["Pommel Strike","Clash","Battle Trance","Headbutt+1"],"picked":"Singing Bowl","floor":47},{"not_picked":["Infernal Blade","Warcry+1","Iron Wave","Rupture"],"picked":"Singing Bowl","floor":48},{"not_picked":["Anger+1","Pommel Strike","Carnage","Heavy Blade"],"picked":"Singing Bowl","floor":55}],"player_experience":524566,"relics_obtained":[{"floor":7.0,"key":"Dead Branch"},{"floor":9.0,"key":"Shuriken"},{"floor":14.0,"key":"Happy Flower"},{"floor":20.0,"key":"Bag of Preparation"},{"floor":23.0,"key":"Prayer Wheel"},{"floor":26.0,"key":"Question Card"},{"floor":30.0,"key":"Mercury Hourglass"},{"floor":39.0,"key":"AT_Manta"},{"floor":40.0,"key":"Bottled Tornado"},{"floor":42.0,"key":"Singing Bowl"},{"floor":46.0,"key":"MealTicket"},{"floor":48,"key":"ReplayTheSpireMod:Spearhead"},{"floor":55,"key":"Blood Vial"}],"event_choices":[{"damage_healed":0.0,"max_hp_gain":0.0,"max_hp_loss":0.0,"gold_gain":75.0,"event_name":"World of Goop","player_choice":"Gather Gold","floor":8.0,"gold_loss":0.0,"damage_taken":11.0},{"damage_healed":0.0,"max_hp_gain":0.0,"max_hp_loss":0.0,"gold_gain":0.0,"event_name":"Ghosts","player_choice":"Ignored","floor":21.0,"gold_loss":0.0,"damage_taken":0.0},{"damage_healed":0.0,"max_hp_gain":0.0,"max_hp_loss":0.0,"gold_gain":0.0,"cards_transformed":["Strike_R","Strike_R"],"event_name":"Drug Dealer","player_choice":"Became Test Subject","floor":24.0,"gold_loss":0.0,"damage_taken":0.0,"cards_obtained":["Defy Death","ReplayTheSpireMod:Strike From Hell"]},{"damage_healed":0.0,"max_hp_gain":0.0,"max_hp_loss":0.0,"gold_gain":0.0,"event_name":"Mysterious Sphere","player_choice":"Fight","floor":39.0,"gold_loss":0.0,"damage_taken":0.0},{"damage_healed":0.0,"max_hp_gain":0.0,"max_hp_loss":0.0,"gold_gain":0.0,"event_name":"Tomb of Lord Red Mask","player_choice":"Ignored","floor":44.0,"gold_loss":0.0,"damage_taken":0.0}],"is_beta":false,"boss_relics":[{"not_picked":["Replay:Wanted Poster","Kintsugi"],"picked":"Mark of Pain"},{"not_picked":["Replay:Drink Me","Velvet Choker"],"picked":"Painkiller Herb"}],"items_purged_floors":[28,31,54],"is_endless":false,"potions_floor_spawned":[3,5,7,11,22,30,33,39,40,42,47],"ascension_level":20}}