{"host":"w4b7hmige5bnqipq","time":1608690053,"event":{"mods":["BaseMod","Minty Spire (QoL Compilation)","Rare Cards Sparkle","SuperFastMode","everything is the same but u backflip on backflip","slay the spire mod where everything is the same but ironclad has a cowboy hat"],"gold_per_floor":[15,15,15,34,54,81,81,115,115,142,142,169,180,180,180,258,258,268,32,32,52,72,107,107,137,207,107,141,56,66,22,22,93,93,108,124,124,135,146,174,174,185,231,231,260,135,183,183,183,183,183,183,33,65,65],"floor_reached":56,"playtime":2208,"items_purged":["Strike_R","Strike_R","Strike_R","Strike_R"],"score":2511,"play_id":"18100a87-cf7e-44e3-a387-c8fa2064f874","local_time":"20201223112053","is_ascension_mode":true,"campfire_choices":[{"data":"Blood for Blood","floor":7.0,"key":"SMITH"},{"data":"Offering","floor":11.0,"key":"SMITH"},{"data":"Pommel Strike","floor":15.0,"key":"SMITH"},{"data":"Exhume","floor":24.0,"key":"SMITH"},{"floor":32.0,"key":"REST"},{"data":"Evolve","floor":41.0,"key":"SMITH"},{"floor":44,"key":"RECALL"},{"data":"Juggernaut","floor":49,"key":"SMITH"},{"data":"Second Wind","floor":52,"key":"SMITH"}],"circlet_count":0,"master_deck":["AscendersBane","Strike_R","Defend_R","Defend_R+1","Defend_R+1","Defend_R","Blood for Blood+1","Evolve+1","Power Through","Offering+1","Second Wind+1","Pommel Strike+1","Juggernaut+1","Uppercut+1","Exhume+1","Dropkick+1","Feel No Pain","Fiend Fire+1","Body Slam+1"],"relics":["Burning Blood","Dead Branch","War Paint","Thread and Needle","Red Skull","Champion Belt","Nunchaku","Cursed Key","Omamori","Bag of Marbles","Oddly Smooth Stone","Molten Egg 2","Incense Burner","Eternal Feather","Mark of Pain","Question Card","Ancient Tea Set","Pocketwatch","Ginger","Toy Ornithopter"],"acts_visited":["Exordium","TheCity","TheBeyond","TheEnding"],"potions_floor_usage":[47,54,55,55],"damage_taken":[{"damage":13.0,"enemies":"Jaw Worm","floor":1.0,"turns":2.0},{"damage":0.0,"enemies":"Cultist","floor":4.0,"turns":4.0},{"damage":8.0,"enemies":"Small Slimes","floor":5.0,"turns":3.0},{"damage":44.0,"enemies":"Lagavulin","floor":6.0,"turns":8.0},{"damage":13.0,"enemies":"Gremlin Nob","floor":8.0,"turns":4.0},{"damage":6.0,"enemies":"Lagavulin","floor":10.0,"turns":3.0},{"damage":6.0,"enemies":"Gremlin Nob","floor":12.0,"turns":3.0},{"damage":7.0,"enemies":"Blue Slaver","floor":13.0,"turns":2.0},{"damage":24.0,"enemies":"Hexaghost","floor":16.0,"turns":10.0},{"damage":11.0,"enemies":"2 Thieves","floor":18.0,"turns":3.0},{"damage":9.0,"enemies":"Chosen","floor":21.0,"turns":2.0},{"damage":6.0,"enemies":"Snake Plant","floor":22.0,"turns":2.0},{"damage":35.0,"enemies":"Slavers","floor":23.0,"turns":4.0},{"damage":6.0,"enemies":"Gremlin Leader","floor":25.0,"turns":11.0},{"damage":9.0,"enemies":"Book of Stabbing","floor":28.0,"turns":3.0},{"damage":12.0,"enemies":"Sentry and Sphere","floor":30.0,"turns":3.0},{"damage":24.0,"enemies":"Collector","floor":33.0,"turns":7.0},{"damage":2.0,"enemies":"3 Shapes","floor":35.0,"turns":3.0},{"damage":6.0,"enemies":"3 Darklings","floor":36.0,"turns":4.0},{"damage":1.0,"enemies":"Spire Growth","floor":38.0,"turns":2.0},{"damage":9.0,"enemies":"Maw","floor":39.0,"turns":5.0},{"damage":6.0,"enemies":"Giant Head","floor":40.0,"turns":4.0},{"damage":11,"enemies":"Writhing Mass","floor":42,"turns":3},{"damage":2,"enemies":"Nemesis","floor":45,"turns":6},{"damage":9,"enemies":"2 Orb Walkers","floor":47,"turns":2},{"damage":14,"enemies":"Awakened One","floor":50,"turns":8},{"damage":7,"enemies":"Shield and Spear","floor":54,"turns":3},{"damage":30,"enemies":"The Heart","floor":55,"turns":4}],"seed_played":"-5227886781443643414","potions_obtained":[{"floor":4.0,"key":"EntropicBrew"},{"floor":5.0,"key":"BloodPotion"},{"floor":8.0,"key":"Fruit Juice"},{"floor":18.0,"key":"PowerPotion"},{"floor":22.0,"key":"Energy Potion"},{"floor":23.0,"key":"Energy Potion"},{"floor":33.0,"key":"LiquidMemories"},{"floor":38.0,"key":"Weak Potion"},{"floor":40.0,"key":"Fire Potion"},{"floor":42,"key":"AttackPotion"},{"floor":47,"key":"ElixirPotion"},{"floor":54,"key":"DuplicationPotion"}],"is_trial":false,"path_per_floor":["M","?","$","M","M","E","R","E","T","E","R","E","M","?","R","B",null,"M","$","?","M","M","E","R","E","T","$","E","?","M","$","R","B",null,"M","M","?","M","M","E","R","M","T","R","E","$","?","?","R","B",null,"R","$","E","B",null],"character_chosen":"IRONCLAD","items_purchased":["Omamori","Feel No Pain"],"campfire_rested":1,"item_purchase_floors":[19,31],"current_hp_per_floor":[61,61,61,67,65,27,27,35,35,40,40,40,39,39,39,21,65,60,60,60,57,57,28,28,28,28,28,25,25,19,19,55,37,69,73,73,73,78,75,75,80,75,75,80,80,80,77,77,80,72,78,80,80,79,64],"gold":65,"neow_bonus":"ONE_RARE_RELIC","is_daily":false,"chose_seed":false,"campfire_upgraded":7,"win_rate":0.0,"timestamp":1608690053,"path_taken":["M","?","?","M","M","E","R","E","T","E","R","E","M","?","R","BOSS","M","$","?","M","M","E","R","E","T","$","E","?","M","?","R","BOSS","M","M","?","M","?","E","R","?","T","R","E","$","?","?","R","BOSS","R","$","E","BOSS"],"items_purchased_type":["Relic","Card"],"build_version":"2020-12-13","purchased_purges":4,"victory":true,"max_hp_per_floor":[75,75,75,75,75,75,75,75,75,80,80,80,80,80,80,80,80,80,80,80,80,80,80,80,80,80,80,80,80,80,80,80,80,80,80,80,80,80,80,80,80,80,80,80,80,80,80,80,80,80,80,80,80,80,80],"card_choices":[{"not_picked":["True Grit","Searing Blow"],"picked":"Havoc","floor":1.0},{"not_picked":["Shrug It Off","Flex"],"picked":"Blood for Blood","floor":4.0},{"not_picked":["Hemokinesis","Anger"],"picked":"Evolve","floor":5.0},{"not_picked":["Burning Pact","Hemokinesis"],"picked":"Power Through","floor":6.0},{"not_picked":["Havoc","Blood for Blood"],"picked":"Offering","floor":8.0},{"not_picked":["Iron Wave","Warcry"],"picked":"Second Wind","floor":10.0},{"not_picked":["Flame Barrier","Sword Boomerang"],"picked":"Pommel Strike","floor":12.0},{"not_picked":["Second Wind","Warcry","Havoc"],"picked":"SKIP","floor":13.0},{"not_picked":["Reaper","Immolate"],"picked":"Juggernaut","floor":16.0},{"not_picked":["Clothesline","Thunderclap"],"picked":"Uppercut+1","floor":18.0},{"not_picked":["Rupture","Armaments","Havoc"],"picked":"SKIP","floor":21.0},{"not_picked":["Clothesline+1","Rage+1","Iron Wave"],"picked":"SKIP","floor":22.0},{"not_picked":["Metallicize","Anger"],"picked":"Exhume","floor":23.0},{"not_picked":["Flex","Perfected Strike+1","Sever Soul+1"],"picked":"SKIP","floor":25.0},{"not_picked":["Evolve","Intimidate","True Grit"],"picked":"SKIP","floor":28.0},{"not_picked":["Metallicize","Cleave+1"],"picked":"Dropkick+1","floor":30.0},{"not_picked":["Berserk","Bludgeon+1"],"picked":"Fiend Fire+1","floor":33.0},{"not_picked":["Perfected Strike+1","Pommel Strike+1","Rampage+1"],"picked":"SKIP","floor":35.0},{"not_picked":["Dual Wield","Perfected Strike+1","Heavy Blade+1"],"picked":"SKIP","floor":36.0},{"not_picked":["Sword Boomerang+1","Clash+1","Anger+1"],"picked":"SKIP","floor":38.0},{"not_picked":["Reckless Charge+1","Iron Wave+1"],"picked":"Body Slam+1","floor":39.0},{"not_picked":["Flex+1","Reaper+1","Evolve"],"picked":"SKIP","floor":40.0},{"not_picked":["Twin Strike+1","Heavy Blade+1","Metallicize","Pommel Strike+1"],"picked":"SKIP","floor":42},{"not_picked":["Uppercut+1","Armaments","Pommel Strike+1","Sword Boomerang+1"],"picked":"SKIP","floor":45},{"not_picked":["Clothesline+1","Twin Strike+1","Uppercut+1","Sword Boomerang+1"],"picked":"SKIP","floor":54}],"player_experience":416690,"relics_obtained":[{"floor":6.0,"key":"Thread and Needle"},{"floor":8.0,"key":"Red Skull"},{"floor":10.0,"key":"Champion Belt"},{"floor":12.0,"key":"Nunchaku"},{"floor":23.0,"key":"Bag of Marbles"},{"floor":25.0,"key":"Oddly Smooth Stone"},{"floor":26.0,"key":"Molten Egg 2"},{"floor":28.0,"key":"Incense Burner"},{"floor":40.0,"key":"Question Card"},{"floor":43,"key":"Ancient Tea Set"},{"floor":45,"key":"Pocketwatch"},{"floor":47,"key":"Ginger"},{"floor":54,"key":"Toy Ornithopter"}],"event_choices":[{"cards_removed":["Havoc"],"damage_healed":0.0,"max_hp_gain":0.0,"max_hp_loss":0.0,"gold_gain":0.0,"event_name":"WeMeetAgain","player_choice":"Gave Card","floor":2.0,"gold_loss":0.0,"damage_taken":0.0,"relics_obtained":["War Paint"]},{"damage_healed":0.0,"max_hp_gain":0.0,"max_hp_loss":0.0,"gold_gain":0.0,"event_name":"Scrap Ooze","player_choice":"Fled","floor":14.0,"gold_loss":0.0,"damage_taken":0.0},{"damage_healed":0.0,"max_hp_gain":0.0,"max_hp_loss":0.0,"gold_gain":0.0,"event_name":"Ghosts","player_choice":"Ignored","floor":20.0,"gold_loss":0.0,"damage_taken":0.0},{"damage_healed":0.0,"max_hp_gain":0.0,"max_hp_loss":0.0,"gold_gain":0.0,"event_name":"Addict","player_choice":"Obtained Relic","floor":29.0,"gold_loss":85.0,"damage_taken":0.0,"relics_obtained":["Eternal Feather"]},{"damage_healed":0.0,"max_hp_gain":0.0,"max_hp_loss":0.0,"gold_gain":0.0,"event_name":"Match and Keep!","player_choice":"0 cards matched","floor":37.0,"gold_loss":0.0,"damage_taken":0.0,"cards_obtained":[]},{"damage_healed":0,"gold_gain":0,"player_choice":"Fight","damage_taken":0,"max_hp_gain":0,"max_hp_loss":0,"event_name":"Mysterious Sphere","floor":47,"gold_loss":0},{"cards_removed":["Bash"],"damage_healed":0,"gold_gain":0,"player_choice":"Removed Attack","damage_taken":0,"max_hp_gain":0,"max_hp_loss":0,"event_name":"Falling","floor":48,"gold_loss":0}],"is_beta":false,"boss_relics":[{"not_picked":["Fusion Hammer","Coffee Dripper"],"picked":"Cursed Key"},{"not_picked":["Empty Cage","Runic Pyramid"],"picked":"Mark of Pain"}],"items_purged_floors":[19,27,46,53],"is_endless":false,"potions_floor_spawned":[4,5,8,18,22,23,33,38,40,42,47,54],"ascension_level":17}}