{"host":"1a32ffxog1zcqoh0","time":1608725357,"event":{"mods":["BaseMod","Block Reminder","Colored Map","Colored Powertips","Googly Eyes","Minty Spire (QoL Compilation)","Quick Restart","Rare Cards Sparkle","Relic Stats","StSLib","Unceasing Turn Reminder","everything is the same but u backflip on backflip","slay the spire mod where everything is the same but ironclad has a cowboy hat"],"gold_per_floor":[115,65,83,258,26,59,77,112,136,151,151,171,182,182,182,277,277,288,92,92,92,102,132,132,132,132],"floor_reached":25,"playtime":859,"items_purged":["Doubt","Strike_G"],"score":320,"play_id":"cda4f322-cf8c-47bc-9873-dbb7e822aa31","local_time":"20201223070917","is_ascension_mode":true,"campfire_choices":[{"data":"Poisoned Stab","floor":11,"key":"SMITH"},{"data":"Calculated Gamble","floor":15,"key":"SMITH"},{"floor":24,"key":"REST"}],"circlet_count":0,"master_deck":["Strike_G","Strike_G","Strike_G","Defend_G","Defend_G","Defend_G","Defend_G","Defend_G","Survivor","Neutralize","Dagger Throw","Backflip","Slice","Riddle With Holes","Bane","Poisoned Stab+1","Calculated Gamble+1","Dagger Throw","Envenom","Catalyst","Blade Dance","Deflect","Writhe","Bane","Prepared"],"relics":["Ring of the Snake","NeowsBlessing","Bag of Marbles","Happy Flower","Snake Skull","Blood Vial","Sozu","Ornamental Fan","MutagenicStrength","Boot"],"acts_visited":["Exordium","TheCity"],"potions_floor_usage":[8,10,16,16,18],"damage_taken":[{"damage":0,"enemies":"Small Slimes","floor":1,"turns":1},{"damage":0,"enemies":"2 Louse","floor":3,"turns":1},{"damage":0,"enemies":"Gremlin Nob","floor":6,"turns":1},{"damage":0,"enemies":"Jaw Worm","floor":7,"turns":3},{"damage":2,"enemies":"3 Sentries","floor":8,"turns":2},{"damage":0,"enemies":"2 Fungi Beasts","floor":10,"turns":2},{"damage":18,"enemies":"Exordium Wildlife","floor":12,"turns":4},{"damage":0,"enemies":"Looter","floor":13,"turns":1},{"damage":36,"enemies":"Hexaghost","floor":16,"turns":8},{"damage":32,"enemies":"2 Thieves","floor":18,"turns":4},{"damage":12,"enemies":"3 Byrds","floor":22,"turns":4},{"damage":13,"enemies":"Slavers","floor":23,"turns":5},{"damage":36,"enemies":"Book of Stabbing","floor":25,"turns":5}],"seed_played":"-3816566525589071041","potions_obtained":[{"floor":1,"key":"ColorlessPotion"},{"floor":6,"key":"Fire Potion"},{"floor":7,"key":"FearPotion"},{"floor":10,"key":"Dexterity Potion"},{"floor":16,"key":"LiquidBronze"}],"is_trial":false,"path_per_floor":["M","?","M","?","$","E","M","E","T","M","R","M","M","?","R","B",null,"M","$","?","?","M","E","R","E"],"character_chosen":"THE_SILENT","items_purchased":["Bag of Marbles","Blade Dance","Deflect"],"campfire_rested":1,"item_purchase_floors":[5,19,19],"current_hp_per_floor":[70,70,70,70,70,70,70,68,68,70,70,52,54,59,59,25,63,33,33,33,33,23,12,34,0,0],"gold":132,"neow_bonus":"THREE_ENEMY_KILL","is_daily":false,"chose_seed":false,"campfire_upgraded":2,"win_rate":0.0,"timestamp":1608725357,"path_taken":["M","?","M","?","$","E","M","E","T","M","R","M","M","?","R","BOSS","M","$","?","?","M","E","R","E"],"items_purchased_type":["Relic","Card","Card"],"build_version":"2020-12-22","purchased_purges":2,"victory":false,"max_hp_per_floor":[70,70,70,70,70,70,70,70,70,70,70,70,70,75,75,75,75,75,75,75,75,75,75,75,75,75],"relic_stats":{"Blood Vial":14,"Sozu":1,"Happy Flower":[12],"counters":[13,41],"Ornamental Fan":[36],"Snake Skull":[36],"Boot":[0],"obtain_stats":[{"Blood Vial":9,"Sozu":17,"NeowsBlessing":0,"Happy Flower":6,"Ornamental Fan":20,"MutagenicStrength":21,"Snake Skull":8,"Bag of Marbles":5,"Boot":23,"Ring of the Snake":0},{"Blood Vial":5,"Sozu":9,"NeowsBlessing":0,"Happy Flower":3,"Ornamental Fan":10,"MutagenicStrength":10,"Snake Skull":5,"Bag of Marbles":2,"Boot":12,"Ring of the Snake":0},{"Blood Vial":8,"Sozu":23,"NeowsBlessing":0,"Happy Flower":3,"Ornamental Fan":27,"MutagenicStrength":27,"Snake Skull":8,"Bag of Marbles":2,"Boot":36,"Ring of the Snake":0}],"Ring of the Snake":[26]},"card_choices":[{"not_picked":["Deflect","Accuracy"],"picked":"Dagger Throw","floor":1},{"not_picked":["Leg Sweep","Slice"],"picked":"Backflip","floor":3},{"not_picked":["Concentrate","All Out Attack"],"picked":"Slice","floor":6},{"not_picked":["Catalyst","Leg Sweep"],"picked":"Riddle With Holes","floor":7},{"not_picked":["Dagger Spray","Prepared"],"picked":"Bane","floor":8},{"not_picked":["Infinite Blades","Quick Slash"],"picked":"Poisoned Stab","floor":10},{"not_picked":["Setup","Concentrate"],"picked":"Calculated Gamble","floor":12},{"not_picked":["Deflect","Outmaneuver"],"picked":"Dagger Throw","floor":13},{"not_picked":["A Thousand Cuts","Tools of the Trade"],"picked":"Envenom","floor":16},{"not_picked":["Flying Knee","Deflect"],"picked":"Catalyst","floor":18},{"not_picked":["Prepared","Flechettes"],"picked":"Bane","floor":22},{"not_picked":["Predator","Dagger Throw+1"],"picked":"Prepared","floor":23}],"player_experience":257577,"relics_obtained":[{"floor":6,"key":"Happy Flower"},{"floor":8,"key":"Snake Skull"},{"floor":9,"key":"Blood Vial"},{"floor":23,"key":"Boot"}],"event_choices":[{"cards_removed":["Strike_G"],"damage_healed":0,"gold_gain":0,"player_choice":"Card Removal","damage_taken":0,"max_hp_gain":0,"max_hp_loss":0,"event_name":"The Cleric","floor":2,"gold_loss":50},{"damage_healed":0,"gold_gain":175,"player_choice":"AGREE","damage_taken":0,"max_hp_gain":0,"max_hp_loss":0,"event_name":"Liars Game","floor":4,"gold_loss":0,"cards_obtained":["Doubt"]},{"damage_healed":0,"gold_gain":0,"player_choice":"Donut","damage_taken":0,"max_hp_gain":5,"max_hp_loss":0,"event_name":"Big Fish","floor":14,"gold_loss":0},{"damage_healed":0,"gold_gain":0,"player_choice":"Opened","damage_taken":0,"relics_obtained":["Ornamental Fan"],"max_hp_gain":0,"max_hp_loss":0,"event_name":"The Mausoleum","floor":20,"gold_loss":0,"cards_obtained":["Writhe"]},{"damage_healed":0,"gold_gain":0,"player_choice":"Inject Mutagens","damage_taken":0,"relics_obtained":["MutagenicStrength"],"max_hp_gain":0,"max_hp_loss":0,"event_name":"Drug Dealer","floor":21,"gold_loss":0}],"is_beta":false,"boss_relics":[{"not_picked":["SacredBark","SlaversCollar"],"picked":"Sozu"}],"items_purged_floors":[5,19],"is_endless":false,"potions_floor_spawned":[1,6,7,10,16,18],"killed_by":"Book of Stabbing","ascension_level":5}}