{"host":"kh6fvhxn285ncg0o","time":1608698369,"event":{"mods":["Act Like it!","BaseMod","Colored Map","Friendly Minions","Keyboard Shortcuts","Minty Spire (QoL Compilation)","Quick Restart","Relic Stats","StSLib","SuperFastMode"],"gold_per_floor":[112,132,54,54,104,134,134,147,170,200,215,248,267,267,267,338,338,350,350,29,48,48,48,64,90,90,118,130,163,163,174,174,245,245,256,256,267,267,319,333,343,370,370,370,402,402,430,449,449,449,449,449,449,1,26,26],"floor_reached":57,"playtime":7860,"items_purged":["Strike_R","Strike_R"],"score":3340,"play_id":"50e23c74-bb50-4759-9506-12558b1dd3f4","local_time":"20201223133929","is_ascension_mode":true,"campfire_choices":[{"data":"Fiend Fire","floor":7.0,"key":"SMITH"},{"data":"Bash","floor":15.0,"key":"SMITH"},{"data":"Evolve","floor":23.0,"key":"SMITH"},{"data":"Power Through","floor":30.0,"key":"SMITH"},{"data":"Barricade","floor":32.0,"key":"SMITH"},{"data":"Feel No Pain","floor":44.0,"key":"SMITH"},{"data":"Body Slam","floor":46.0,"key":"SMITH"},{"floor":49.0,"key":"RECALL"},{"data":"Impervious","floor":53.0,"key":"SMITH"}],"circlet_count":0,"master_deck":["AscendersBane","Defend_R","Defend_R","Defend_R","Bash+1","Power Through+1","Clothesline","Fiend Fire+1","Exhume","Shrug It Off","Feel No Pain+1","Immolate+1","Evolve+1","Barricade+1","Shockwave","Impervious+1","True Grit+1","Body Slam+1","Entrench+1","Battle Trance"],"relics":["Velvet Choker","Blood Vial","Red Skull","Bag of Preparation","Du-Vu Doll","StrikeDummy","Empty Cage","Akabeko","Unceasing Top","The Courier","Regal Pillow","Bag of Marbles","Sozu","Lizard Tail","Mercury Hourglass","Anchor","Shuriken","Medical Kit","Gambling Chip","Torii"],"acts_visited":["Exordium","TheCity","TheBeyond","TheEnding"],"potions_floor_usage":[],"damage_taken":[{"damage":7.0,"enemies":"Jaw Worm","floor":1.0,"turns":3.0},{"damage":0.0,"enemies":"Small Slimes","floor":2.0,"turns":4.0},{"damage":6.0,"enemies":"Gremlin Nob","floor":6.0,"turns":3.0},{"damage":0.0,"enemies":"Cultist","floor":8.0,"turns":2.0},{"damage":5.0,"enemies":"3 Sentries","floor":10.0,"turns":9.0},{"damage":0.0,"enemies":"3 Louse","floor":11.0,"turns":3.0},{"damage":0.0,"enemies":"Gremlin Nob","floor":12.0,"turns":1.0},{"damage":0.0,"enemies":"Exordium Thugs","floor":13.0,"turns":3.0},{"damage":30.0,"enemies":"Slime Boss","floor":16.0,"turns":7.0},{"damage":26.0,"enemies":"2 Thieves","floor":18.0,"turns":3.0},{"damage":3.0,"enemies":"Spheric Guardian","floor":21.0,"turns":3.0},{"damage":0.0,"enemies":"Snecko","floor":24.0,"turns":2.0},{"damage":0.0,"enemies":"Gremlin Leader","floor":25.0,"turns":2.0},{"damage":0.0,"enemies":"Book of Stabbing","floor":27.0,"turns":1.0},{"damage":0.0,"enemies":"Centurion and Healer","floor":28.0,"turns":4.0},{"damage":7.0,"enemies":"Gremlin Leader","floor":29.0,"turns":6.0},{"damage":0.0,"enemies":"Chosen and Byrds","floor":31.0,"turns":4.0},{"damage":13.0,"enemies":"Automaton","floor":33.0,"turns":8.0},{"damage":0.0,"enemies":"Orb Walker","floor":35.0,"turns":1.0},{"damage":15.0,"enemies":"3 Darklings","floor":37.0,"turns":3.0},{"damage":3.0,"enemies":"2 Orb Walkers","floor":39.0,"turns":3.0},{"damage":0.0,"enemies":"Sphere and 2 Shapes","floor":40.0,"turns":9.0},{"damage":0.0,"enemies":"Writhing Mass","floor":41.0,"turns":1.0},{"damage":28.0,"enemies":"Nemesis","floor":42.0,"turns":5.0},{"damage":0.0,"enemies":"Giant Head","floor":45.0,"turns":6.0},{"damage":0.0,"enemies":"Reptomancer","floor":47.0,"turns":1.0},{"damage":0.0,"enemies":"4 Shapes","floor":48.0,"turns":2.0},{"damage":7.0,"enemies":"Awakened One","floor":50.0,"turns":12.0},{"damage":0.0,"enemies":"Time Eater","floor":51.0,"turns":6.0},{"damage":10,"enemies":"Shield and Spear","floor":55,"turns":5},{"damage":0,"enemies":"The Heart","floor":56,"turns":10}],"seed_played":"5077601575911009674","potions_obtained":[{"floor":1.0,"key":"Regen Potion"},{"floor":2.0,"key":"SpeedPotion"},{"floor":8.0,"key":"BlessingOfTheForge"},{"floor":13.0,"key":"FearPotion"},{"floor":16.0,"key":"DuplicationPotion"},{"floor":24.0,"key":"PowerPotion"},{"floor":25.0,"key":"SteroidPotion"},{"floor":31.0,"key":"FearPotion"},{"floor":33.0,"key":"AttackPotion"}],"is_trial":false,"path_per_floor":["M","M","$","?","?","E","R","M","T","E","M","E","M","?","R","B",null,"M","?","$","M","?","R","M","E","T","E","M","E","R","M","R","B",null,"M","?","M","?","?","M","M","E","T","R","E","R","E","M","R","B","B",null,"R","$","E","B",null],"character_chosen":"IRONCLAD","items_purchased":["Fiend Fire","Evolve","Akabeko","Medical Kit","Gambling Chip"],"campfire_rested":0,"item_purchase_floors":[3,20,20,54,54],"current_hp_per_floor":[61,61,61,56,49,45,45,47,47,59,61,63,65,65,65,37,66,42,42,42,41,41,41,43,45,45,47,49,44,44,46,46,35,65,67,67,54,54,53,55,57,31,31,31,33,33,35,37,37,32,34,65,65,65,57,59],"gold":26,"neow_bonus":"BOSS_RELIC","is_daily":false,"chose_seed":false,"campfire_upgraded":8,"win_rate":0.0,"timestamp":1608698369,"path_taken":["M","M","$","?","?","E","R","?","T","E","M","E","M","?","R","BOSS","M","?","$","M","?","R","M","E","T","E","M","E","R","?","R","BOSS","M","?","M","?","?","M","M","E","T","R","E","R","E","M","R","BOSS","BOSS","R","$","E","BOSS"],"items_purchased_type":["Card","Card","Relic","Relic","Relic"],"build_version":"2020-12-13","purchased_purges":2,"victory":true,"max_hp_per_floor":[75,75,75,75,75,75,75,75,75,75,75,75,75,75,75,75,75,75,75,75,75,75,75,75,75,75,75,75,75,75,75,75,75,75,75,75,75,75,75,75,75,75,75,75,75,75,75,75,75,75,75,75,75,75,75,75],"relic_stats":{"Regal Pillow":0,"Torii":0,"counters":[31,132],"Bag of Preparation":[54],"Medical Kit":[9],"Mercury Hourglass":[162],"Blood Vial":58,"Sozu":5,"Lizard Tail":0,"Shuriken":[0],"Gambling Chip":[11],"obtain_stats":[{"Regal Pillow":27,"Torii":55,"Velvet Choker":0,"The Courier":26,"Bag of Preparation":9,"Empty Cage":17,"Medical Kit":54,"Burning Blood":0,"Akabeko":20,"Mercury Hourglass":42,"Blood Vial":4,"Du-Vu Doll":10,"Sozu":34,"Lizard Tail":39,"Anchor":45,"Shuriken":47,"Gambling Chip":54,"Bag of Marbles":29,"StrikeDummy":12,"Red Skull":6,"Unceasing Top":25},{"Regal Pillow":14,"Torii":30,"Velvet Choker":0,"The Courier":13,"Bag of Preparation":4,"Empty Cage":9,"Medical Kit":29,"Burning Blood":0,"Akabeko":10,"Mercury Hourglass":24,"Blood Vial":2,"Du-Vu Doll":5,"Sozu":18,"Lizard Tail":21,"Anchor":25,"Shuriken":26,"Gambling Chip":29,"Bag of Marbles":16,"StrikeDummy":7,"Red Skull":3,"Unceasing Top":13},{"Regal Pillow":46,"Torii":122,"Velvet Choker":0,"The Courier":45,"Bag of Preparation":12,"Empty Cage":35,"Medical Kit":117,"Burning Blood":0,"Akabeko":38,"Mercury Hourglass":90,"Blood Vial":7,"Du-Vu Doll":21,"Sozu":68,"Lizard Tail":75,"Anchor":96,"Shuriken":97,"Gambling Chip":117,"Bag of Marbles":56,"StrikeDummy":25,"Red Skull":10,"Unceasing Top":45}],"Unceasing Top":[21]},"card_choices":[{"not_picked":["Iron Wave","Rage"],"picked":"Power Through","floor":1.0},{"not_picked":["Body Slam","Hemokinesis"],"picked":"Clothesline","floor":2.0},{"not_picked":["Iron Wave","Blood for Blood"],"picked":"Exhume","floor":6.0},{"not_picked":["Clash","Blood for Blood"],"picked":"Shrug It Off","floor":8.0},{"not_picked":["Clothesline","Cleave","Metallicize"],"picked":"SKIP","floor":10.0},{"not_picked":["Headbutt","Sword Boomerang"],"picked":"Feel No Pain","floor":11.0},{"not_picked":["Limit Break","Hemokinesis","Havoc"],"picked":"SKIP","floor":12.0},{"not_picked":["Clothesline","Clash","Infernal Blade"],"picked":"SKIP","floor":13.0},{"not_picked":["Barricade","Demon Form"],"picked":"Immolate","floor":16.0},{"not_picked":["Anger","Clash","Feel No Pain"],"picked":"SKIP","floor":18.0},{"not_picked":["Twin Strike","Clash+1","Clothesline"],"picked":"SKIP","floor":21.0},{"not_picked":["Thunderclap","True Grit","Sword Boomerang"],"picked":"SKIP","floor":24.0},{"not_picked":["Flame Barrier","Power Through"],"picked":"Barricade","floor":25.0},{"not_picked":["Havoc","Thunderclap","Iron Wave"],"picked":"SKIP","floor":27.0},{"not_picked":["Evolve+1","Warcry+1"],"picked":"Shockwave","floor":28.0},{"not_picked":["Armaments","Whirlwind","Thunderclap"],"picked":"SKIP","floor":29.0},{"not_picked":["Fire Breathing","Fiend Fire","Havoc"],"picked":"SKIP","floor":31.0},{"not_picked":["Limit Break","Bludgeon"],"picked":"Impervious","floor":33.0},{"not_picked":["Twin Strike","Armaments+1"],"picked":"True Grit+1","floor":35.0},{"not_picked":["Clothesline+1","Havoc","Anger"],"picked":"SKIP","floor":37.0},{"not_picked":["Anger","True Grit","Havoc"],"picked":"SKIP","floor":40.0},{"not_picked":["Anger","True Grit","Havoc"],"picked":"SKIP","floor":40.0},{"not_picked":["Armaments","Dropkick","Headbutt+1"],"picked":"SKIP","floor":41.0},{"not_picked":["Shockwave","Uppercut+1"],"picked":"Body Slam","floor":42.0},{"not_picked":["Body Slam+1","Flame Barrier+1"],"picked":"Entrench+1","floor":45.0},{"not_picked":["Bloodletting","Clash","Clothesline"],"picked":"SKIP","floor":47.0},{"not_picked":["Armaments+1","Heavy Blade","Wild Strike"],"picked":"SKIP","floor":48.0},{"not_picked":["Pummel+1","Second Wind"],"picked":"Battle Trance","floor":55}],"player_experience":3214984,"relics_obtained":[{"floor":6.0,"key":"Red Skull"},{"floor":9.0,"key":"Bag of Preparation"},{"floor":10.0,"key":"Du-Vu Doll"},{"floor":12.0,"key":"StrikeDummy"},{"floor":25.0,"key":"Unceasing Top"},{"floor":26.0,"key":"The Courier"},{"floor":27.0,"key":"Regal Pillow"},{"floor":29.0,"key":"Bag of Marbles"},{"floor":39.0,"key":"Lizard Tail"},{"floor":42.0,"key":"Mercury Hourglass"},{"floor":45.0,"key":"Anchor"},{"floor":47.0,"key":"Shuriken"},{"floor":55,"key":"Torii"}],"event_choices":[{"damage_healed":0.0,"max_hp_gain":0.0,"max_hp_loss":0.0,"gold_gain":0.0,"event_name":"Scrap Ooze","player_choice":"Success","floor":4.0,"gold_loss":0.0,"damage_taken":5.0,"relics_obtained":["Blood Vial"]},{"damage_healed":0.0,"max_hp_gain":0.0,"max_hp_loss":0.0,"gold_gain":50.0,"event_name":"FaceTrader","player_choice":"Touch","floor":5.0,"gold_loss":0.0,"damage_taken":7.0},{"cards_removed":["Strike_R"],"damage_healed":0.0,"max_hp_gain":0.0,"max_hp_loss":0.0,"gold_gain":0.0,"event_name":"Bonfire Elementals","player_choice":"Offered Basic","floor":14.0,"gold_loss":0.0,"damage_taken":0.0},{"damage_healed":0.0,"max_hp_gain":0.0,"max_hp_loss":0.0,"gold_gain":0.0,"event_name":"Vampires","player_choice":"Ignored","floor":19.0,"gold_loss":0.0,"damage_taken":0.0},{"damage_healed":0.0,"max_hp_gain":0.0,"max_hp_loss":0.0,"gold_gain":0.0,"event_name":"Accursed Blacksmith","player_choice":"Forge","floor":22.0,"gold_loss":0.0,"damage_taken":0.0,"cards_upgraded":["Immolate"]},{"damage_healed":0.0,"max_hp_gain":0.0,"max_hp_loss":0.0,"gold_gain":0.0,"event_name":"Tomb of Lord Red Mask","player_choice":"Ignored","floor":36.0,"gold_loss":0.0,"damage_taken":0.0},{"cards_removed":["Defend_R"],"damage_healed":0.0,"max_hp_gain":0.0,"max_hp_loss":0.0,"gold_gain":0.0,"event_name":"Falling","player_choice":"Removed Skill","floor":38.0,"gold_loss":0.0,"damage_taken":0.0},{"damage_healed":0.0,"max_hp_gain":0.0,"max_hp_loss":0.0,"gold_gain":0.0,"event_name":"Mysterious Sphere","player_choice":"Fight","floor":39.0,"gold_loss":0.0,"damage_taken":0.0}],"is_beta":false,"boss_relics":[{"not_picked":["SacredBark","Ectoplasm"],"picked":"Empty Cage"},{"not_picked":["Tiny House","Coffee Dripper"],"picked":"Sozu"}],"items_purged_floors":[20,54],"is_endless":false,"potions_floor_spawned":[1,2,8,13,16,24,25,31,33,39,41,45,47,48],"ascension_level":20}}