{"host":"1c52r9kaxdyo25eq","time":1608756269,"event":{"mods":["AchievementEnabler","BaseMod","Minty Spire (QoL Compilation)","Rare Cards Sparkle","SuperFastMode","everything is the same but u backflip on backflip"],"gold_per_floor":[111,127,127,146,146,186,206,206,230,239,268,277,300,312,321,321,321],"floor_reached":16,"playtime":343,"items_purged":[],"score":140,"play_id":"43d80cb1-2fd6-41a0-9583-85e3cb8e82fe","local_time":"20201224054429","is_ascension_mode":true,"campfire_choices":[{"data":"True Grit","floor":8,"key":"SMITH"},{"floor":10,"key":"REST"},{"floor":15,"key":"REST"}],"circlet_count":0,"master_deck":["Strike_R","Strike_R","Strike_R","Strike_R","Defend_R","Defend_R","Defend_R+1","Defend_R+1","Bash","Heavy Blade","True Grit+1","Pommel Strike","Shrug It Off","Flex","Dark Embrace","Shrug It Off"],"relics":["Burning Blood","NeowsBlessing","CeramicFish","Dream Catcher"],"acts_visited":["Exordium"],"potions_floor_usage":[6,16],"damage_taken":[{"damage":0,"enemies":"Cultist","floor":1,"turns":1},{"damage":0,"enemies":"2 Louse","floor":2,"turns":1},{"damage":0,"enemies":"Small Slimes","floor":4,"turns":1},{"damage":51,"enemies":"3 Sentries","floor":6,"turns":12},{"damage":19,"enemies":"Exordium Wildlife","floor":7,"turns":6},{"damage":12,"enemies":"3 Louse","floor":11,"turns":4},{"damage":13,"enemies":"Large Slime","floor":13,"turns":6},{"damage":7,"enemies":"2 Fungi Beasts","floor":14,"turns":5},{"damage":37,"enemies":"The Guardian","floor":16,"turns":9}],"seed_played":"-4143748786730364417","potions_obtained":[{"floor":2,"key":"SpeedPotion"},{"floor":4,"key":"Weak Potion"},{"floor":7,"key":"SmokeBomb"},{"floor":14,"key":"LiquidBronze"}],"is_trial":false,"path_per_floor":["M","M","?","M","?","E","M","R","T","R","M","?","M","M","R","B"],"character_chosen":"IRONCLAD","items_purchased":[],"campfire_rested":2,"item_purchase_floors":[],"current_hp_per_floor":[78,80,64,70,70,25,12,12,12,36,30,30,23,22,46,9,9],"gold":321,"neow_bonus":"THREE_ENEMY_KILL","is_daily":false,"chose_seed":false,"campfire_upgraded":1,"win_rate":0.0,"timestamp":1608756269,"path_taken":["M","M","?","M","?","E","M","R","T","R","M","?","M","?","R","BOSS"],"items_purchased_type":[],"build_version":"2020-12-22","purchased_purges":0,"victory":false,"max_hp_per_floor":[80,80,80,80,80,80,80,80,80,80,80,80,80,80,80,80,80],"card_choices":[{"not_picked":["Armaments","Cleave","Flex"],"picked":"SKIP","floor":1},{"not_picked":["Body Slam","Wild Strike"],"picked":"Heavy Blade","floor":2},{"not_picked":["Rampage","Warcry","Cleave"],"picked":"SKIP","floor":4},{"not_picked":["Exhume","Warcry"],"picked":"True Grit","floor":6},{"not_picked":["Blood for Blood","Clash","Body Slam"],"picked":"SKIP","floor":7},{"not_picked":["Dropkick","Bloodletting"],"picked":"Pommel Strike","floor":10},{"not_picked":["Armaments","Shockwave"],"picked":"Shrug It Off","floor":11},{"not_picked":["Clothesline","Entrench"],"picked":"Dark Embrace","floor":13},{"not_picked":["Seeing Red","Second Wind","Rampage"],"picked":"SKIP","floor":14},{"not_picked":["Sword Boomerang","Warcry"],"picked":"Shrug It Off","floor":15}],"player_experience":514261,"relics_obtained":[{"floor":6,"key":"CeramicFish"},{"floor":9,"key":"Dream Catcher"}],"event_choices":[{"damage_healed":0,"gold_gain":0,"player_choice":"Entered Light","damage_taken":16,"max_hp_gain":0,"max_hp_loss":0,"event_name":"Shining Light","floor":3,"gold_loss":0,"cards_upgraded":["Defend_R","Defend_R"]},{"damage_healed":0,"gold_gain":0,"player_choice":"Ignored","damage_taken":0,"max_hp_gain":0,"max_hp_loss":0,"event_name":"Liars Game","floor":5,"gold_loss":0},{"damage_healed":0,"gold_gain":0,"cards_transformed":["Strike_R"],"player_choice":"Change","damage_taken":0,"max_hp_gain":0,"max_hp_loss":0,"event_name":"Living Wall","floor":12,"gold_loss":0,"cards_obtained":["Flex"]}],"is_beta":false,"boss_relics":[],"items_purged_floors":[],"is_endless":false,"potions_floor_spawned":[2,4,7,14],"killed_by":"The Guardian","ascension_level":7}}