{"host":"pzjm4rhuc0ce13vz","time":1608762267,"event":{"mods":["BaseMod","BetterRewards","Colored Map","Colored Powertips","DeckTracker","Highlight Path","Marisa????????","Minty Spire (QoL Compilation)","Quick Restart","StSLib","The Hierophant","The Senshi"],"gold_per_floor":[111,129,204,154,79,79,51,51,51,53,53,61,41,41],"floor_reached":13,"playtime":1025,"items_purged":["hierophant:Defend_Hierophant"],"score":83,"play_id":"7062d828-8338-4851-bdce-0e2fd1a2397e","local_time":"20201223232427","is_ascension_mode":false,"campfire_choices":[{"data":"hierophant:HammerAndAnvil","floor":6.0,"key":"SMITH"},{"floor":8,"key":"REST"},{"data":"hierophant:ArchangelShield","floor":11,"key":"SMITH"}],"circlet_count":0,"master_deck":["hierophant:Strike_Hierophant","hierophant:Strike_Hierophant","hierophant:Strike_Hierophant","hierophant:Punish","hierophant:Defend_Hierophant","hierophant:Defend_Hierophant","hierophant:Defend_Hierophant","hierophant:ChurchCoffers","hierophant:HolyVerse","hierophant:Chorus","hierophant:HammerAndAnvil+1","hierophant:FlamingChariot","hierophant:ArchangelShield+1","hierophant:Doubloon"],"relics":["hierophant:PropheticMaskRelic","Du-Vu Doll","Lantern"],"acts_visited":[],"potions_floor_usage":[13],"damage_taken":[{"damage":1.0,"enemies":"Cultist","floor":1.0,"turns":3.0},{"damage":0.0,"enemies":"2 Louse","floor":2.0,"turns":1.0},{"damage":54.0,"enemies":"Lagavulin","floor":7.0,"turns":8.0},{"damage":6,"enemies":"Jaw Worm","floor":10,"turns":3},{"damage":12,"enemies":"2 Fungi Beasts","floor":12,"turns":3},{"damage":24,"enemies":"Gremlin Nob","floor":13,"turns":3}],"seed_played":"-7128205435428172294","potions_obtained":[{"floor":10,"key":"SpeedPotion"},{"floor":12,"key":"EssenceOfSteel"}],"is_trial":false,"path_per_floor":["M","M","?","?","$","R","E","R","T","M","R","M","E"],"character_chosen":"HIEROPHANT","items_purchased":["hierophant:HolyVerse"],"campfire_rested":1,"item_purchase_floors":[0],"current_hp_per_floor":[74,74,63,63,63,63,9,31,31,25,25,13,0,0],"gold":41,"neow_bonus":"","is_daily":false,"chose_seed":false,"campfire_upgraded":2,"win_rate":0.0,"timestamp":1608762267,"path_taken":["M","M","?","?","?","R","E","R","T","M","R","M","E"],"items_purchased_type":["Card"],"build_version":"2020-12-22","purchased_purges":1,"victory":false,"max_hp_per_floor":[75,75,75,75,75,75,75,75,75,75,75,75,75,75],"card_choices":[{"not_picked":["hierophant:FlamingChariot","hierophant:SealAway"],"picked":"hierophant:Chorus","floor":1.0},{"not_picked":["hierophant:Sermon","hierophant:RecallFunds"],"picked":"hierophant:HammerAndAnvil","floor":2.0},{"not_picked":["hierophant:AuricBeam","hierophant:HolyVerse"],"picked":"hierophant:FlamingChariot","floor":7.0},{"not_picked":["hierophant:Empathy","hierophant:Smite"],"picked":"hierophant:ArchangelShield","floor":10},{"not_picked":["hierophant:MorningPrayer","hierophant:Empathy"],"picked":"hierophant:Doubloon","floor":12}],"player_experience":207909,"relics_obtained":[{"floor":7.0,"key":"Du-Vu Doll"},{"floor":9,"key":"Lantern"}],"event_choices":[{"damage_healed":0.0,"max_hp_gain":0.0,"max_hp_loss":0.0,"gold_gain":75.0,"event_name":"World of Goop","player_choice":"Gather Gold","floor":3.0,"gold_loss":0.0,"damage_taken":11.0},{"cards_removed":["hierophant:Strike_Hierophant"],"damage_healed":0.0,"max_hp_gain":0.0,"max_hp_loss":0.0,"gold_gain":0.0,"event_name":"The Cleric","player_choice":"Card Removal","floor":4.0,"gold_loss":50.0,"damage_taken":0.0}],"is_beta":false,"boss_relics":[],"items_purged_floors":[5],"is_endless":false,"potions_floor_spawned":[10,12],"killed_by":"Gremlin Nob","ascension_level":0}}