{"host":"j204k34h42bd6fas","time":1608747851,"event":{"mods":["Aspiration","BaseMod","Colored Map","Colored Powertips","Conspire","Energized Spire","Hubris","Infinite Spire","JesterMod","Mimic Mod","Minty Spire (QoL Compilation)","Rare Cards Sparkle","Relic Stats","Replay The Spire","Say the Spire","StSLib","The Cursed","The Marked"],"gold_per_floor":[117,42,42,103,116,116,148,112,149,149,65,99,99,118,118,217,167,179,179,197,197,58,58,58,58],"floor_reached":24,"playtime":766,"items_purged":[],"score":281,"play_id":"2c80ae9a-7d2f-4c67-989f-d6967dece850","local_time":"20201223132411","is_ascension_mode":true,"campfire_choices":[{"data":"Sunder","floor":6,"key":"SMITH"},{"data":"ReplayRNGCard","floor":10,"key":"SMITH"},{"data":"Doom and Gloom","floor":13,"key":"SMITH"},{"data":"ReplayTheSpireMod:Fabricate Wheel","floor":15,"key":"SMITH"},{"floor":23,"key":"DIG"}],"circlet_count":0,"master_deck":["Strike_B","Strike_B","Strike_B","Strike_B","Defend_B","Defend_B","Defend_B","Defend_B","Zap","Dualcast","Sunder+1","FIFO Queue","ReplayRNGCard+1","Hyperbeam","Conserve Battery","Conserve Battery","Melter","Doom and Gloom+1","Conserve Battery","Reinforced Body","Thunder Strike","Biased Cognition","Strike_B","ReplayRNGCard","aspiration:Polymerization+1","FTL","Amnesia","Lockon","Beam Cell","Rip and Tear+1","Spreading Infection"],"relics":["Cracked Core","NeowsBlessing","conspire:GlowingRock","conspire:GiftBox","Eternal Feather","Prayer Wheel","energizedSpire:HugeHouse","ReplayTheSpireMod:CursedCoin","Shovel","hubris:BottledRain"],"acts_visited":["Exordium","TheCity"],"potions_floor_usage":[24,24],"damage_taken":[{"damage":0,"enemies":"Small Slimes","floor":1,"turns":1},{"damage":0,"enemies":"Jaw Worm","floor":5,"turns":1},{"damage":0,"enemies":"3 Sentries","floor":7,"turns":1},{"damage":8,"enemies":"Cultist","floor":9,"turns":5},{"damage":16,"enemies":"Gremlin Nob","floor":12,"turns":3},{"damage":0,"enemies":"Cultist","floor":14,"turns":2},{"damage":66,"enemies":"Fading Forest","floor":16,"turns":11},{"damage":24,"enemies":"3 Byrds","floor":18,"turns":4},{"damage":2,"enemies":"Spheric Guardian","floor":20,"turns":3},{"damage":54,"enemies":"Book of Stabbing","floor":24,"turns":5}],"seed_played":"7372243824480800282","potions_obtained":[{"floor":1,"key":"Dexterity Potion"},{"floor":12,"key":"DistilledChaos"},{"floor":16,"key":"SkillPotion"},{"floor":20,"key":"Elixir"}],"is_trial":false,"path_per_floor":["M","$","?","?","M","R","E","$","MIM","R","$","E","R","M","R","B",null,"M","?","M","?","$","R","E"],"character_chosen":"DEFECT","items_purchased":["Lockon","Conserve Battery","Doom and Gloom","Conserve Battery","ReplayTheSpireMod:CursedCoin","Shovel"],"campfire_rested":0,"item_purchase_floors":[2,8,11,11,22,22],"current_hp_per_floor":[75,75,72,72,72,72,72,72,64,64,64,48,60,60,72,14,56,32,32,30,30,30,48,0,0],"gold":58,"neow_bonus":"THREE_ENEMY_KILL","is_daily":false,"chose_seed":false,"campfire_upgraded":4,"win_rate":0.0,"timestamp":1608747851,"path_taken":["M","$","?","?","M","R","E","$","MIM","R","$","E","R","M","R","BOSS","M","?","?","?","?","R","E"],"items_purchased_type":["Card","Card","Card","Card","Relic","Relic"],"build_version":"2020-12-22","purchased_purges":0,"victory":false,"max_hp_per_floor":[75,75,75,75,75,75,75,75,75,75,75,75,75,75,75,75,70,70,70,70,70,70,70,70,70],"relic_stats":{"Shovel":1,"counters":[10,36],"Eternal Feather":42,"Prayer Wheel":2,"obtain_stats":[{"conspire:GlowingRock":3,"conspire:GiftBox":7,"Shovel":22,"NeowsBlessing":0,"ReplayTheSpireMod:CursedCoin":22,"Eternal Feather":12,"Prayer Wheel":16,"energizedSpire:HugeHouse":17,"Cracked Core":0,"hubris:BottledRain":23},{"conspire:GlowingRock":1,"conspire:GiftBox":3,"Shovel":9,"NeowsBlessing":0,"ReplayTheSpireMod:CursedCoin":9,"Eternal Feather":5,"Prayer Wheel":7,"energizedSpire:HugeHouse":7,"Cracked Core":0,"hubris:BottledRain":9},{"conspire:GlowingRock":1,"conspire:GiftBox":3,"Shovel":31,"NeowsBlessing":0,"ReplayTheSpireMod:CursedCoin":31,"Eternal Feather":11,"Prayer Wheel":14,"energizedSpire:HugeHouse":24,"Cracked Core":0,"hubris:BottledRain":31}]},"card_choices":[{"not_picked":["Stack","Rip and Tear"],"picked":"Sunder","floor":1},{"not_picked":["ReplaySolidLightProjector","Redo"],"picked":"FIFO Queue","floor":5},{"not_picked":["ReplayTheSpireMod:Omega Cannon","ReplayTheSpireMod:Fabricate Wheel"],"picked":"ReplayRNGCard","floor":7},{"not_picked":["BasicCrystalCard","hubris:DoWhile"],"picked":"Hyperbeam","floor":7},{"not_picked":["Stack","BasicCrystalCard"],"picked":"Melter","floor":9},{"not_picked":["Panic Button","Beam Cell"],"picked":"Reinforced Body","floor":12},{"not_picked":["Beam Cell","Chill"],"picked":"ReplayTheSpireMod:Fabricate Wheel","floor":14},{"not_picked":["Machine Learning","ReplayRNGCard"],"picked":"Biased Cognition","floor":16},{"not_picked":["Gash","Streamline"],"picked":"aspiration:Polymerization+1","floor":18},{"not_picked":["Genetic Algorithm","ReplayTheSpireMod:System Scan"],"picked":"FTL","floor":18},{"not_picked":["Streamline","FIFO Queue+1"],"picked":"Beam Cell","floor":20},{"not_picked":["ReplaySort","Hologram"],"picked":"Rip and Tear","floor":20}],"player_experience":289976,"relics_obtained":[{"floor":7,"key":"conspire:GiftBox"},{"floor":12,"key":"Eternal Feather"},{"floor":23,"key":"hubris:BottledRain"}],"event_choices":[{"damage_healed":0,"gold_gain":0,"player_choice":"Success","damage_taken":3,"relics_obtained":["conspire:GlowingRock"],"max_hp_gain":0,"max_hp_loss":0,"event_name":"Scrap Ooze","floor":3,"gold_loss":0},{"damage_healed":0,"gold_gain":61,"player_choice":"Gained Gold","damage_taken":0,"max_hp_gain":0,"max_hp_loss":0,"event_name":"Golden Wing","floor":4,"gold_loss":0},{"damage_healed":0,"gold_gain":0,"player_choice":"2 cards matched","damage_taken":0,"max_hp_gain":0,"max_hp_loss":0,"event_name":"Match and Keep!","floor":19,"gold_loss":0,"cards_obtained":["Amnesia","Lockon"]},{"damage_healed":0,"gold_gain":0,"player_choice":"Upgraded","damage_taken":0,"max_hp_gain":0,"max_hp_loss":0,"event_name":"Upgrade Shrine","floor":21,"gold_loss":0,"cards_upgraded":["Rip and Tear"]}],"is_beta":false,"boss_relics":[{"not_picked":["ChewingGum","aspiration:RunicSpoon"],"picked":"energizedSpire:HugeHouse"}],"items_purged_floors":[],"is_endless":false,"potions_floor_spawned":[1,12,16,20],"killed_by":"Book of Stabbing","ascension_level":5}}