{"host":"81h68oe4mr04pk3r","time":1608709192,"event":{"mods":["Act Like it!","Aspiration","BaseMod","BetterRewards","Colored Map","Colored Powertips","Conspire","Downfall","Hermit","Hubris","Infinite Spire","Jorbs\u0027s Wanderer Trilogy","Koishi","Lobotomy","LobotomyExtend","Marisa????????","Minty Spire (QoL Compilation)","Quick Restart","Reimu??????","Remilia??????","Replay The Spire","StSLib","The Bug Knight","The Construct","The Cursed","The Disciple","The Servant 0.9.4"],"gold_per_floor":[113,129,129,141,155,155,173,173,200,213,213,243,243,256,256,352,352,363,373,373,472,488,488,500,20,20,37,37,37,48,48,48],"floor_reached":31,"playtime":1723,"items_purged":["OSAHOGD"],"score":266,"play_id":"8172d729-ccb9-4dca-bac8-ad2d8e2d8710","local_time":"20201222233952","is_ascension_mode":false,"campfire_choices":[{"data":"Misdirection","floor":6,"key":"SMITH"},{"floor":8,"key":"REST"},{"floor":15,"key":"REST"},{"floor":23,"key":"REST"},{"data":"Starlight","floor":28,"key":"SMITH"}],"circlet_count":0,"master_deck":["Strike_S","Strike_S","Strike_S","Defend_S","Defend_S","Defend_S","KidneyShot+1","Exchange","ShyLook","Misdirection+1","Starlight+1","Rearm","OldLady","Contraction","BottledTime","SilverBlades","SilverBlades","Spin+1","Replace","FloweringNight","ShatteredReality","TheWorld","BestPractice","Starlight","KillingDoll+1","FanOfKnives+1","construct:SyphonStrike","Dilation"],"relics":["Uniform","CogitoBucket","LetterFromLob","ScarletDevilRocket","LuminousBracelet","conspire:InfiniteJournal","hubris:RunicObelisk","AspirationHeart","Boot","infinitespire:PuzzleCube","hubris:Zylophone"],"acts_visited":["Exordium","TheCity"],"potions_floor_usage":[12,12,16,31,31],"damage_taken":[{"damage":0,"enemies":"Small Slimes","floor":1,"turns":4},{"damage":4,"enemies":"2 Louse","floor":2,"turns":4},{"damage":11,"enemies":"conspire:RoseBush","floor":4,"turns":2},{"damage":6,"enemies":"2 Fungi Beasts","floor":5,"turns":3},{"damage":7,"enemies":"Blue Slaver","floor":7,"turns":4},{"damage":28,"enemies":"3 Louse","floor":10,"turns":5},{"damage":11,"enemies":"Lagavulin","floor":12,"turns":5},{"damage":6,"enemies":"Large Slime","floor":14,"turns":4},{"damage":8,"enemies":"Hexaghost","floor":16,"turns":7},{"damage":7,"enemies":"Shell Parasite","floor":18,"turns":7},{"damage":50,"enemies":"Spheric Guardian","floor":19,"turns":6},{"damage":33,"enemies":"Snake Plant","floor":22,"turns":5},{"damage":15,"enemies":"Chosen and Byrds","floor":24,"turns":5},{"damage":7,"enemies":"Centurion and Healer","floor":27,"turns":5},{"damage":48,"enemies":"Shelled Parasite and Fungi","floor":30,"turns":5},{"damage":0,"enemies":"Snake Plant","floor":31,"turns":2}],"seed_played":"4003456137606044270","potions_obtained":[{"floor":1,"key":"hexamod:EctoCoolerPotion"},{"floor":4,"key":"AttackPotion"},{"floor":10,"key":"AttackPotion"},{"floor":18,"key":"SkillPotion"},{"floor":22,"key":"PowerPotion"}],"is_trial":false,"path_per_floor":["M","M","?","M","M","R","M","R","T","M","?","E","?","M","R","B",null,"M","M","?","?","M","R","M","$","T","M","R","?","M","M"],"character_chosen":"THE_SERVANT","items_purchased":["Boot","KillingDoll+1","infinitespire:PuzzleCube"],"campfire_rested":3,"item_purchase_floors":[25,25,25],"current_hp_per_floor":[65,61,61,50,44,44,37,56,56,43,36,27,27,22,46,43,80,76,90,90,90,63,90,76,76,76,72,72,72,28,28,28],"gold":48,"neow_bonus":"","is_daily":false,"chose_seed":false,"campfire_upgraded":2,"win_rate":0.0,"timestamp":1608709192,"path_taken":["M","M","?","M","M","R","M","R","T","M","?","E","?","M","R","BOSS","M","M","?","?","M","R","M","$","T","M","R","?","?","M"],"items_purchased_type":["Relic","Card","Relic"],"build_version":"2020-12-22","purchased_purges":1,"victory":false,"max_hp_per_floor":[65,65,65,65,65,65,65,65,65,80,80,80,80,80,80,80,80,80,90,90,90,90,90,90,90,90,90,90,90,90,90,90],"card_choices":[{"not_picked":["Freischutz","Scorched"],"picked":"ShyLook","floor":1},{"not_picked":["Replace","Snipe"],"picked":"Misdirection","floor":1},{"not_picked":["Scorched","CherryBlossoms","OldLady"],"picked":"Singing Bowl","floor":2},{"not_picked":["Spin","Ricochet"],"picked":"Starlight","floor":2},{"not_picked":["Defy","BottledTime"],"picked":"Rearm","floor":4},{"not_picked":["VoidDream","MHz"],"picked":"OldLady","floor":5},{"not_picked":["Alleviate","TimeWarp"],"picked":"Contraction","floor":5},{"not_picked":["TimeWarp","Starlight"],"picked":"BottledTime","floor":7},{"not_picked":["TimeWarp","Deny"],"picked":"SilverBlades","floor":10},{"not_picked":["Freischutz","CherryBlossoms"],"picked":"OSAHOGD","floor":12},{"not_picked":["Alleviate","DualDimension"],"picked":"SilverBlades","floor":12},{"not_picked":["TimeWarp","RealityMarble"],"picked":"Replace","floor":14},{"not_picked":["Initiator","TheWorld"],"picked":"FloweringNight","floor":16},{"not_picked":["DoubleEdge","Hightail"],"picked":"ShatteredReality","floor":18},{"not_picked":["TimeWarp+1","WasteNot"],"picked":"TheWorld","floor":19},{"not_picked":["Spin","BottledTime+1"],"picked":"BestPractice","floor":22},{"not_picked":["MoonPhase","Alleviate+1"],"picked":"Starlight","floor":24},{"not_picked":["Spin+1","Rearm+1"],"picked":"FanOfKnives+1","floor":27},{"not_picked":["Starlight","Defy"],"picked":"Dilation","floor":30}],"player_experience":166454,"relics_obtained":[{"floor":1,"key":"LetterFromLob"},{"floor":9,"key":"ScarletDevilRocket"},{"floor":12,"key":"conspire:InfiniteJournal"},{"floor":26,"key":"hubris:Zylophone"}],"event_choices":[{"cards_removed":["Defend_S"],"damage_healed":0,"gold_gain":0,"player_choice":"Card Removal","damage_taken":7,"max_hp_gain":0,"max_hp_loss":0,"event_name":"Golden Wing","floor":11,"gold_loss":0},{"damage_healed":0,"gold_gain":0,"player_choice":"Ignored","damage_taken":0,"max_hp_gain":0,"max_hp_loss":0,"event_name":"Cursed Tome","floor":20,"gold_loss":0},{"damage_healed":0,"gold_gain":99,"player_choice":"Stole From Cult","damage_taken":0,"max_hp_gain":0,"max_hp_loss":0,"event_name":"Nest","floor":21,"gold_loss":0},{"damage_healed":0,"gold_gain":0,"player_choice":"Read","damage_taken":0,"max_hp_gain":0,"max_hp_loss":0,"event_name":"The Library","floor":29,"gold_loss":0,"cards_obtained":["construct:SyphonStrike"]}],"is_beta":false,"boss_relics":[{"not_picked":["Snecko Eye","Sozu"],"picked":"hubris:RunicObelisk"}],"items_purged_floors":[25],"is_endless":false,"potions_floor_spawned":[1,4,10,18,22],"killed_by":"Snake Plant","ascension_level":0}}