{"host":"3jpwrwmmgyabjceh","time":1608754610,"event":{"mods":["AchievementEnabler","BaseMod","Colored Map","Colored Powertips","Highlight Path","Minty Spire (QoL Compilation)","Quick Restart","StSLib"],"gold_per_floor":[109,284,359,17,17,28,62,79,79,79,107,107,127,140,140,244,244,264,264,264,363,87,118,118,94,120,132,132,57,57,157,157,258,258,276,17,17,0,50,84,84,84],"floor_reached":41,"playtime":1247,"items_purged":["Strike_B","Doubt","Chaos"],"score":561,"play_id":"1cb033d6-1269-468f-8db7-9f30d3538343","local_time":"20201223231650","is_ascension_mode":true,"campfire_choices":[{"floor":12,"key":"REST"},{"data":"Apotheosis","floor":15,"key":"SMITH"},{"data":"Genetic Algorithm","floor":24,"key":"SMITH"},{"floor":28,"key":"REST"},{"floor":30,"key":"REST"},{"data":"Ball Lightning","floor":32,"key":"PURGE"}],"circlet_count":0,"master_deck":["Zap+1","Dualcast+1","FTL+1","Scrape+1","Apotheosis+1","Beam Cell","Hologram","Buffer","Redo","Buffer","Hyperbeam","Auto Shields","J.A.X.","Streamline","Genetic Algorithm+1","Gash","Streamline+1","Gash","Reprogram+1"],"relics":["Cracked Core","NeowsBlessing","Gremlin Horn","War Paint","Juzu Bracelet","Pandora\u0027s Box","HandDrill","Mercury Hourglass","Peace Pipe","StrikeDummy","Empty Cage","Membership Card","Red Mask","Ice Cream","DataDisk"],"acts_visited":["Exordium","TheCity","TheBeyond"],"potions_floor_usage":[16,23,33,33,33,39,40],"damage_taken":[{"damage":0,"enemies":"Cultist","floor":1,"turns":1},{"damage":0,"enemies":"Small Slimes","floor":6,"turns":1},{"damage":0,"enemies":"3 Sentries","floor":7,"turns":1},{"damage":0,"enemies":"2 Louse","floor":8,"turns":1},{"damage":24,"enemies":"Lagavulin","floor":11,"turns":4},{"damage":13,"enemies":"Red Slaver","floor":13,"turns":4},{"damage":0,"enemies":"Large Slime","floor":14,"turns":3},{"damage":17,"enemies":"The Guardian","floor":16,"turns":7},{"damage":12,"enemies":"Shell Parasite","floor":18,"turns":4},{"damage":15,"enemies":"Book of Stabbing","floor":23,"turns":4},{"damage":23,"enemies":"2 Thieves","floor":27,"turns":2},{"damage":11,"enemies":"Colosseum Slavers","floor":31,"turns":2},{"damage":3,"enemies":"Colosseum Nobs","floor":31,"turns":4},{"damage":28,"enemies":"Champ","floor":33,"turns":8},{"damage":31,"enemies":"3 Shapes","floor":35,"turns":2},{"damage":16,"enemies":"Mind Bloom Boss Battle","floor":39,"turns":5},{"damage":6,"enemies":"Nemesis","floor":40,"turns":5},{"damage":35,"enemies":"2 Orb Walkers","floor":41,"turns":2}],"seed_played":"-7418693913846219115","potions_obtained":[{"floor":1,"key":"BlessingOfTheForge"},{"floor":8,"key":"SpeedPotion"},{"floor":14,"key":"EssenceOfDarkness"},{"floor":18,"key":"EssenceOfSteel"},{"floor":31,"key":"SpeedPotion"},{"floor":33,"key":"FearPotion"},{"floor":35,"key":"Block Potion"},{"floor":39,"key":"Block Potion"}],"is_trial":false,"path_per_floor":["M","?","?","$","?","M","E","M","T","?","E","R","M","M","R","B",null,"M","?","?","?","$","E","R","$","T","M","R","?","R","?","R","B",null,"M","$","?","?","?","E","?"],"character_chosen":"DEFECT","items_purchased":["Scrape","Apotheosis","HandDrill","Streamline","Gash","Gash","Membership Card"],"campfire_rested":3,"item_purchase_floors":[4,4,22,22,25,36,36],"current_hp_per_floor":[75,75,64,64,49,49,49,49,49,49,25,47,34,34,34,17,75,63,63,63,63,63,48,48,48,48,25,47,47,69,55,55,27,75,44,44,44,44,28,22,0,0],"gold":84,"neow_bonus":"THREE_ENEMY_KILL","is_daily":false,"chose_seed":false,"campfire_upgraded":2,"win_rate":0.0,"timestamp":1608754610,"path_taken":["M","?","?","$","?","M","E","M","T","?","E","R","M","M","R","BOSS","M","?","?","?","$","E","R","$","T","M","R","?","R","?","R","BOSS","M","$","?","?","?","E","?"],"items_purchased_type":["Card","Card","Relic","Card","Card","Card","Relic"],"build_version":"2020-12-22","purchased_purges":3,"victory":false,"max_hp_per_floor":[75,75,75,75,75,75,75,75,75,75,75,75,75,75,75,75,75,75,75,75,75,75,75,75,75,75,75,75,75,75,75,75,75,75,75,75,75,75,75,75,75,75],"card_choices":[{"not_picked":["Conserve Battery","Heatsinks"],"picked":"FTL","floor":1},{"not_picked":["Scrape","Steam"],"picked":"Beam Cell","floor":6},{"not_picked":["Compile Driver","Turbo"],"picked":"Hologram","floor":7},{"not_picked":["Cold Snap","Leap","Tempest"],"picked":"SKIP","floor":8},{"not_picked":["Ball Lightning","Consume","Stack"],"picked":"SKIP","floor":11},{"not_picked":["Coolheaded","Steam"],"picked":"Buffer","floor":13},{"not_picked":["Cold Snap","Capacitor"],"picked":"Redo","floor":14},{"not_picked":["Core Surge","Machine Learning"],"picked":"Buffer","floor":16},{"not_picked":["Auto Shields","Darkness+1","Barrage"],"picked":"SKIP","floor":18},{"not_picked":["Coolheaded+1","Conserve Battery"],"picked":"Genetic Algorithm","floor":23},{"not_picked":["Ball Lightning","Conserve Battery+1","Rebound"],"picked":"SKIP","floor":27},{"not_picked":["Steam+1","Conserve Battery+1"],"picked":"Streamline+1","floor":35},{"not_picked":["Chaos","Sweeping Beam"],"picked":"Reprogram+1","floor":39},{"not_picked":["Double Energy","Leap","Cold Snap+1"],"picked":"SKIP","floor":40}],"player_experience":265241,"relics_obtained":[{"floor":7,"key":"Gremlin Horn"},{"floor":9,"key":"War Paint"},{"floor":11,"key":"Juzu Bracelet"},{"floor":23,"key":"Mercury Hourglass"},{"floor":31,"key":"Peace Pipe"},{"floor":31,"key":"StrikeDummy"},{"floor":39,"key":"Ice Cream"},{"floor":40,"key":"DataDisk"}],"event_choices":[{"damage_healed":0,"gold_gain":175,"player_choice":"AGREE","damage_taken":0,"max_hp_gain":0,"max_hp_loss":0,"event_name":"Liars Game","floor":2,"gold_loss":0,"cards_obtained":["Doubt"]},{"damage_healed":0,"gold_gain":75,"player_choice":"Gather Gold","damage_taken":11,"max_hp_gain":0,"max_hp_loss":0,"event_name":"World of Goop","floor":3,"gold_loss":0},{"damage_healed":0,"gold_gain":0,"player_choice":"Entered Light","damage_taken":15,"max_hp_gain":0,"max_hp_loss":0,"event_name":"Shining Light","floor":5,"gold_loss":0,"cards_upgraded":["FTL","Scrape"]},{"damage_healed":0,"gold_gain":0,"cards_transformed":["Strike_B"],"player_choice":"Transformed","damage_taken":0,"max_hp_gain":0,"max_hp_loss":0,"event_name":"Transmorgrifier","floor":10,"gold_loss":0,"cards_obtained":["Ball Lightning"]},{"damage_healed":0,"gold_gain":0,"player_choice":"Obtain J.A.X.","damage_taken":0,"max_hp_gain":0,"max_hp_loss":0,"event_name":"Drug Dealer","floor":19,"gold_loss":0,"cards_obtained":["J.A.X."]},{"damage_healed":0,"gold_gain":0,"player_choice":"Ignored","damage_taken":0,"max_hp_gain":0,"max_hp_loss":0,"event_name":"Vampires","floor":20,"gold_loss":0},{"damage_healed":0,"gold_gain":99,"player_choice":"Stole From Cult","damage_taken":0,"max_hp_gain":0,"max_hp_loss":0,"event_name":"Nest","floor":21,"gold_loss":0},{"cards_removed":["Hello World"],"damage_healed":0,"gold_gain":0,"player_choice":"Gave Gold","damage_taken":0,"max_hp_gain":0,"max_hp_loss":0,"event_name":"Beggar","floor":29,"gold_loss":75},{"damage_healed":0,"gold_gain":0,"player_choice":"Fight","damage_taken":0,"max_hp_gain":0,"max_hp_loss":0,"event_name":"Colosseum","floor":31,"gold_loss":0},{"damage_healed":0,"gold_gain":0,"player_choice":"Fought Nobs","damage_taken":0,"max_hp_gain":0,"max_hp_loss":0,"event_name":"Colosseum","floor":31,"gold_loss":0},{"damage_healed":0,"gold_gain":0,"player_choice":"Ignored","damage_taken":0,"max_hp_gain":0,"max_hp_loss":0,"event_name":"SecretPortal","floor":37,"gold_loss":0},{"damage_healed":0,"gold_gain":0,"player_choice":"Paid","damage_taken":0,"relics_obtained":["Red Mask"],"max_hp_gain":0,"max_hp_loss":0,"event_name":"Tomb of Lord Red Mask","floor":38,"gold_loss":17},{"damage_healed":0,"gold_gain":0,"player_choice":"Fight","damage_taken":0,"max_hp_gain":0,"max_hp_loss":0,"event_name":"MindBloom","floor":39,"gold_loss":0},{"damage_healed":0,"gold_gain":0,"player_choice":"Fight","damage_taken":0,"max_hp_gain":0,"max_hp_loss":0,"event_name":"Mysterious Sphere","floor":41,"gold_loss":0}],"is_beta":false,"boss_relics":[{"not_picked":["Philosopher\u0027s Stone","Astrolabe"],"picked":"Pandora\u0027s Box"},{"not_picked":["Runic Pyramid","Fusion Hammer"],"picked":"Empty Cage"}],"items_purged_floors":[4,22,36],"is_endless":false,"potions_floor_spawned":[1,8,14,18,31,33,35,39],"killed_by":"2 Orb Walkers","ascension_level":3}}