{"host":"s8k08j4eybfen9r6","time":1608739572,"event":{"mods":["Ascension Reborn","Aspiration","BaseMod","Better Altar","Better Match","Better Note","Better Sensory Stone","Better Skull","Better Third Choice","BetterRewards","Downfall","Duelist Mod","Hubris","Minty Spire (QoL Compilation)","MostiFishMod","READ ME - Snecko Mod","Rare Cards Sparkle","Reworked Bosses","Shop Mod","Spicy Shops","StSLib","The Animator","The Bug Knight"],"gold_per_floor":[137,152,207,91,101,133,133,149,176,192,192,235,235,256,256,379,379,403,403,256,279,279,318,96,96,123,146,146,61,97,97,97,217,280,301,28,91,91,91,91,130,155,182,223,239,239,292,310,310,310,310],"floor_reached":50,"playtime":4134,"items_purged":["Burn"],"score":721,"play_id":"9a542bc0-dff7-4313-a3a6-b17854e716ac","local_time":"20201224020612","is_ascension_mode":true,"campfire_choices":[{"floor":7,"key":"DIG"},{"floor":15,"key":"DIG"},{"floor":28,"key":"REST"},{"floor":32,"key":"DIG"},{"floor":40,"key":"DIG"},{"floor":46,"key":"DIG"},{"floor":49,"key":"DIG"}],"circlet_count":0,"master_deck":["theDuelist:TwinBarrelDragon+1","theDuelist:DragonMastery","theDuelist:Lancephorhynchus+1","theDuelist:AncientPixieDragon+1","theDuelist:Earthquake","theDuelist:CyberDragonDrei+1","theDuelist:Mountain+1","theDuelist:LesserDragon+1","theDuelist:DragonShield+3","theDuelist:BusterBlader+1","theDuelist:Scapegoat+1","theDuelist:Hydrogeddon","theDuelist:BlueEyes+1","theDuelist:ChimeratechOverdragon+1","theDuelist:TwinHeadedFire+1","theDuelist:CaveDragon+1","theDuelist:YellowBelliedOni","theDuelist:RainbowOverdragon+1","theDuelist:SnowDragon","theDuelist:GaiaDragonChamp+1","theDuelist:ArmageddonDragonEmp","theDuelist:BigFire","theDuelist:LesserDragon+1","theDuelist:TyrantWing","theDuelist:QueenDragunDjinn","theDuelist:RainbowOverdragon+1","theDuelist:EvilMind","theDuelist:MythicWaterDragon+1","theDuelist:BabyDragon+1","theDuelist:MadSwordBeast+1","theDuelist:BusterBladerDDS","theDuelist:DefenseZone","theDuelist:OceanDragonLord+1","theDuelist:YamataDragon+1","theDuelist:CaveDragon+1","theDuelist:BarrelDragon+1","theDuelist:FiendSkull+1","theDuelist:BoosterDragon"],"relics":["theDuelist:MillenniumPuzzle","theDuelist:CardPoolRelic","theDuelist:CardPoolBasicRelic","theDuelist:BoosterPackPoolRelic","theDuelist:CardPoolAddRelic","theDuelist:CardPoolMinusRelic","theDuelist:CardPoolSaveRelic","theDuelist:CardPoolOptionsRelic","DaveBox","RhineCircuit","NeowsBlessing","SynthV:TestCard","Calipers","Shovel","hubris:FunFungus","Meat on the Bone","Bag of Marbles","Juzu Bracelet","Golden Idol","HollowMod:PaleOreRelic","Pen Nib","Pandora\u0027s Box","theDuelist:DuelistOrichalcum","Oddly Smooth Stone","theDuelist:SummonAnchor","Whetstone","Art of War","Omamori","theDuelist:MillenniumArmor","theDuelist:MillenniumRod","Tiny House","theDuelist:MillenniumPeriapt","hubris:Spice","Incense Burner","Ice Cream"],"acts_visited":["Exordium","TheCity","TheBeyond"],"potions_floor_usage":[23,50],"damage_taken":[{"damage":0,"enemies":"2 Louse","floor":1,"turns":1},{"damage":0,"enemies":"Jaw Worm","floor":2,"turns":1},{"damage":0,"enemies":"Jaw Worm","floor":3,"turns":1},{"damage":0,"enemies":"Cultist","floor":5,"turns":1},{"damage":0,"enemies":"HollowMod:MossKnight","floor":6,"turns":8},{"damage":18,"enemies":"Exordium Wildlife","floor":8,"turns":5},{"damage":1,"enemies":"2 Fungi Beasts","floor":10,"turns":3},{"damage":8,"enemies":"Gremlin Nob","floor":12,"turns":3},{"damage":15,"enemies":"Exordium Thugs","floor":14,"turns":3},{"damage":1,"enemies":"Hexaghost","floor":16,"turns":8},{"damage":2,"enemies":"Chosen","floor":18,"turns":4},{"damage":20,"enemies":"Spheric Guardian","floor":21,"turns":4},{"damage":31,"enemies":"Slavers","floor":23,"turns":6},{"damage":16,"enemies":"Shelled Parasite and Fungi","floor":27,"turns":5},{"damage":14,"enemies":"theDuelist:KaibaA2","floor":30,"turns":2},{"damage":32,"enemies":"bossMod:newChamp","floor":33,"turns":11},{"damage":0,"enemies":"Orb Walker","floor":35,"turns":3},{"damage":18,"enemies":"Mind Bloom Boss Battle","floor":37,"turns":6},{"damage":22,"enemies":"Giant Head","floor":41,"turns":10},{"damage":0,"enemies":"3 Darklings","floor":42,"turns":6},{"damage":1,"enemies":"HollowMod:StalkingDevout","floor":44,"turns":6},{"damage":0,"enemies":"Maw","floor":45,"turns":5},{"damage":8,"enemies":"Spire Growth","floor":48,"turns":5},{"damage":154,"enemies":"Time Eater","floor":50,"turns":9}],"seed_played":"-2771467972057727613","potions_obtained":[{"floor":1,"key":"theDuelist:MayhemPotion"},{"floor":6,"key":"theDuelist:IcePotion"},{"floor":10,"key":"theDuelist:DragonfirePotion"},{"floor":12,"key":"theDuelist:OrbBottle"},{"floor":27,"key":"Ancient Potion"},{"floor":34,"key":"FairyPotion"}],"is_trial":false,"path_per_floor":["M","M","?","$","M","E","R","M","T","M","?","E","?","M","R","B",null,"M","?","$","M","?","E","$","?","T","M","R","?","E","?","R","B",null,"M","$","?","?","?","R","E","M","T","E","M","R","T","M","R","B"],"character_chosen":"THE_DUELIST","items_purchased":["theDuelist:BlueEyes","theDuelist:AncientPixieDragon","theDuelist:DuelistOrichalcum","theDuelist:SummonAnchor","theDuelist:YellowBelliedOni","theDuelist:MillenniumPeriapt"],"campfire_rested":1,"item_purchase_floors":[4,4,20,24,36,36],"current_hp_per_floor":[80,80,80,80,80,80,80,63,63,62,62,54,54,39,39,38,74,72,72,72,53,53,34,34,26,26,22,44,44,42,36,36,17,79,79,79,69,69,78,78,56,56,64,63,63,63,63,55,55,0,0],"gold":310,"neow_bonus":"THREE_ENEMY_KILL","is_daily":false,"chose_seed":false,"campfire_upgraded":0,"win_rate":0.0,"timestamp":1608739572,"path_taken":["M","M","?","$","M","E","R","M","T","M","?","E","?","M","R","BOSS","M","?","?","M","?","E","$","?","T","M","R","?","E","?","R","BOSS","M","$","?","?","?","R","E","M","T","E","M","R","?","M","R","BOSS"],"items_purchased_type":["Card","Card","Relic","Relic","Card","Relic"],"build_version":"2020-12-22","purchased_purges":1,"victory":false,"max_hp_per_floor":[80,80,80,80,80,80,80,80,80,80,74,74,74,74,74,74,74,74,74,74,74,74,74,74,74,74,74,74,74,74,74,74,74,79,79,79,87,87,87,87,87,87,95,87,87,79,71,71,63,63,63],"card_choices":[{"not_picked":["theDuelist:Earthquake","theDuelist:BlackStego","theDuelist:BlackPtera","theDuelist:BlackBrachios"],"picked":"theDuelist:MythicWaterDragon","floor":1},{"not_picked":["theDuelist:BattleguardKing","theDuelist:Hinotama","theDuelist:ForbiddenLance","theDuelist:Raigeki"],"picked":"theDuelist:RainbowOverdragon","floor":2},{"not_picked":["theDuelist:SafeZone","theDuelist:FireDarts","theDuelist:DragonCaptureJar","theDuelist:DefenseDraw"],"picked":"theDuelist:TyrantWing","floor":3},{"not_picked":["theDuelist:BlackPtera","theDuelist:LordD","theDuelist:DarkHorus","theDuelist:DefenseZone"],"picked":"theDuelist:CyberDragonDrei","floor":5},{"not_picked":["theDuelist:OceanDragonLord","theDuelist:BlueDuston"],"picked":"theDuelist:GaiaDragonChamp","floor":6},{"not_picked":["theDuelist:PreventRat","theDuelist:Jinzo","theDuelist:DianKeto","theDuelist:Mausoleum"],"picked":"theDuelist:BigFire","floor":8},{"not_picked":["theDuelist:Kabazauls","theDuelist:Duoterion","theDuelist:TornadoDragon","theDuelist:CyberDinosaur"],"picked":"theDuelist:DefenseZone","floor":10},{"not_picked":["theDuelist:MadSwordBeast","theDuelist:LesserDragon","theDuelist:MoltenDestruction","theDuelist:Duoterion"],"picked":"theDuelist:EvilMind","floor":12},{"not_picked":["theDuelist:VeilDarkness+1","theDuelist:SpiralSpearStrike+1","theDuelist:FireDarts","theDuelist:DragonCaptureJar"],"picked":"theDuelist:DragonShield+1","floor":14},{"not_picked":["theDuelist:WingedDragonRa","theDuelist:VoidOgreDragon","theDuelist:StardustDragon","theDuelist:BlasterDragonInfernos"],"picked":"theDuelist:OceanDragonLord","floor":16},{"not_picked":["theDuelist:BattleguardKing","theDuelist:Hinotama","theDuelist:LightningDarts","theDuelist:ForbiddenLance"],"picked":"theDuelist:RainbowOverdragon","floor":18},{"not_picked":["theDuelist:BurstBreath","theDuelist:TailSwipe"],"picked":"theDuelist:Lancephorhynchus","floor":21},{"not_picked":["theDuelist:Scapegoat","theDuelist:BlasterDragonInfernos"],"picked":"theDuelist:BusterBladerDDS","floor":23},{"not_picked":["theDuelist:TwinHeadedFire","theDuelist:Earthquake","theDuelist:BlackStego","theDuelist:WhiteNightDragon"],"picked":"theDuelist:BusterBlader+1","floor":25},{"not_picked":["theDuelist:GiantRex+1","theDuelist:BlackTyranno+1","theDuelist:MadSwordBeast","theDuelist:BlackStego"],"picked":"theDuelist:BarrelDragon","floor":27},{"not_picked":["theDuelist:ViceDragon+1","theDuelist:Kabazauls","theDuelist:Hydrogeddon","theDuelist:BlackBrutdrago"],"picked":"theDuelist:Earthquake","floor":30},{"not_picked":["theDuelist:LostWorld","theDuelist:BlueDuston","theDuelist:BlasterDragonInfernos","theDuelist:GravityLash"],"picked":"theDuelist:Scapegoat+1","floor":33},{"not_picked":["theDuelist:FiveHeaded","theDuelist:DefensiveTactics+1"],"picked":"theDuelist:QueenDragunDjinn","floor":34},{"not_picked":["theDuelist:TrihornedDragon+1","theDuelist:BarrelDragon","theDuelist:MadFlameKaiju+1","theDuelist:GiantRex"],"picked":"theDuelist:MadSwordBeast+1","floor":35},{"not_picked":["theDuelist:WhiteNightDragon+1","theDuelist:TrihornedDragon","theDuelist:TornadoDragon","theDuelist:CyberTwinDragon+1"],"picked":"theDuelist:ArmageddonDragonEmp","floor":37},{"not_picked":["theDuelist:Vandalgyon","theDuelist:TyrantWing","theDuelist:SilverWing+1","theDuelist:CastleDragonSouls+1"],"picked":"theDuelist:DragonMastery","floor":41},{"not_picked":["theDuelist:SpiralSpearStrike","theDuelist:MoltenDestruction+1","theDuelist:SystemDown+1","theDuelist:FangCritias"],"picked":"theDuelist:Mountain+1","floor":42},{"not_picked":["theDuelist:Hydrogeddon+1","theDuelist:RedRisingDragon","theDuelist:DefenseZone+3","theDuelist:TwinBarrelDragon"],"picked":"theDuelist:SnowDragon","floor":44},{"not_picked":["theDuelist:GiantRex","theDuelist:CloudianGhost+1","theDuelist:BeserkDragon","theDuelist:ThreateningRoar"],"picked":"theDuelist:FiendSkull+1","floor":45},{"not_picked":["theDuelist:SystemDown+1","theDuelist:Mountain","theDuelist:JurassicImpact"],"picked":"theDuelist:BoosterDragon","floor":48}],"player_experience":359219,"relics_obtained":[{"floor":1,"key":"SynthV:TestCard"},{"floor":3,"key":"Calipers"},{"floor":3,"key":"Shovel"},{"floor":3,"key":"hubris:FunFungus"},{"floor":6,"key":"Meat on the Bone"},{"floor":7,"key":"Bag of Marbles"},{"floor":9,"key":"Juzu Bracelet"},{"floor":12,"key":"HollowMod:PaleOreRelic"},{"floor":15,"key":"Pen Nib"},{"floor":23,"key":"Oddly Smooth Stone"},{"floor":26,"key":"Whetstone"},{"floor":30,"key":"Omamori"},{"floor":32,"key":"theDuelist:MillenniumRod"},{"floor":37,"key":"hubris:Spice"},{"floor":40,"key":"Incense Burner"},{"floor":41,"key":"Ice Cream"},{"floor":43,"key":"hubris:Spice"},{"floor":44,"key":"hubris:Spice"},{"floor":46,"key":"hubris:Spice"},{"floor":47,"key":"hubris:Spice"},{"floor":49,"key":"hubris:Spice"}],"event_choices":[{"damage_healed":0,"gold_gain":0,"player_choice":"Fight","duelist":true,"damage_taken":0,"max_hp_gain":0,"max_hp_loss":0,"event_name":"Battle City","floor":3,"gold_loss":0},{"damage_healed":0,"gold_gain":0,"player_choice":"Lose Max HP","damage_taken":0,"relics_obtained":["Golden Idol"],"max_hp_gain":0,"max_hp_loss":6,"event_name":"Golden Idol","floor":11,"gold_loss":0},{"damage_healed":54,"gold_gain":0,"player_choice":"Embrace Burn","damage_taken":0,"max_hp_gain":0,"max_hp_loss":74,"event_name":"betterThird:BetterShining","floor":13,"gold_loss":0},{"damage_healed":0,"gold_gain":0,"player_choice":"Ignored","damage_taken":0,"max_hp_gain":0,"max_hp_loss":0,"event_name":"betterNote:BetterNote","floor":19,"gold_loss":0,"cards_obtained":["Echo Form"]},{"damage_healed":0,"gold_gain":0,"player_choice":"Ignored","damage_taken":0,"max_hp_gain":0,"max_hp_loss":0,"event_name":"Beggar","floor":22,"gold_loss":0},{"damage_healed":0,"gold_gain":0,"player_choice":"Obtained Relic","damage_taken":0,"relics_obtained":["Art of War"],"max_hp_gain":0,"max_hp_loss":0,"event_name":"Addict","floor":29,"gold_loss":85},{"damage_healed":0,"gold_gain":0,"player_choice":"Dig - random Duelist relic","duelist":true,"damage_taken":0,"max_hp_gain":0,"max_hp_loss":0,"event_name":"Aknamkanon\u0027s Tomb","floor":31,"gold_loss":0},{"damage_healed":0,"gold_gain":0,"player_choice":"Fight","damage_taken":0,"max_hp_gain":0,"max_hp_loss":0,"event_name":"MindBloom","floor":37,"gold_loss":0},{"total_magic_score":102,"gold_gain":0,"duelist":true,"damage_taken":0,"relics_obtained":[],"points":6,"max_hp_gain":0,"max_hp_loss":0,"spent_points":{"magic":0,"greed":0,"war":0,"power":1,"hunger":0},"event_name":"Nameless Tomb","floor":38,"gold_loss":0,"cards_obtained":[]}],"is_beta":false,"boss_relics":[{"not_picked":["RhineFirstAidKit","GuanYuAspect"],"picked":"Pandora\u0027s Box"},{"not_picked":["Runic Pyramid","theDuelist:MillenniumKey"],"picked":"Tiny House"}],"items_purged_floors":[24],"is_endless":false,"potions_floor_spawned":[1,6,10,12,14,18,27,30,33,35,41,44,48],"killed_by":"Time Eater","ascension_level":0}}