{"host":"ju66gn9zov5ov15o","time":1608729575,"event":{"mods":["2.2 Compatiblity","Act Like it!","BaseMod","Downfall","GifTheSpireLib","Minty Spire (QoL Compilation)","Pale of the Ancients","StSLib"],"gold_per_floor":[99,115,14,26,41,57,57,75,75,175,175,175,175,35,53,154,154,154,103,118,69,83,83,107,38,73,73,73,91,91,91,91],"floor_reached":30,"playtime":1738,"items_purged":[],"score":240,"play_id":"b381bd1c-58dc-456c-be8b-7a237d010b64","local_time":"20201223141935","is_ascension_mode":false,"campfire_choices":[{"data":"expansioncontent:StudyTheSpire","floor":1,"key":"SMITH"},{"data":"expansioncontent:LastStand","floor":9,"key":"SMITH"},{"data":"champ:Taunt","floor":11,"key":"SMITH"},{"data":"champ:AdrenalArmor","floor":13,"key":"SMITH"},{"floor":18,"key":"RECALL"},{"data":"champ:Lariat","floor":28,"key":"SMITH"}],"circlet_count":0,"master_deck":["champ:Strike","champ:Strike","champ:Strike","champ:Defend","champ:Defend","champ:Defend","champ:Defend","champ:Execute","champ:Taunt+1","expansioncontent:StudyTheSpire+1","champ:Duel+1","champ:GladiatorStyle","expansioncontent:LastStand+1","champ:CrookedStrike","champ:Improvising","champ:AdrenalArmor+1","champ:CalledShot","champ:Riposte","champ:LastStand","champ:GutPunch+1","champ:Haymaker+1","champ:VampiricStrike+1","champ:FanOfKnives+1","champ:HeartStrike+1","champ:Shatter+1","champ:DeathBlow+1","champ:FocusedBerserking+1","Necronomicurse","champ:Encircle+1","champ:Lariat+1"],"relics":["champ:ChampionCrown","Molten Egg 2","Cursed Key","Necronomicon","champ:DefensiveTrainingManual","Blue Candle"],"acts_visited":["Exordium","TheCity"],"potions_floor_usage":[10,12,20,21,25,26,30,30],"damage_taken":[{"damage":0,"enemies":"Cultist","floor":2,"turns":3},{"damage":0,"enemies":"downfall:FleeingMerchant","floor":3,"turns":4},{"damage":5,"enemies":"Small Slimes","floor":4,"turns":3},{"damage":5,"enemies":"Jaw Worm","floor":5,"turns":5},{"damage":33,"enemies":"Large Slime","floor":6,"turns":8},{"damage":4,"enemies":"Red Slaver","floor":8,"turns":4},{"damage":67,"enemies":"downfall:Heads","floor":10,"turns":7},{"damage":0,"enemies":"Lots of Slimes","floor":12,"turns":1},{"damage":25,"enemies":"downfall:FleeingMerchant","floor":14,"turns":4},{"damage":2,"enemies":"3 Louse","floor":15,"turns":4},{"damage":50,"enemies":"downfall:Defect","floor":16,"turns":6},{"damage":13,"enemies":"downfall:FleeingMerchant","floor":19,"turns":4},{"damage":19,"enemies":"3 Byrds","floor":20,"turns":6},{"damage":20,"enemies":"downfall:FleeingMerchant","floor":21,"turns":4},{"damage":37,"enemies":"Centurion and Healer","floor":22,"turns":7},{"damage":50,"enemies":"downfall:FleeingMerchant","floor":25,"turns":4},{"damage":72,"enemies":"Slavers","floor":26,"turns":3},{"damage":35,"enemies":"Shelled Parasite and Fungi","floor":29,"turns":5},{"damage":87,"enemies":"Gremlin Leader","floor":30,"turns":5}],"seed_played":"-6608786166689697894","potions_obtained":[{"floor":4,"key":"Energy Potion"},{"floor":5,"key":"SmokeBomb"},{"floor":16,"key":"CultistPotion"},{"floor":20,"key":"Strength Potion"},{"floor":22,"key":"champ:OpenerPotion"},{"floor":26,"key":"Strength Potion"},{"floor":29,"key":"Swift Potion"}],"is_trial":false,"path_per_floor":["R","M","$","M","M","M","T","M","R","?","R","M","R","$","M","B",null,"R","$","M","$","M","?","T","$","E","?","R","M","E"],"character_chosen":"THE_CHAMP","items_purchased":["expansioncontent:LastStand","champ:GutPunch+1","Fire Potion","champ:HeartStrike+1","champ:DeathBlow+1","champ:Encircle+1"],"campfire_rested":0,"item_purchase_floors":[3,14,14,19,21,25],"current_hp_per_floor":[90,90,90,85,80,57,57,53,53,31,31,31,31,31,41,6,90,90,90,89,89,90,74,74,74,62,62,62,61,0,0,0],"gold":91,"neow_bonus":"RANDOM_COLORLESS_2","is_daily":false,"chose_seed":false,"campfire_upgraded":5,"win_rate":0.0,"timestamp":1608729575,"path_taken":["R","M","?","M","M","M","T","M","R","?","R","M","R","$","M","BOSS","R","$","M","$","M","?","T","$","E","?","R","M","E"],"items_purchased_type":["Card","Card","Potion","Card","Card","Card"],"build_version":"2020-12-22","purchased_purges":0,"victory":false,"max_hp_per_floor":[90,90,90,90,90,90,90,90,90,90,90,90,90,90,90,90,90,90,90,90,90,90,90,90,90,90,90,90,90,90,90,90],"card_choices":[{"not_picked":["Chrysalis","Violence"],"picked":"expansioncontent:StudyTheSpire","floor":0},{"not_picked":["champ:StanceDance","champ:BerserkersShout"],"picked":"champ:Duel","floor":2},{"not_picked":["champ:GladiatorsShout","champ:Circumvent"],"picked":"champ:GladiatorStyle","floor":3},{"not_picked":["champ:Encircle","champ:EndlessRage"],"picked":"champ:CrookedStrike","floor":4},{"not_picked":["champ:PerfectedStrike","champ:GladiatorsShout","champ:EndlessRage"],"picked":"SKIP","floor":5},{"not_picked":["champ:Haymaker","champ:FocusedGladiator"],"picked":"champ:Improvising","floor":6},{"not_picked":["champ:BladeFlurry+1","champ:EndlessRage"],"picked":"champ:AdrenalArmor","floor":8},{"not_picked":["champ:BringItOn","champ:CrookedStrike+1"],"picked":"champ:Riposte","floor":10},{"not_picked":["champ:TornadoPunch+1","champ:Aggression"],"picked":"champ:LastStand","floor":14},{"not_picked":["champ:Backstep","champ:CrookedStrike+1"],"picked":"champ:Haymaker+1","floor":15},{"not_picked":["champ:CrownThrow+1","champ:HeavySlash+1"],"picked":"champ:VampiricStrike+1","floor":16},{"not_picked":["champ:Backstep+1","champ:FlashCut+1"],"picked":"champ:FanOfKnives+1","floor":19},{"not_picked":["champ:RapidStrikes+1","champ:PerfectedStrike+1","champ:DefensiveShout"],"picked":"SKIP","floor":20},{"not_picked":["champ:EndlessRage","champ:PerfectedStrike+1"],"picked":"champ:Shatter+1","floor":21},{"not_picked":["champ:GutPunch+1","champ:FanOfKnives+1"],"picked":"champ:FocusedBerserking+1","floor":22},{"not_picked":["champ:EnGarde","champ:CrookedStrike+1","champ:BladeFlurry+1"],"picked":"SKIP","floor":25},{"not_picked":["champ:FalseCounter","champ:Improvising"],"picked":"champ:Lariat","floor":26},{"not_picked":["champ:Backstep","champ:Circumvent+1","champ:StanceDance"],"picked":"SKIP","floor":29}],"player_experience":191505,"relics_obtained":[{"floor":7,"key":"Molten Egg 2"},{"floor":23,"key":"Necronomicon"},{"floor":24,"key":"champ:DefensiveTrainingManual"},{"floor":26,"key":"Blue Candle"}],"event_choices":[{"cards_removed":["Clumsy"],"damage_healed":0,"gold_gain":0,"player_choice":"Elegance","damage_taken":0,"max_hp_gain":0,"max_hp_loss":0,"event_name":"Back to Basics","floor":27,"gold_loss":0}],"is_beta":false,"boss_relics":[{"not_picked":["Calling Bell","Tiny House"],"picked":"Cursed Key"}],"items_purged_floors":[],"is_endless":false,"potions_floor_spawned":[4,5,12,16,20,22,26,29],"killed_by":"Gremlin Leader","ascension_level":0}}