{"host":"cc187","time":1608689791,"event":{"mods":["AchievementEnabler","BaseMod","Bestiary","Colored Map","Colored Powertips","Highlight Path","Keyboard Shortcuts","Minty Spire (QoL Compilation)","Quick Restart","Rare Cards Sparkle","Relic Stats","StSLib","SuperFastMode","Synergy Search","ojb\u0027s Info Mod"],"gold_per_floor":[115,40,60,79,96,126,126,126,126,145,170,183,200,231,231,306,306,317,12,31,31,44,44,71,71,71,97,97,53,53,78,78,155,155,174,190,204,221,270,270,38,50,77,77,96,112,112,33,33,33,33,33,8,41,41,41],"floor_reached":55,"playtime":4553,"items_purged":["Strike_G","Strike_G"],"score":1423,"play_id":"f8e436f5-6ace-4575-818e-baa5d1e8efae","local_time":"20201223021631","is_ascension_mode":true,"campfire_choices":[{"floor":7,"key":"REST"},{"floor":15,"key":"RECALL"},{"floor":23,"key":"REST"},{"floor":28,"key":"REST"},{"floor":32,"key":"REST"},{"floor":40,"key":"REST"},{"floor":44,"key":"REST"},{"floor":47,"key":"REST"},{"floor":49,"key":"REST"},{"floor":52,"key":"REST"}],"circlet_count":0,"master_deck":["AscendersBane","Strike_G","Defend_G","Defend_G","Defend_G","Defend_G","Defend_G","Survivor","Neutralize","Underhanded Strike","Dagger Spray","Crippling Poison","Backflip","Noxious Fumes","Poisoned Stab+1","Acrobatics","Venomology","Adrenaline","PiercingWail+1","Well Laid Plans","Master of Strategy","Prepared","Envenom","Noxious Fumes","PiercingWail","Burst","Outmaneuver","Deadly Poison","Malaise","Impatience","Crippling Poison","Catalyst","Parasite","Bane+1"],"relics":["Fusion Hammer","Mercury Hourglass","Molten Egg 2","Paper Crane","Gremlin Horn","Bag of Preparation","Philosopher\u0027s Stone","TungstenRod","Letter Opener","Potion Belt","Nloth\u0027s Gift","StrikeDummy","SlaversCollar","Peace Pipe","Orichalcum"],"acts_visited":["Exordium","TheCity","TheBeyond","TheEnding"],"potions_floor_usage":[11,14,18,20,22,24,24,31,33,33,36,37,38,39,39,39,42,42,45,45,45,46,46,46,50,50,50,50],"damage_taken":[{"damage":12,"enemies":"Jaw Worm","floor":1,"turns":6},{"damage":0,"enemies":"Cultist","floor":3,"turns":4},{"damage":1,"enemies":"Small Slimes","floor":4,"turns":4},{"damage":4,"enemies":"Exordium Thugs","floor":5,"turns":5},{"damage":20,"enemies":"3 Sentries","floor":6,"turns":10},{"damage":0,"enemies":"3 Louse","floor":10,"turns":1},{"damage":2,"enemies":"Lagavulin","floor":11,"turns":5},{"damage":4,"enemies":"Lots of Slimes","floor":12,"turns":2},{"damage":0,"enemies":"Blue Slaver","floor":13,"turns":3},{"damage":2,"enemies":"3 Sentries","floor":14,"turns":5},{"damage":1,"enemies":"Hexaghost","floor":16,"turns":8},{"damage":11,"enemies":"Spheric Guardian","floor":18,"turns":4},{"damage":4,"enemies":"2 Thieves","floor":20,"turns":3},{"damage":0,"enemies":"3 Cultists","floor":22,"turns":4},{"damage":2,"enemies":"Book of Stabbing","floor":24,"turns":6},{"damage":0,"enemies":"Gremlin Leader","floor":27,"turns":6},{"damage":9,"enemies":"Book of Stabbing","floor":31,"turns":5},{"damage":13,"enemies":"Collector","floor":33,"turns":7},{"damage":0,"enemies":"Orb Walker","floor":35,"turns":4},{"damage":9,"enemies":"3 Shapes","floor":36,"turns":4},{"damage":19,"enemies":"Transient","floor":37,"turns":6},{"damage":22,"enemies":"Maw","floor":38,"turns":7},{"damage":18,"enemies":"2 Orb Walkers","floor":39,"turns":4},{"damage":5,"enemies":"4 Shapes","floor":42,"turns":4},{"damage":42,"enemies":"Spire Growth","floor":45,"turns":5},{"damage":0,"enemies":"Writhing Mass","floor":46,"turns":5},{"damage":22,"enemies":"Awakened One","floor":50,"turns":16},{"damage":64,"enemies":"Shield and Spear","floor":54,"turns":7},{"damage":29,"enemies":"The Heart","floor":55,"turns":2}],"seed_played":"-8056896163016174400","potions_obtained":[{"floor":1,"key":"BlessingOfTheForge"},{"floor":6,"key":"EssenceOfSteel"},{"floor":13,"key":"Explosive Potion"},{"floor":16,"key":"Explosive Potion"},{"floor":27,"key":"Explosive Potion"},{"floor":31,"key":"Fire Potion"},{"floor":37,"key":"AttackPotion"},{"floor":42,"key":"ColorlessPotion"},{"floor":45,"key":"DistilledChaos"},{"floor":46,"key":"Block Potion"},{"floor":54,"key":"Fire Potion"}],"is_trial":false,"path_per_floor":["M","?","M","M","M","E","R","T","T","M","E","M","M","E","R","B",null,"M","$","M","?","M","R","E","T","T","E","R","$","?","E","R","B",null,"M","M","M","M","?","R","$","M","T","R","M","M","R","$","R","B",null,"R","$","E","B"],"character_chosen":"THE_SILENT","items_purchased":["Well Laid Plans","Master of Strategy","Noxious Fumes","Impatience","Crippling Poison","DuplicationPotion","Bane+1"],"campfire_rested":9,"item_purchase_floors":[19,19,29,41,41,48,53],"current_hp_per_floor":[47,47,47,46,42,22,41,41,41,41,39,35,35,33,33,32,58,47,47,43,43,43,62,60,70,70,70,76,76,76,67,76,63,73,73,64,45,23,5,27,27,22,22,44,2,2,24,24,46,24,63,76,76,12,0,0],"gold":41,"neow_bonus":"BOSS_RELIC","is_daily":false,"chose_seed":false,"campfire_upgraded":0,"win_rate":0.0,"timestamp":1608689791,"path_taken":["M","?","M","M","M","E","R","?","T","M","E","?","M","E","R","BOSS","M","$","?","?","?","R","E","?","T","E","R","?","?","E","R","BOSS","M","?","M","M","?","R","$","M","T","R","M","M","R","$","R","BOSS","R","$","E","BOSS"],"items_purchased_type":["Card","Card","Card","Card","Card","Potion","Card"],"build_version":"2020-12-18","purchased_purges":2,"victory":false,"max_hp_per_floor":[66,66,66,66,66,66,66,66,66,66,66,66,66,66,66,66,66,66,66,66,66,66,66,66,76,76,76,76,76,76,76,76,76,76,76,76,76,76,76,76,76,76,76,76,76,76,76,76,76,76,76,76,76,76,76,76],"relic_stats":{"Peace Pipe":0,"Gremlin Horn":[24,24],"counters":[29,151],"Bag of Preparation":[38],"Nloth\u0027s Gift":0,"Letter Opener":[520],"Orichalcum":[6],"obtain_stats":[{"Potion Belt":27,"Pear":25,"Gremlin Horn":11,"Bag of Preparation":14,"Letter Opener":26,"Paper Crane":9,"Orichalcum":54,"Mercury Hourglass":6,"Peace Pipe":39,"SlaversCollar":34,"Molten Egg 2":8,"Philosopher\u0027s Stone":17,"Fusion Hammer":0,"Nloth\u0027s Gift":30,"StrikeDummy":31,"TungstenRod":24,"Ring of the Snake":0},{"Potion Belt":16,"Pear":15,"Gremlin Horn":7,"Bag of Preparation":10,"Letter Opener":15,"Paper Crane":5,"Orichalcum":28,"Mercury Hourglass":5,"Peace Pipe":23,"SlaversCollar":18,"Molten Egg 2":5,"Philosopher\u0027s Stone":11,"Fusion Hammer":0,"Nloth\u0027s Gift":16,"StrikeDummy":17,"TungstenRod":15,"Ring of the Snake":0},{"Potion Belt":76,"Pear":70,"Gremlin Horn":35,"Bag of Preparation":45,"Letter Opener":70,"Paper Crane":29,"Orichalcum":149,"Mercury Hourglass":29,"Peace Pipe":113,"SlaversCollar":88,"Molten Egg 2":29,"Philosopher\u0027s Stone":53,"Fusion Hammer":0,"Nloth\u0027s Gift":76,"StrikeDummy":81,"TungstenRod":70,"Ring of the Snake":0}],"TungstenRod":48,"Mercury Hourglass":[503]},"card_choices":[{"not_picked":["Predator","Noxious Fumes"],"picked":"Underhanded Strike","floor":1},{"not_picked":["Skewer","Flying Knee"],"picked":"Dagger Spray","floor":3},{"not_picked":["Finisher","Flying Knee"],"picked":"Crippling Poison","floor":4},{"not_picked":["Accuracy","Dagger Throw"],"picked":"Backflip","floor":5},{"not_picked":["Crippling Poison","Acrobatics"],"picked":"Noxious Fumes","floor":6},{"not_picked":["Quick Slash+1","Setup","Choke+1"],"picked":"SKIP","floor":10},{"not_picked":["Riddle With Holes+1","Blur"],"picked":"Poisoned Stab+1","floor":11},{"not_picked":["Crippling Poison","Deflect"],"picked":"Acrobatics","floor":12},{"not_picked":["Predator+1","Outmaneuver","Choke+1"],"picked":"SKIP","floor":13},{"not_picked":["Bane+1","Accuracy"],"picked":"Venomology","floor":14},{"not_picked":["Bullet Time","Envenom"],"picked":"Adrenaline","floor":16},{"not_picked":["Flechettes+1","Dash+1"],"picked":"PiercingWail+1","floor":18},{"not_picked":["Deadly Poison","Dagger Throw+1"],"picked":"Prepared","floor":20},{"not_picked":["Underhanded Strike+1","Flying Knee+1","Sucker Punch+1"],"picked":"SKIP","floor":22},{"not_picked":["Concentrate","Dodge and Roll"],"picked":"Envenom","floor":24},{"not_picked":["Finisher+1","Quick Slash+1","Deflect"],"picked":"SKIP","floor":27},{"not_picked":["Prepared","Eviscerate+1"],"picked":"PiercingWail","floor":31},{"not_picked":["A Thousand Cuts","Storm of Steel"],"picked":"Burst","floor":33},{"not_picked":["Well Laid Plans+1","Underhanded Strike+1"],"picked":"Outmaneuver","floor":35},{"not_picked":["Infinite Blades","Endless Agony+1"],"picked":"Deadly Poison","floor":36},{"not_picked":["Slice+1","Deflect","Blade Dance+1"],"picked":"SKIP","floor":37},{"not_picked":["Sucker Punch+1","Dagger Throw+1","Prepared"],"picked":"SKIP","floor":38},{"not_picked":["Outmaneuver","Slice+1"],"picked":"Malaise","floor":39},{"not_picked":["Quick Slash+1","Accuracy","Underhanded Strike+1"],"picked":"SKIP","floor":42},{"not_picked":["Blade Dance+1","Deadly Poison"],"picked":"Catalyst","floor":45},{"not_picked":["Expertise","Poisoned Stab+1","Quick Slash+1"],"picked":"SKIP","floor":46},{"not_picked":["Skewer+1","Backstab+1","Deflect"],"picked":"SKIP","floor":54}],"player_experience":837564,"relics_obtained":[{"floor":6,"key":"Mercury Hourglass"},{"floor":8,"key":"Molten Egg 2"},{"floor":9,"key":"Paper Crane"},{"floor":11,"key":"Gremlin Horn"},{"floor":14,"key":"Bag of Preparation"},{"floor":24,"key":"TungstenRod"},{"floor":25,"key":"Pear"},{"floor":26,"key":"Letter Opener"},{"floor":27,"key":"Potion Belt"},{"floor":31,"key":"StrikeDummy"},{"floor":39,"key":"Peace Pipe"},{"floor":54,"key":"Orichalcum"}],"event_choices":[{"cards_removed":["Strike_G"],"damage_healed":0,"gold_gain":0,"player_choice":"Card Removal","damage_taken":0,"max_hp_gain":0,"max_hp_loss":0,"event_name":"The Cleric","floor":2,"gold_loss":75},{"cards_removed":["Strike_G"],"damage_healed":0,"gold_gain":0,"player_choice":"Purged","damage_taken":0,"max_hp_gain":0,"max_hp_loss":0,"event_name":"Purifier","floor":21,"gold_loss":0},{"damage_healed":0,"gold_gain":0,"player_choice":"Traded Relic","damage_taken":0,"relics_obtained":["Nloth\u0027s Gift"],"max_hp_gain":0,"max_hp_loss":0,"event_name":"N\u0027loth","floor":30,"relics_lost":["Pear"],"gold_loss":0},{"damage_healed":0,"gold_gain":0,"player_choice":"Fight","damage_taken":0,"max_hp_gain":0,"max_hp_loss":0,"event_name":"Mysterious Sphere","floor":39,"gold_loss":0}],"is_beta":true,"boss_relics":[{"not_picked":["Runic Dome","Sozu"],"picked":"Philosopher\u0027s Stone"},{"not_picked":["WristBlade","Snecko Eye"],"picked":"SlaversCollar"}],"items_purged_floors":[19,41],"is_endless":false,"potions_floor_spawned":[1,6,10,13,16,20,27,31,37,42,45,46,54],"killed_by":"The Heart","ascension_level":18}}