{"host":"h0xw20cia6ppa69g","time":1608721451,"event":{"mods":["AchievementEnabler","BaseMod","Colored Map","Filter the Spire","Googly Eyes","Minty Spire (QoL Compilation)","Relic Stats","StSLib","The Awakened One except there are too many feathers","everything is the same but u backflip on backflip"],"gold_per_floor":[117,133,133,153,173,173,21,21,21,99,130,145,145,189,189,320,320,344,344,344,364,364,364,378,414,487,487,508,547,547,561,561,692,692,707,707,727,727,1060,1060,1093,722,722,757,771,771,853,140,140,140,140,140,140,175,175],"floor_reached":56,"playtime":2036,"items_purged":["Pain","Writhe"],"score":1611,"play_id":"decb0a69-36c7-4b53-b43a-e92e740504ee","local_time":"20201223050411","is_ascension_mode":true,"campfire_choices":[{"data":"Armaments","floor":6.0,"key":"SMITH"},{"data":"Limit Break","floor":8.0,"key":"SMITH"},{"data":"Flex","floor":13.0,"key":"SMITH"},{"data":"Limit Break","floor":15.0,"key":"SMITH"},{"data":"Limit Break","floor":23.0,"key":"SMITH"},{"data":"Flame Barrier","floor":27.0,"key":"SMITH"},{"data":"Double Tap","floor":30.0,"key":"SMITH"},{"data":"Heavy Blade","floor":32,"key":"SMITH"},{"floor":40,"key":"RECALL"},{"floor":46,"key":"DIG"},{"floor":49,"key":"DIG"},{"floor":52,"key":"DIG"}],"circlet_count":0,"master_deck":["Rage","Heavy Blade+1","Body Slam","Ghostly Armor+1","Flex+1","Anger","Impervious","Thunderclap","Limit Break+1","Pummel","True Grit+1","Armaments+1","Limit Break+1","Shrug It Off","Inflame","Shrug It Off","Limit Break+1","Body Slam+1","Flame Barrier+1","Double Tap+1","Exhume","True Grit","Offering","Flame Barrier","Disarm","Sword Boomerang+1","Burning Pact","Headbutt","Metallicize"],"relics":["Pandora\u0027s Box","DollysMirror","War Paint","Sundial","Singing Bowl","TungstenRod","Cursed Key","MutagenicStrength","Vajra","Incense Burner","Runic Pyramid","Darkstone Periapt","Ice Cream","Shovel","CaptainsWheel","Mercury Hourglass","TheAbacus","Paper Frog","Ancient Tea Set","Unceasing Top","Blue Candle","Centennial Puzzle"],"acts_visited":["Exordium","TheCity","TheBeyond","TheEnding"],"potions_floor_usage":[55,55],"damage_taken":[{"damage":0.0,"enemies":"2 Louse","floor":1.0,"turns":2.0},{"damage":1.0,"enemies":"Jaw Worm","floor":2.0,"turns":2.0},{"damage":0.0,"enemies":"Small Slimes","floor":4.0,"turns":1.0},{"damage":0.0,"enemies":"Blue Slaver","floor":5.0,"turns":3.0},{"damage":18.0,"enemies":"3 Sentries","floor":10.0,"turns":8.0},{"damage":13.0,"enemies":"Lagavulin","floor":11.0,"turns":6.0},{"damage":0.0,"enemies":"Exordium Wildlife","floor":12.0,"turns":2.0},{"damage":6.0,"enemies":"3 Sentries","floor":14.0,"turns":5.0},{"damage":0.0,"enemies":"Slime Boss","floor":16.0,"turns":5.0},{"damage":0.0,"enemies":"2 Thieves","floor":18.0,"turns":2.0},{"damage":10.0,"enemies":"Shell Parasite","floor":21.0,"turns":2.0},{"damage":0.0,"enemies":"Snake Plant","floor":24.0,"turns":3.0},{"damage":10.0,"enemies":"Book of Stabbing","floor":25.0,"turns":2.0},{"damage":0.0,"enemies":"Shelled Parasite and Fungi","floor":28.0,"turns":3.0},{"damage":7.0,"enemies":"Slavers","floor":29.0,"turns":5.0},{"damage":5,"enemies":"Centurion and Healer","floor":31,"turns":10},{"damage":0,"enemies":"Collector","floor":33,"turns":4},{"damage":0,"enemies":"3 Darklings","floor":35,"turns":7},{"damage":0,"enemies":"Orb Walker","floor":37,"turns":5},{"damage":5,"enemies":"Giant Head","floor":41,"turns":5},{"damage":5,"enemies":"Nemesis","floor":44,"turns":3},{"damage":5,"enemies":"Sphere and 2 Shapes","floor":45,"turns":6},{"damage":10,"enemies":"Donu and Deca","floor":50,"turns":4},{"damage":18,"enemies":"Shield and Spear","floor":54,"turns":8},{"damage":54,"enemies":"The Heart","floor":55,"turns":6}],"seed_played":"-7054911810974195171","potions_obtained":[{"floor":1.0,"key":"SpeedPotion"},{"floor":4.0,"key":"FearPotion"},{"floor":11.0,"key":"Swift Potion"},{"floor":14.0,"key":"Energy Potion"},{"floor":18.0,"key":"PowerPotion"},{"floor":31,"key":"Energy Potion"}],"is_trial":false,"path_per_floor":["M","M","?","M","M","R","$","R","T","?","E","M","R","E","R","B",null,"M","?","?","M","?","R","M","E","T","R","M","E","R","M","R","B",null,"M","?","M","?","?","R","E","$","T","E","M","R","T","$","R","B",null,"R","$","E","B",null],"character_chosen":"IRONCLAD","items_purchased":["DollysMirror","Ice Cream","TheAbacus","Paper Frog","Ancient Tea Set","Metallicize"],"campfire_rested":0,"item_purchase_floors":[7,42,48,48,48,48],"current_hp_per_floor":[80,79,59,59,59,59,59,59,59,41,28,28,28,22,22,22,80,80,80,80,72,57,57,59,49,49,49,51,44,44,39,39,39,91,91,91,91,91,91,91,86,86,86,81,76,76,82,82,82,72,97,97,97,81,27],"gold":175,"neow_bonus":"BOSS_RELIC","is_daily":false,"chose_seed":false,"campfire_upgraded":8,"win_rate":0.0,"timestamp":1608721451,"path_taken":["M","M","?","M","M","R","$","R","T","?","E","M","R","E","R","BOSS","M","?","?","?","?","R","M","E","T","R","M","E","R","M","R","BOSS","M","?","M","?","?","R","E","$","T","E","M","R","?","$","R","BOSS","R","$","E","BOSS"],"items_purchased_type":["Relic","Relic","Relic","Relic","Relic","Card"],"build_version":"2020-12-22","purchased_purges":2,"victory":true,"max_hp_per_floor":[80,80,80,80,80,80,80,80,80,80,80,80,80,80,80,80,80,80,80,80,82,87,87,89,89,89,89,91,91,91,91,91,91,91,91,91,91,91,91,91,91,91,91,91,91,91,97,97,97,97,97,97,97,99,99],"relic_stats":{"Darkstone Periapt":6,"Singing Bowl":8,"counters":[25,109],"Blue Candle":[0],"War Paint":["True Grit","Ghostly Armor"],"Cursed Key":2,"Mercury Hourglass":[63],"Centennial Puzzle":[3],"Shovel":3,"TheAbacus":[12],"Sundial":[8],"Pandora\u0027s Box":["Rage","Heavy Blade","Body Slam","Ghostly Armor","Flex","Anger","Impervious","Thunderclap","Limit Break"],"obtain_stats":[{"Darkstone Periapt":41,"Ice Cream":42,"Singing Bowl":11,"Golden Idol":3,"Blue Candle":52,"Vajra":25,"Incense Burner":29,"War Paint":9,"Cursed Key":17,"Ancient Tea Set":48,"Burning Blood":0,"Mercury Hourglass":47,"CaptainsWheel":46,"Centennial Puzzle":54,"Shovel":44,"TheAbacus":48,"DollysMirror":7,"Sundial":10,"MutagenicStrength":19,"Pandora\u0027s Box":0,"TungstenRod":14,"Unceasing Top":49,"Runic Pyramid":34,"Paper Frog":48},{"Darkstone Periapt":20,"Ice Cream":20,"Singing Bowl":6,"Golden Idol":2,"Blue Candle":23,"Vajra":13,"Incense Burner":15,"War Paint":4,"Cursed Key":9,"Ancient Tea Set":22,"Burning Blood":0,"Mercury Hourglass":22,"CaptainsWheel":22,"Centennial Puzzle":24,"Shovel":21,"TheAbacus":22,"DollysMirror":4,"Sundial":5,"MutagenicStrength":10,"Pandora\u0027s Box":0,"TungstenRod":8,"Unceasing Top":22,"Runic Pyramid":17,"Paper Frog":22},{"Darkstone Periapt":82,"Ice Cream":82,"Singing Bowl":22,"Golden Idol":4,"Blue Candle":95,"Vajra":43,"Incense Burner":51,"War Paint":8,"Cursed Key":34,"Ancient Tea Set":91,"Burning Blood":0,"Mercury Hourglass":91,"CaptainsWheel":91,"Centennial Puzzle":103,"Shovel":85,"TheAbacus":91,"DollysMirror":8,"Sundial":16,"MutagenicStrength":36,"Pandora\u0027s Box":0,"TungstenRod":29,"Unceasing Top":91,"Runic Pyramid":65,"Paper Frog":91}],"TungstenRod":44,"Unceasing Top":[1]},"card_choices":[{"not_picked":["Twin Strike","Rage"],"picked":"Pummel","floor":1.0},{"not_picked":["Clothesline","Anger"],"picked":"True Grit","floor":2.0},{"not_picked":["Rupture","Perfected Strike"],"picked":"Armaments","floor":4.0},{"not_picked":["Heavy Blade","Searing Blow","Armaments"],"picked":"SKIP","floor":5.0},{"not_picked":["Power Through","Evolve"],"picked":"Shrug It Off","floor":11.0},{"not_picked":["Fiend Fire","Shrug It Off"],"picked":"Inflame","floor":12.0},{"not_picked":["Anger","Sentinel"],"picked":"Shrug It Off","floor":14.0},{"not_picked":["Bludgeon","Barricade"],"picked":"Limit Break","floor":16.0},{"not_picked":["Anger","Cleave+1"],"picked":"Body Slam+1","floor":18.0},{"not_picked":["Intimidate","Havoc","Blood for Blood"],"picked":"Singing Bowl","floor":21.0},{"not_picked":["Armaments","Body Slam","Flex"],"picked":"Singing Bowl","floor":24.0},{"not_picked":["Reckless Charge","Pummel"],"picked":"Double Tap","floor":25.0},{"not_picked":["Dropkick","Clash","Iron Wave+1"],"picked":"Singing Bowl","floor":28.0},{"not_picked":["Shrug It Off","Rupture"],"picked":"Exhume","floor":29.0},{"not_picked":["Hemokinesis","Perfected Strike+1"],"picked":"True Grit","floor":31},{"not_picked":["Feed","Bludgeon"],"picked":"Offering","floor":33},{"not_picked":["Iron Wave+1","Inflame+1"],"picked":"Flame Barrier","floor":35},{"not_picked":["Havoc+1","Body Slam"],"picked":"Disarm","floor":37},{"not_picked":["Body Slam+1","Shrug It Off+1"],"picked":"Sword Boomerang+1","floor":41},{"not_picked":["Seeing Red","Body Slam+1"],"picked":"Burning Pact","floor":44},{"not_picked":["Twin Strike+1","Cleave"],"picked":"Headbutt","floor":45},{"not_picked":["Sword Boomerang","Iron Wave","Thunderclap"],"picked":"Singing Bowl","floor":54}],"player_experience":3538039,"relics_obtained":[{"floor":9.0,"key":"War Paint"},{"floor":10.0,"key":"Sundial"},{"floor":11.0,"key":"Singing Bowl"},{"floor":14.0,"key":"TungstenRod"},{"floor":25.0,"key":"Vajra"},{"floor":29.0,"key":"Incense Burner"},{"floor":41,"key":"Darkstone Periapt"},{"floor":44,"key":"Shovel"},{"floor":46,"key":"CaptainsWheel"},{"floor":47,"key":"Mercury Hourglass"},{"floor":49,"key":"Unceasing Top"},{"floor":52,"key":"Blue Candle"},{"floor":54,"key":"Centennial Puzzle"}],"event_choices":[{"damage_healed":0.0,"max_hp_gain":0.0,"max_hp_loss":0.0,"gold_gain":0.0,"event_name":"Golden Idol","player_choice":"Take Damage","floor":3.0,"gold_loss":0.0,"damage_taken":20.0,"relics_obtained":["Golden Idol"]},{"damage_healed":0.0,"max_hp_gain":0.0,"max_hp_loss":0.0,"gold_gain":0.0,"event_name":"Dead Adventurer","player_choice":"Searched \u00271\u0027 times","floor":10.0,"gold_loss":0.0,"damage_taken":0.0},{"damage_healed":0.0,"max_hp_gain":0.0,"max_hp_loss":0.0,"gold_gain":0.0,"event_name":"Drug Dealer","player_choice":"Inject Mutagens","floor":19.0,"gold_loss":0.0,"damage_taken":0.0,"relics_obtained":["MutagenicStrength"]},{"damage_healed":0.0,"max_hp_gain":0.0,"max_hp_loss":0.0,"gold_gain":0.0,"event_name":"The Library","player_choice":"Read","floor":20.0,"gold_loss":0.0,"damage_taken":0.0,"cards_obtained":["Flame Barrier"]},{"damage_healed":0.0,"max_hp_gain":5.0,"max_hp_loss":0.0,"gold_gain":0.0,"event_name":"Forgotten Altar","player_choice":"Shed Blood","floor":22.0,"gold_loss":0.0,"damage_taken":21.0},{"cards_removed":["Bash"],"damage_healed":0,"gold_gain":0,"player_choice":"Removed Attack","damage_taken":0,"max_hp_gain":0,"max_hp_loss":0,"event_name":"Falling","floor":36,"gold_loss":0},{"damage_healed":0,"gold_gain":0,"player_choice":"Ignored","damage_taken":0,"max_hp_gain":0,"max_hp_loss":0,"event_name":"Tomb of Lord Red Mask","floor":38,"gold_loss":0},{"damage_healed":0,"gold_gain":333,"player_choice":"Gave Idol","damage_taken":0,"max_hp_gain":0,"max_hp_loss":0,"event_name":"The Moai Head","floor":39,"relics_lost":["Golden Idol"],"gold_loss":0}],"is_beta":false,"boss_relics":[{"not_picked":["Tiny House","Runic Dome"],"picked":"Cursed Key"},{"not_picked":["Velvet Choker","SlaversCollar"],"picked":"Runic Pyramid"}],"items_purged_floors":[42,48],"is_endless":false,"potions_floor_spawned":[1,4,11,14,18,21,24,31,35,41,45,54],"ascension_level":1}}