{"host":"3jpwrwmmgyabjceh","time":1608727852,"event":{"mods":["AchievementEnabler","BaseMod","Colored Map","Colored Powertips","Highlight Path","Minty Spire (QoL Compilation)","Quick Restart","StSLib"],"gold_per_floor":[211,231,242,242,242,242,21,55,55,55,74,92,92,110,110,208,208,220,52,81,81,81,81,107,127,127,145,145,180,180,199,199,199,199],"floor_reached":33,"playtime":962,"items_purged":["Strike_R"],"score":388,"play_id":"6ae42d24-db98-4c67-af4f-87ee88f5151e","local_time":"20201223155052","is_ascension_mode":true,"campfire_choices":[{"data":"Whirlwind","floor":6,"key":"SMITH"},{"data":"Twin Strike","floor":10,"key":"SMITH"},{"data":"Searing Blow","floor":13,"key":"SMITH"},{"data":"Searing Blow+1","floor":15,"key":"SMITH"},{"data":"Searing Blow+2","floor":23,"key":"SMITH"},{"data":"Searing Blow+3","floor":28,"key":"SMITH"},{"data":"Searing Blow+4","floor":30,"key":"SMITH"},{"data":"Searing Blow+5","floor":32,"key":"SMITH"}],"circlet_count":0,"master_deck":["Strike_R","Strike_R","Strike_R","Defend_R","Defend_R","Defend_R","Defend_R","Bash+1","Whirlwind+1","Twin Strike+1","Searing Blow+6","Armaments","Armaments+1","Writhe","Metallicize+1","Battle Trance+1"],"relics":["Burning Blood","Membership Card","Bronze Scales","WingedGreaves","Gremlin Horn","Velvet Choker","Toxic Egg 2","Red Mask","Boot","Meat on the Bone","MealTicket","Thread and Needle","Tiny Chest"],"acts_visited":["Exordium","TheCity"],"potions_floor_usage":[8,14,16,18,20,29,33,33],"damage_taken":[{"damage":0,"enemies":"2 Louse","floor":1,"turns":2},{"damage":11,"enemies":"Jaw Worm","floor":2,"turns":4},{"damage":1,"enemies":"Cultist","floor":3,"turns":3},{"damage":35,"enemies":"3 Sentries","floor":8,"turns":7},{"damage":6,"enemies":"Blue Slaver","floor":11,"turns":3},{"damage":0,"enemies":"2 Fungi Beasts","floor":12,"turns":1},{"damage":0,"enemies":"Looter","floor":14,"turns":1},{"damage":13,"enemies":"Slime Boss","floor":16,"turns":7},{"damage":3,"enemies":"2 Thieves","floor":18,"turns":4},{"damage":0,"enemies":"Masked Bandits","floor":20,"turns":1},{"damage":10,"enemies":"Gremlin Leader","floor":24,"turns":5},{"damage":0,"enemies":"3 Byrds","floor":25,"turns":3},{"damage":11,"enemies":"Sentry and Sphere","floor":27,"turns":7},{"damage":29,"enemies":"Book of Stabbing","floor":29,"turns":5},{"damage":0,"enemies":"Centurion and Healer","floor":31,"turns":3},{"damage":76,"enemies":"Champ","floor":33,"turns":8}],"seed_played":"8853034209815397642","potions_obtained":[{"floor":3,"key":"SpeedPotion"},{"floor":8,"key":"DistilledChaos"},{"floor":11,"key":"SneckoOil"},{"floor":16,"key":"SpeedPotion"},{"floor":18,"key":"PowerPotion"},{"floor":24,"key":"Fire Potion"},{"floor":29,"key":"Energy Potion"},{"floor":31,"key":"FearPotion"}],"is_trial":false,"path_per_floor":["M","M","M","?","?","R","$","E","T","R","M","M","R","M","R","B",null,"M","$","?","?","T","R","E","M","T","M","R","E","R","M","R","B"],"character_chosen":"IRONCLAD","items_purchased":["Membership Card","Bronze Scales","Toxic Egg 2"],"campfire_rested":0,"item_purchase_floors":[7,7,19],"current_hp_per_floor":[80,75,80,80,80,80,80,51,51,51,51,57,57,63,63,56,74,77,77,80,80,80,80,76,80,80,75,75,52,52,58,58,0,0],"gold":199,"neow_bonus":"HUNDRED_GOLD","is_daily":false,"chose_seed":false,"campfire_upgraded":8,"win_rate":0.0,"timestamp":1608727852,"path_taken":["M","M","M","?","?","R","$","E","T","R","?","M","R","M","R","BOSS","M","$","?","?","?","R","E","M","T","M","R","E","R","M","R","BOSS"],"items_purchased_type":["Relic","Relic","Relic"],"build_version":"2020-12-22","purchased_purges":1,"victory":false,"max_hp_per_floor":[80,80,80,80,80,80,80,80,80,80,80,80,80,80,80,80,80,80,80,80,80,80,80,80,80,80,80,80,80,80,80,80,80,80],"card_choices":[{"not_picked":["Iron Wave","Burning Pact"],"picked":"Whirlwind","floor":1},{"not_picked":["Warcry","Clothesline"],"picked":"Twin Strike","floor":2},{"not_picked":["Pummel","Sentinel","Shrug It Off"],"picked":"SKIP","floor":3},{"not_picked":["Intimidate","Warcry","Thunderclap"],"picked":"SKIP","floor":8},{"not_picked":["Shockwave","Body Slam"],"picked":"Searing Blow","floor":11},{"not_picked":["Power Through","Flame Barrier","Flex"],"picked":"SKIP","floor":12},{"not_picked":["Twin Strike","Fire Breathing","Heavy Blade"],"picked":"SKIP","floor":14},{"not_picked":["Flex","Cleave+1"],"picked":"Armaments","floor":18},{"not_picked":["Body Slam","Clothesline"],"picked":"Armaments+1","floor":20},{"not_picked":["Power Through+1","Perfected Strike"],"picked":"Metallicize+1","floor":24},{"not_picked":["Infernal Blade+1","Body Slam+1","Flame Barrier+1"],"picked":"SKIP","floor":25},{"not_picked":["Heavy Blade","Clothesline","Twin Strike"],"picked":"SKIP","floor":27},{"not_picked":["Blood for Blood","Second Wind+1"],"picked":"Battle Trance+1","floor":29},{"not_picked":["Perfected Strike+1","Dark Embrace","Clash"],"picked":"SKIP","floor":31}],"player_experience":253837,"relics_obtained":[{"floor":8,"key":"WingedGreaves"},{"floor":9,"key":"Gremlin Horn"},{"floor":20,"key":"Red Mask"},{"floor":22,"key":"Meat on the Bone"},{"floor":24,"key":"MealTicket"},{"floor":26,"key":"Thread and Needle"},{"floor":29,"key":"Tiny Chest"}],"event_choices":[{"cards_removed":["Strike_R"],"damage_healed":0,"gold_gain":0,"player_choice":"Forget","damage_taken":0,"max_hp_gain":0,"max_hp_loss":0,"event_name":"Living Wall","floor":4,"gold_loss":0},{"damage_healed":0,"gold_gain":0,"player_choice":"Upgraded","damage_taken":0,"max_hp_gain":0,"max_hp_loss":0,"event_name":"Upgrade Shrine","floor":5,"gold_loss":0,"cards_upgraded":["Bash"]},{"damage_healed":0,"gold_gain":0,"player_choice":"Fought Bandits","damage_taken":0,"max_hp_gain":0,"max_hp_loss":0,"event_name":"Masked Bandits","floor":20,"gold_loss":0},{"damage_healed":0,"gold_gain":0,"player_choice":"Opened","damage_taken":0,"relics_obtained":["Boot"],"max_hp_gain":0,"max_hp_loss":0,"event_name":"The Mausoleum","floor":21,"gold_loss":0,"cards_obtained":["Writhe"]}],"is_beta":false,"boss_relics":[{"not_picked":["Mark of Pain","SlaversCollar"],"picked":"Velvet Choker"}],"items_purged_floors":[19],"is_endless":false,"potions_floor_spawned":[3,8,11,16,18,24,29,31],"killed_by":"Champ","ascension_level":5}}