{"host":"dcj2yvrgcvh5dl2s","time":1608688523,"event":{"mods":["BaseMod","Better Note","Block Reminder","Colored Powertips","DeckTracker","Minty Spire (QoL Compilation)","Quick Restart","Rare Cards Sparkle","Relic Stats","StSLib"],"gold_per_floor":[18,293,310,321,309,309,338,338,362,388,388,388,3,32,32,110,110,130,53,63,15,28,28,28,61,109,129,129,228,253,270,270,341,341,355,355,124,140,158,158,191,191,191,0,0,16,45,70,70,70,70],"floor_reached":50,"playtime":2144,"items_purged":["Strike_R","Strike_R","Strike_R"],"score":991,"play_id":"395aaae3-6a06-482f-ae8e-f435e024a165","local_time":"20201223115523","is_ascension_mode":true,"campfire_choices":[{"data":"Carnage","floor":6,"key":"SMITH"},{"data":"Infernal Blade","floor":8,"key":"SMITH"},{"floor":11,"key":"REST"},{"data":"Offering","floor":15,"key":"SMITH"},{"data":"Flex","floor":23,"key":"SMITH"},{"data":"Exhume","floor":28,"key":"SMITH"},{"floor":32,"key":"REST"},{"floor":40,"key":"REST"},{"floor":42,"key":"REST"},{"floor":49,"key":"REST"}],"circlet_count":0,"master_deck":["AscendersBane","Strike_R","Strike_R","Defend_R+1","Defend_R","Defend_R+1","Defend_R","Bash","Reaper","Shrug It Off","Carnage+1","Cleave","Dropkick","Infernal Blade+1","Disarm","Offering+1","Metallicize","Shrug It Off","Feel No Pain","Immolate","CurseOfTheBell","Shrug It Off","Flex+1","Sword Boomerang","Shrug It Off","Pommel Strike+1","Exhume+1","Intimidate","Shockwave","Heavy Blade","Offering","Dropkick","Chrysalis","Bandage Up","Jack Of All Trades","Thunderclap","Inflame","Shrug It Off","Flex","Parasite"],"relics":["Burning Blood","MealTicket","Nunchaku","Potion Belt","Spirit Poop","Membership Card","War Paint","Strawberry","Calling Bell","Dream Catcher","Gremlin Horn","StoneCalendar","Letter Opener","Happy Flower","Bronze Scales","Fusion Hammer","Regal Pillow","Pen Nib","Akabeko","Meat on the Bone","Red Mask","Boot","Omamori"],"acts_visited":["TheCity","TheBeyond"],"potions_floor_usage":[10,16,25,30,33,41,50,50],"damage_taken":[{"damage":8,"enemies":"Small Slimes","floor":1,"turns":4},{"damage":6,"enemies":"Cultist","floor":3,"turns":3},{"damage":5,"enemies":"2 Louse","floor":4,"turns":2},{"damage":24,"enemies":"Exordium Thugs","floor":5,"turns":4},{"damage":37,"enemies":"3 Sentries","floor":7,"turns":6},{"damage":18,"enemies":"Lagavulin","floor":10,"turns":6},{"damage":21,"enemies":"Gremlin Nob","floor":14,"turns":4},{"damage":60,"enemies":"The Guardian","floor":16,"turns":10},{"damage":25,"enemies":"Spheric Guardian","floor":18,"turns":4},{"damage":35,"enemies":"Shell Parasite","floor":20,"turns":6},{"damage":40,"enemies":"Shelled Parasite and Fungi","floor":22,"turns":6},{"damage":42,"enemies":"Slavers","floor":25,"turns":4},{"damage":6,"enemies":"Cultist and Chosen","floor":27,"turns":4},{"damage":30,"enemies":"Gremlin Leader","floor":30,"turns":5},{"damage":19,"enemies":"Snecko","floor":31,"turns":6},{"damage":43,"enemies":"Collector","floor":33,"turns":7},{"damage":7,"enemies":"Orb Walker","floor":35,"turns":2},{"damage":35,"enemies":"3 Shapes","floor":38,"turns":2},{"damage":30,"enemies":"Maw","floor":39,"turns":8},{"damage":29,"enemies":"Nemesis","floor":41,"turns":6},{"damage":54,"enemies":"Writhing Mass","floor":46,"turns":5},{"damage":35,"enemies":"Reptomancer","floor":47,"turns":4},{"damage":108,"enemies":"Time Eater","floor":50,"turns":9}],"seed_played":"-1502857790543391023","potions_obtained":[{"floor":5,"key":"HeartOfIron"},{"floor":10,"key":"BloodPotion"},{"floor":20,"key":"Regen Potion"},{"floor":30,"key":"Fruit Juice"},{"floor":31,"key":"ColorlessPotion"},{"floor":33,"key":"Block Potion"},{"floor":46,"key":"SteroidPotion"},{"floor":47,"key":"LiquidBronze"}],"is_trial":false,"path_per_floor":["M","?","M","M","M","R","E","R","T","E","R","?","$","E","R","B",null,"M","$","M","$","M","R","?","E","T","M","R","?","E","M","R","B",null,"M","?","$","M","M","R","E","R","T","?","?","M","E","T","R","B"],"character_chosen":"IRONCLAD","items_purchased":["Membership Card","Offering","Metallicize","War Paint","Shrug It Off","Flex","Sword Boomerang","Shrug It Off","Regal Pillow","Pen Nib","Thunderclap"],"campfire_rested":5,"item_purchase_floors":[13,13,13,13,13,19,21,21,37,37,37],"current_hp_per_floor":[78,78,78,79,61,61,42,42,42,36,60,60,75,73,73,40,75,60,75,55,70,40,40,69,51,51,51,51,51,48,39,66,35,78,77,67,82,53,48,90,80,92,92,92,87,61,68,68,87,0,0],"gold":70,"neow_bonus":"THREE_RARE_CARDS","is_daily":false,"chose_seed":false,"campfire_upgraded":5,"win_rate":0.0,"timestamp":1608688523,"path_taken":["M","?","M","?","M","R","E","R","T","E","R","?","$","E","R","BOSS","M","$","M","$","M","R","?","E","T","M","R","?","E","?","R","BOSS","M","?","$","M","M","R","E","R","T","?","?","?","E","?","R","BOSS"],"items_purchased_type":["Relic","Card","Card","Relic","Card","Card","Card","Card","Relic","Relic","Card"],"build_version":"2020-12-13","purchased_purges":3,"victory":false,"max_hp_per_floor":[80,80,80,80,80,80,80,80,80,80,80,80,80,87,87,87,87,87,87,87,87,87,87,87,87,87,87,87,87,92,92,92,92,92,92,92,92,92,92,92,92,92,92,92,87,87,87,87,87,87,87],"relic_stats":{"Regal Pillow":15,"Gremlin Horn":[15,15],"Happy Flower":[19],"counters":[23,117],"StoneCalendar":[109],"Pen Nib":[6],"Letter Opener":[156],"War Paint":["Defend_R","Defend_R"],"Boot":[0],"Burning Blood":132,"Nunchaku":[19],"Dream Catcher":4,"Bronze Scales":[122],"MealTicket":60,"obtain_stats":[{"Potion Belt":10,"Regal Pillow":37,"Gremlin Horn":17,"Happy Flower":26,"Spirit Poop":12,"StoneCalendar":17,"Pen Nib":37,"Omamori":48,"Letter Opener":25,"War Paint":13,"Boot":47,"Burning Blood":0,"Akabeko":41,"Calling Bell":17,"Nunchaku":9,"Dream Catcher":17,"Strawberry":14,"Bronze Scales":30,"MealTicket":7,"Fusion Hammer":34,"Red Mask":44,"Membership Card":13,"Meat on the Bone":43},{"Potion Belt":6,"Regal Pillow":17,"Gremlin Horn":8,"Happy Flower":12,"Spirit Poop":6,"StoneCalendar":8,"Pen Nib":17,"Omamori":22,"Letter Opener":12,"War Paint":6,"Boot":22,"Burning Blood":0,"Akabeko":20,"Calling Bell":8,"Nunchaku":5,"Dream Catcher":8,"Strawberry":7,"Bronze Scales":14,"MealTicket":5,"Fusion Hammer":16,"Red Mask":20,"Membership Card":6,"Meat on the Bone":20},{"Potion Belt":25,"Regal Pillow":83,"Gremlin Horn":39,"Happy Flower":59,"Spirit Poop":25,"StoneCalendar":39,"Pen Nib":83,"Omamori":108,"Letter Opener":59,"War Paint":25,"Boot":108,"Burning Blood":0,"Akabeko":99,"Calling Bell":39,"Nunchaku":19,"Dream Catcher":39,"Strawberry":29,"Bronze Scales":68,"MealTicket":19,"Fusion Hammer":81,"Red Mask":99,"Membership Card":25,"Meat on the Bone":99}],"Meat on the Bone":12},"card_choices":[{"not_picked":["Juggernaut","Double Tap"],"picked":"Reaper","floor":0},{"not_picked":["Sword Boomerang","Body Slam"],"picked":"Shrug It Off","floor":1},{"not_picked":["Intimidate","Pummel"],"picked":"Carnage","floor":3},{"not_picked":["Wild Strike","Havoc"],"picked":"Cleave","floor":4},{"not_picked":["Clash","Seeing Red"],"picked":"Dropkick","floor":5},{"not_picked":["Evolve","Hemokinesis"],"picked":"Infernal Blade","floor":7},{"not_picked":["Armaments","Infernal Blade"],"picked":"Disarm","floor":10},{"not_picked":["Body Slam","Dark Embrace"],"picked":"Feel No Pain","floor":14},{"not_picked":["Corruption","Impervious"],"picked":"Immolate","floor":16},{"not_picked":["Warcry","Second Wind"],"picked":"Shrug It Off","floor":18},{"not_picked":["Hemokinesis","Perfected Strike","Metallicize"],"picked":"SKIP","floor":20},{"not_picked":["Body Slam","Wild Strike"],"picked":"Pommel Strike+1","floor":22},{"not_picked":["Headbutt","True Grit"],"picked":"Exhume","floor":25},{"not_picked":["Clash","Twin Strike","True Grit"],"picked":"SKIP","floor":27},{"not_picked":["Perfected Strike","Searing Blow"],"picked":"Intimidate","floor":30},{"not_picked":["Second Wind","Rampage"],"picked":"Shockwave","floor":31},{"not_picked":["Perfected Strike","Twin Strike"],"picked":"Heavy Blade","floor":32},{"not_picked":["Limit Break","Demon Form"],"picked":"Offering","floor":33},{"not_picked":["Searing Blow","Sword Boomerang"],"picked":"Dropkick","floor":35},{"not_picked":["The Bomb","Impatience"],"picked":"Chrysalis","floor":36},{"not_picked":["Deep Breath","Trip"],"picked":"Bandage Up","floor":36},{"not_picked":["HandOfGreed","Thinking Ahead"],"picked":"Jack Of All Trades","floor":36},{"not_picked":["Dual Wield+1","Sentinel"],"picked":"Inflame","floor":38},{"not_picked":["Headbutt","Inflame"],"picked":"Shrug It Off","floor":39},{"not_picked":["Carnage","Intimidate"],"picked":"Flex","floor":41},{"not_picked":["Power Through","Headbutt","Barricade"],"picked":"SKIP","floor":46},{"not_picked":["Heavy Blade+1","Warcry","Shockwave+1"],"picked":"SKIP","floor":47}],"player_experience":2008621,"relics_obtained":[{"floor":7,"key":"MealTicket"},{"floor":9,"key":"Nunchaku"},{"floor":10,"key":"Potion Belt"},{"floor":14,"key":"Strawberry"},{"floor":17,"key":"Dream Catcher"},{"floor":17,"key":"Gremlin Horn"},{"floor":17,"key":"StoneCalendar"},{"floor":25,"key":"Letter Opener"},{"floor":26,"key":"Happy Flower"},{"floor":30,"key":"Bronze Scales"},{"floor":41,"key":"Akabeko"},{"floor":43,"key":"Meat on the Bone"},{"floor":47,"key":"Boot"},{"floor":48,"key":"Omamori"}],"event_choices":[{"damage_healed":0,"gold_gain":275,"player_choice":"Desecrate","damage_taken":0,"max_hp_gain":0,"max_hp_loss":0,"event_name":"Golden Shrine","floor":2,"gold_loss":0,"cards_obtained":["Regret"]},{"cards_removed":["Regret"],"damage_healed":0,"gold_gain":0,"player_choice":"Offered Curse","damage_taken":0,"relics_obtained":["Spirit Poop"],"max_hp_gain":0,"max_hp_loss":0,"event_name":"Bonfire Elementals","floor":12,"gold_loss":0},{"damage_healed":29,"gold_gain":0,"player_choice":"Heal","damage_taken":0,"max_hp_gain":0,"max_hp_loss":0,"event_name":"The Library","floor":24,"gold_loss":0},{"damage_healed":0,"gold_gain":99,"player_choice":"Stole From Cult","damage_taken":0,"max_hp_gain":0,"max_hp_loss":0,"event_name":"Nest","floor":29,"gold_loss":0},{"damage_healed":0,"gold_gain":0,"player_choice":"Memory 3","damage_taken":10,"max_hp_gain":0,"max_hp_loss":0,"event_name":"SensoryStone","floor":36,"gold_loss":0},{"damage_healed":0,"gold_gain":0,"player_choice":"Paid","damage_taken":0,"relics_obtained":["Red Mask"],"max_hp_gain":0,"max_hp_loss":0,"event_name":"Tomb of Lord Red Mask","floor":44,"gold_loss":191},{"damage_healed":0,"gold_gain":0,"player_choice":"Max HP","damage_taken":0,"max_hp_gain":0,"max_hp_loss":5,"event_name":"Winding Halls","floor":45,"gold_loss":0}],"is_beta":false,"boss_relics":[{"not_picked":["Astrolabe","Pandora\u0027s Box"],"picked":"Calling Bell"},{"not_picked":["Runic Dome","SacredBark"],"picked":"Fusion Hammer"}],"items_purged_floors":[13,19,37],"is_endless":false,"potions_floor_spawned":[5,10,20,30,31,33,46,47],"killed_by":"Time Eater","ascension_level":13}}