{"host":"uuef13iiy6j2c50k","time":1608766894,"event":{"mods":["BaseMod","Minty Spire (QoL Compilation)","Quick Restart","Relic Stats","Slay-I","StSLib","SuperFastMode"],"gold_per_floor":[113,213,62,62,78,78,104,104,104,131,146,162,180,198,198,303,303,318,115,134,145,82,113,113,142,142,142,142],"floor_reached":27,"playtime":745,"items_purged":["Strike_B","Strike_B","Strike_B"],"score":346,"play_id":"98488d0c-a8d3-4d41-99ec-455d03bb0a56","local_time":"20201223134134","is_ascension_mode":true,"campfire_choices":[{"data":"Chaos","floor":6,"key":"SMITH"},{"data":"Defragment","floor":8,"key":"SMITH"},{"data":"Biased Cognition","floor":15,"key":"SMITH"},{"data":"Amplify","floor":24,"key":"SMITH"}],"circlet_count":0,"master_deck":["Defend_B","Defend_B","Defend_B","Defend_B","Zap","Dualcast","Cold Snap","Biased Cognition+1","Chaos+1","Defragment+1","Amplify+1","Compile Driver","Ball Lightning","Biased Cognition","Cold Snap","Defragment"],"relics":["Cracked Core","NeowsBlessing","Du-Vu Doll","Strawberry","Orichalcum","Runic Pyramid","Membership Card","Eternal Feather","Nunchaku"],"acts_visited":["Exordium","TheCity"],"potions_floor_usage":[14,21,23,23,23,23,25,27],"damage_taken":[{"damage":0,"enemies":"Jaw Worm","floor":1,"turns":1},{"damage":0,"enemies":"Cultist","floor":5,"turns":1},{"damage":0,"enemies":"3 Sentries","floor":7,"turns":1},{"damage":3,"enemies":"Gremlin Nob","floor":10,"turns":4},{"damage":5,"enemies":"Small Slimes","floor":11,"turns":3},{"damage":7,"enemies":"Looter","floor":12,"turns":3},{"damage":0,"enemies":"Large Slime","floor":13,"turns":3},{"damage":5,"enemies":"3 Louse","floor":14,"turns":3},{"damage":30,"enemies":"Slime Boss","floor":16,"turns":8},{"damage":6,"enemies":"3 Byrds","floor":18,"turns":3},{"damage":17,"enemies":"2 Thieves","floor":20,"turns":3},{"damage":5,"enemies":"Cultist and Chosen","floor":21,"turns":4},{"damage":22,"enemies":"Book of Stabbing","floor":23,"turns":4},{"damage":23,"enemies":"Slavers","floor":25,"turns":5},{"damage":18,"enemies":"Masked Bandits","floor":27,"turns":2}],"seed_played":"7160475493685813025","potions_obtained":[{"floor":5,"key":"Swift Potion"},{"floor":7,"key":"Dexterity Potion"},{"floor":10,"key":"DuplicationPotion"},{"floor":16,"key":"EntropicBrew"},{"floor":20,"key":"FocusPotion"},{"floor":21,"key":"SkillPotion"}],"is_trial":false,"path_per_floor":["M","?","$","?","M","R","E","R","T","E","M","M","M","M","R","B",null,"M","$","M","M","$","E","R","E","T","?"],"character_chosen":"DEFECT","items_purchased":["Biased Cognition","Membership Card"],"campfire_rested":0,"item_purchase_floors":[3,19],"current_hp_per_floor":[75,75,75,75,75,75,75,75,82,79,74,67,67,62,62,32,82,76,76,59,54,54,32,41,18,18,0,0],"gold":142,"neow_bonus":"THREE_ENEMY_KILL","is_daily":false,"chose_seed":false,"campfire_upgraded":4,"win_rate":0.0,"timestamp":1608766894,"path_taken":["M","?","$","?","M","R","E","R","T","E","M","M","M","M","R","BOSS","M","$","M","?","$","E","R","E","T","?"],"items_purchased_type":["Card","Relic"],"build_version":"2020-12-22","purchased_purges":3,"victory":false,"max_hp_per_floor":[75,75,75,75,75,75,75,75,82,82,82,82,82,82,82,82,82,82,82,82,82,82,82,82,82,82,82,82],"relic_stats":{"Nunchaku":[0],"counters":[15,48],"Eternal Feather":9,"Orichalcum":[78],"obtain_stats":[{"Du-Vu Doll":7,"Nunchaku":25,"NeowsBlessing":0,"Strawberry":9,"Eternal Feather":23,"Membership Card":19,"Orichalcum":10,"Cracked Core":0,"Runic Pyramid":17},{"Du-Vu Doll":3,"Nunchaku":14,"NeowsBlessing":0,"Strawberry":3,"Eternal Feather":13,"Membership Card":10,"Orichalcum":4,"Cracked Core":0,"Runic Pyramid":9},{"Du-Vu Doll":3,"Nunchaku":46,"NeowsBlessing":0,"Strawberry":3,"Eternal Feather":41,"Membership Card":30,"Orichalcum":7,"Cracked Core":0,"Runic Pyramid":27}]},"card_choices":[{"not_picked":["Hologram","Rebound"],"picked":"Cold Snap","floor":1},{"not_picked":["Steam","Cold Snap"],"picked":"Defragment","floor":5},{"not_picked":["Streamline","Barrage","Sweeping Beam"],"picked":"SKIP","floor":7},{"not_picked":["Barrage","Redo"],"picked":"Amplify","floor":10},{"not_picked":["Darkness","Rebound"],"picked":"Compile Driver","floor":11},{"not_picked":["Go for the Eyes","Sweeping Beam"],"picked":"Ball Lightning","floor":12},{"not_picked":["Stack","Tempest","Skim"],"picked":"SKIP","floor":13},{"not_picked":["Beam Cell","Streamline","Hello World"],"picked":"SKIP","floor":14},{"not_picked":["Buffer","Reboot"],"picked":"Biased Cognition","floor":16},{"not_picked":["Compile Driver+1","Genetic Algorithm","Go for the Eyes"],"picked":"SKIP","floor":18},{"not_picked":["Doom and Gloom","Steam Power"],"picked":"Cold Snap","floor":20},{"not_picked":["Gash","Steam","FTL"],"picked":"SKIP","floor":21},{"not_picked":["Gash","Compile Driver+1","Beam Cell"],"picked":"SKIP","floor":23},{"not_picked":["Turbo","Darkness+1"],"picked":"Defragment","floor":25}],"player_experience":32380,"relics_obtained":[{"floor":7,"key":"Du-Vu Doll"},{"floor":9,"key":"Strawberry"},{"floor":10,"key":"Orichalcum"},{"floor":23,"key":"Eternal Feather"},{"floor":25,"key":"Nunchaku"}],"event_choices":[{"damage_healed":0,"gold_gain":100,"player_choice":"Pray","damage_taken":0,"max_hp_gain":0,"max_hp_loss":0,"event_name":"Golden Shrine","floor":2,"gold_loss":0},{"damage_healed":0,"gold_gain":0,"cards_transformed":["Strike_B"],"player_choice":"Transformed","damage_taken":0,"max_hp_gain":0,"max_hp_loss":0,"event_name":"Transmorgrifier","floor":4,"gold_loss":0,"cards_obtained":["Chaos"]},{"damage_healed":0,"gold_gain":0,"player_choice":"Fought Bandits","damage_taken":0,"max_hp_gain":0,"max_hp_loss":0,"event_name":"Masked Bandits","floor":27,"gold_loss":0}],"is_beta":false,"boss_relics":[{"not_picked":["Velvet Choker","Fusion Hammer"],"picked":"Runic Pyramid"}],"items_purged_floors":[3,19,22],"is_endless":false,"potions_floor_spawned":[5,7,10,12,16,20,21],"killed_by":"Masked Bandits","ascension_level":4}}