{"host":"m3rs92yjkwi06hli","time":1608749936,"event":{"mods":["Act Like it!","Aspiration","BaseMod","Colored Map","Conspire","Defuse TimeMaze Blight","Downfall","Energized Spire","Hubris","Infinite Spire","Minty Spire (QoL Compilation)","Relic Stats","Replay The Spire","Spicy Shops","StSLib"],"gold_per_floor":[99,115,130,144,59,59,59,69,84,69,69,82,82,111,131,131,131,131],"floor_reached":16,"playtime":776,"items_purged":[],"score":104,"play_id":"45506bec-64f7-4ed8-aa85-29ae3dc9696d","local_time":"20201223125856","is_ascension_mode":false,"campfire_choices":[{"data":"champ:Execute","floor":1,"key":"SMITH"},{"data":"champ:DeathBlow","floor":6,"key":"SMITH"},{"floor":13,"key":"REST"}],"circlet_count":0,"master_deck":["champ:Strike","champ:Strike","champ:Strike","champ:Strike","champ:Defend","champ:Defend","champ:Defend","champ:Defend","champ:Execute+1","champ:Taunt","champ:HeartStrike","champ:Haymaker","champ:HeartStrike","champ:DeathBlow+1","champ:BerserkersShout","champ:CalledShot","champ:EnragedBash","champ:CalledShot","champ:FanOfKnives"],"relics":["champ:ChampionCrown","Anchor","CaptainsWheel","Letter Opener","Juzu Bracelet"],"acts_visited":["Exordium"],"potions_floor_usage":[14],"damage_taken":[{"damage":5,"enemies":"Cultist","floor":2,"turns":3},{"damage":5,"enemies":"Small Slimes","floor":3,"turns":3},{"damage":20,"enemies":"infinitespire:Voidling","floor":4,"turns":4},{"damage":10,"enemies":"downfall:FleeingMerchant","floor":5,"turns":4},{"damage":23,"enemies":"Red Slaver","floor":8,"turns":3},{"damage":54,"enemies":"Exordium Thugs","floor":9,"turns":6},{"damage":42,"enemies":"downfall:FleeingMerchant","floor":10,"turns":4},{"damage":12,"enemies":"3 Louse","floor":12,"turns":4},{"damage":61,"enemies":"Lagavulin","floor":14,"turns":5},{"damage":9,"enemies":"Red Slaver","floor":15,"turns":4},{"damage":52,"enemies":"downfall:Defect","floor":16,"turns":4}],"seed_played":"4639297617054583073","potions_obtained":[{"floor":3,"key":"champ:TechniquePotion"},{"floor":4,"key":"Strength Potion"},{"floor":15,"key":"Ancient Potion"}],"is_trial":false,"path_per_floor":["R","M","M","M","$","R","T","M","M","$","?","M","R","E","M","B"],"character_chosen":"THE_CHAMP","items_purchased":["CaptainsWheel"],"campfire_rested":1,"item_purchase_floors":[5],"current_hp_per_floor":[90,90,90,82,82,82,82,79,54,44,44,37,64,49,48,0,0,0],"gold":131,"neow_bonus":"RANDOM_COMMON_RELIC","is_daily":false,"chose_seed":false,"campfire_upgraded":2,"win_rate":0.0,"timestamp":1608749936,"path_taken":["R","M","M","?","?","R","T","?","M","?","?","M","R","E","M","BOSS"],"items_purchased_type":["Relic"],"build_version":"2020-12-22","purchased_purges":0,"victory":false,"max_hp_per_floor":[90,90,90,90,90,90,90,90,90,90,90,90,90,90,90,90,90,90],"relic_stats":{"counters":[11,44],"Juzu Bracelet":0,"Letter Opener":[0],"obtain_stats":[{"Anchor":0,"CaptainsWheel":5,"champ:ChampionCrown":0,"Juzu Bracelet":14,"Letter Opener":7},{"Anchor":0,"CaptainsWheel":4,"champ:ChampionCrown":0,"Juzu Bracelet":9,"Letter Opener":4},{"Anchor":0,"CaptainsWheel":14,"champ:ChampionCrown":0,"Juzu Bracelet":36,"Letter Opener":14}]},"card_choices":[{"not_picked":["champ:TornadoPunch","champ:Circumvent"],"picked":"champ:HeartStrike","floor":2},{"not_picked":["champ:GladiatorsShout","champ:FlashCut"],"picked":"champ:Haymaker","floor":3},{"not_picked":["champ:DefensiveShout","champ:GladiatorsShout"],"picked":"champ:HeartStrike","floor":4},{"not_picked":["champ:BerserkersShout","champ:StanceDance"],"picked":"champ:DeathBlow","floor":5},{"not_picked":["champ:FaceSlap","champ:IronFortress"],"picked":"champ:BerserkersShout","floor":8},{"not_picked":["champ:DefensiveShout","champ:PerfectedStrike"],"picked":"champ:CalledShot","floor":9},{"not_picked":["champ:Backstep","champ:ViciousMockery"],"picked":"champ:EnragedBash","floor":10},{"not_picked":["champ:FalseCounter","champ:Circumvent","champ:EnGarde"],"picked":"SKIP","floor":12},{"not_picked":["champ:DefensiveStyle","champ:ShieldWall"],"picked":"champ:CalledShot","floor":14},{"not_picked":["champ:FlashCut","champ:Haymaker"],"picked":"champ:FanOfKnives","floor":15}],"player_experience":867714,"relics_obtained":[{"floor":7,"key":"Letter Opener"},{"floor":14,"key":"Juzu Bracelet"}],"event_choices":[],"is_beta":false,"boss_relics":[],"items_purged_floors":[],"is_endless":false,"potions_floor_spawned":[3,4,8,12,15],"killed_by":"downfall:Defect","ascension_level":0}}