{"host":"4edbuligkc8x13l4","time":1608727615,"event":{"mods":["BaseMod","Minty Spire (QoL Compilation)","StSLib","SuperFastMode"],"gold_per_floor":[113,38,38,38,38,70,70,104,155,167,181,181,181,195,195,195,195],"floor_reached":16,"playtime":395,"items_purged":[],"score":200,"play_id":"c1d48f01-75f4-490c-86db-37e5583bbe39","local_time":"20201223204655","is_ascension_mode":true,"campfire_choices":[{"floor":7,"key":"REST"},{"floor":13,"key":"REST"},{"floor":15,"key":"REST"}],"circlet_count":0,"master_deck":["AscendersBane","Strike_R","Strike_R","Strike_R","Strike_R","Strike_R","Defend_R","Defend_R","Defend_R","Bash","Flame Barrier","Pummel","Sword Boomerang","Body Slam","True Grit","Warcry"],"relics":["Burning Blood","Question Card","Ice Cream","MealTicket"],"acts_visited":["Exordium"],"potions_floor_usage":[6,10],"damage_taken":[{"damage":10,"enemies":"2 Louse","floor":1,"turns":3},{"damage":32,"enemies":"Gremlin Nob","floor":6,"turns":5},{"damage":58,"enemies":"3 Sentries","floor":8,"turns":14},{"damage":4,"enemies":"Jaw Worm","floor":10,"turns":4},{"damage":0,"enemies":"Small Slimes","floor":11,"turns":4},{"damage":20,"enemies":"Looter","floor":14,"turns":4},{"damage":69,"enemies":"Hexaghost","floor":16,"turns":11}],"seed_played":"-1201942614753549720","potions_obtained":[{"floor":1,"key":"DuplicationPotion"},{"floor":6,"key":"Energy Potion"}],"is_trial":false,"path_per_floor":["M","?","?","$","?","E","R","E","T","M","M","?","R","M","R","B"],"character_chosen":"IRONCLAD","items_purchased":[],"campfire_rested":3,"item_purchase_floors":[],"current_hp_per_floor":[60,60,65,65,65,39,67,15,15,17,23,23,51,37,65,0,0],"gold":195,"neow_bonus":"TWENTY_PERCENT_HP_BONUS","is_daily":false,"chose_seed":false,"campfire_upgraded":0,"win_rate":0.0,"timestamp":1608727615,"path_taken":["M","?","?","?","?","E","R","E","T","?","M","?","R","M","R","BOSS"],"items_purchased_type":[],"build_version":"2020-12-22","purchased_purges":0,"victory":false,"max_hp_per_floor":[89,89,94,94,94,94,94,94,94,94,94,94,94,94,94,94,94],"card_choices":[{"not_picked":["Burning Pact","Metallicize"],"picked":"Flame Barrier","floor":1},{"not_picked":["Wild Strike","Shrug It Off"],"picked":"Pummel","floor":6},{"not_picked":["Uppercut","Exhume","Heavy Blade"],"picked":"Sword Boomerang","floor":8},{"not_picked":["Hemokinesis","Clash","Thunderclap"],"picked":"Body Slam","floor":10},{"not_picked":["Clothesline","Wild Strike","Evolve"],"picked":"True Grit","floor":11},{"not_picked":["Twin Strike","True Grit","Iron Wave"],"picked":"Warcry","floor":14}],"player_experience":909469,"relics_obtained":[{"floor":6,"key":"Question Card"},{"floor":8,"key":"Ice Cream"},{"floor":9,"key":"MealTicket"}],"event_choices":[{"cards_removed":["Defend_R"],"damage_healed":0,"gold_gain":0,"player_choice":"Card Removal","damage_taken":0,"max_hp_gain":0,"max_hp_loss":0,"event_name":"The Cleric","floor":2,"gold_loss":75},{"damage_healed":0,"gold_gain":0,"player_choice":"Donut","damage_taken":0,"max_hp_gain":5,"max_hp_loss":0,"event_name":"Big Fish","floor":3,"gold_loss":0},{"damage_healed":0,"gold_gain":0,"player_choice":"Ignored","damage_taken":0,"max_hp_gain":0,"max_hp_loss":0,"event_name":"Liars Game","floor":5,"gold_loss":0},{"damage_healed":0,"gold_gain":0,"player_choice":"Ignored","damage_taken":0,"max_hp_gain":0,"max_hp_loss":0,"event_name":"Shining Light","floor":12,"gold_loss":0}],"is_beta":false,"boss_relics":[],"items_purged_floors":[],"is_endless":false,"potions_floor_spawned":[1,6],"killed_by":"Hexaghost","ascension_level":17}}