{"host":"6s2g4ctvxbrgoc4e","time":1608713621,"event":{"mods":["BaseMod","Minty Spire (QoL Compilation)"],"gold_per_floor":[365,65,84,104,117,117,117,135,135,146,163,163,163,178,178,178,178],"floor_reached":16,"playtime":1049,"items_purged":[],"score":96,"play_id":"3f2a5dde-7531-472e-b327-7e8e113837c0","local_time":"20201223095341","is_ascension_mode":false,"campfire_choices":[{"floor":6,"key":"REST"},{"floor":12,"key":"REST"},{"data":"Outmaneuver","floor":15,"key":"SMITH"}],"circlet_count":0,"master_deck":["Strike_G","Strike_G","Strike_G","Strike_G","Strike_G","Defend_G","Defend_G","Defend_G","Defend_G","Defend_G","Survivor","Neutralize","Outmaneuver+1","Burst","Burst","Quick Slash","Skewer+1","Blur","Quick Slash","Backstab+1","Slice"],"relics":["Ring of the Snake","DollysMirror","Kunai"],"acts_visited":["Exordium"],"potions_floor_usage":[11,16,16],"damage_taken":[{"damage":0,"enemies":"2 Louse","floor":1,"turns":4},{"damage":10,"enemies":"Cultist","floor":3,"turns":7},{"damage":3,"enemies":"Jaw Worm","floor":4,"turns":4},{"damage":5,"enemies":"Red Slaver","floor":5,"turns":4},{"damage":19,"enemies":"Large Slime","floor":8,"turns":7},{"damage":6,"enemies":"2 Fungi Beasts","floor":10,"turns":2},{"damage":0,"enemies":"Looter","floor":11,"turns":2},{"damage":1,"enemies":"Exordium Wildlife","floor":14,"turns":4},{"damage":43,"enemies":"Slime Boss","floor":16,"turns":14}],"seed_played":"8975075532098718340","potions_obtained":[{"floor":1,"key":"Block Potion"},{"floor":3,"key":"DuplicationPotion"},{"floor":10,"key":"DistilledChaos"}],"is_trial":false,"path_per_floor":["M","$","M","M","M","R","?","M","T","M","M","R","?","M","R","B"],"character_chosen":"THE_SILENT","items_purchased":["Burst","DollysMirror"],"campfire_rested":2,"item_purchase_floors":[2,2],"current_hp_per_floor":[49,49,39,36,31,52,52,33,33,27,27,48,48,47,47,4,4],"gold":178,"neow_bonus":"TWO_FIFTY_GOLD","is_daily":false,"chose_seed":false,"campfire_upgraded":1,"win_rate":0.0,"timestamp":1608713621,"path_taken":["M","$","M","M","M","R","?","M","T","?","M","R","?","?","R","BOSS"],"items_purchased_type":["Card","Relic"],"build_version":"2020-12-22","purchased_purges":0,"victory":false,"max_hp_per_floor":[70,70,70,70,70,70,70,70,70,70,70,70,70,70,70,70,70],"card_choices":[{"not_picked":["Leg Sweep","Quick Slash"],"picked":"Outmaneuver","floor":1},{"not_picked":["Slice","Sucker Punch"],"picked":"Quick Slash","floor":3},{"not_picked":["Predator","Escape Plan"],"picked":"Skewer","floor":4},{"not_picked":["Bane","Dagger Throw"],"picked":"Blur","floor":5},{"not_picked":["Poisoned Stab","Bane"],"picked":"Quick Slash","floor":8},{"not_picked":["PiercingWail","Tools of the Trade"],"picked":"Backstab","floor":10},{"not_picked":["Riddle With Holes","Sucker Punch","Leg Sweep"],"picked":"SKIP","floor":11},{"not_picked":["Deadly Poison","Bane"],"picked":"Slice","floor":14}],"player_experience":11548,"relics_obtained":[{"floor":9,"key":"Kunai"}],"event_choices":[{"damage_healed":0,"gold_gain":0,"player_choice":"Upgraded","damage_taken":0,"max_hp_gain":0,"max_hp_loss":0,"event_name":"Upgrade Shrine","floor":7,"gold_loss":0,"cards_upgraded":["Skewer"]},{"damage_healed":0,"gold_gain":0,"player_choice":"Forge","damage_taken":0,"max_hp_gain":0,"max_hp_loss":0,"event_name":"Accursed Blacksmith","floor":13,"gold_loss":0,"cards_upgraded":["Backstab"]}],"is_beta":false,"boss_relics":[],"items_purged_floors":[],"is_endless":false,"potions_floor_spawned":[1,3,10],"killed_by":"Slime Boss","ascension_level":0}}