{"host":"63yhhrjweyj22b0v","time":1608683493,"event":{"mods":["BaseMod","Minty Spire (QoL Compilation)","Quick Restart"],"gold_per_floor":[111,111,61,81,81,111,128,18,18,35,51,51,126,55,55,55,55],"floor_reached":16,"playtime":370,"items_purged":["Defend_P"],"score":125,"play_id":"38a233d1-df1c-443e-a007-c43c1af61fa9","local_time":"20201222183133","is_ascension_mode":false,"campfire_choices":[{"floor":12,"key":"REST"},{"data":"Judgement","floor":15,"key":"SMITH"}],"circlet_count":0,"master_deck":["Strike_P","Strike_P","Strike_P","Defend_P","Defend_P","Eruption+1","Vigilance","Indignation","FlurryOfBlows","Prostrate","Judgement+1","LikeWater+1","ReachHeaven","EmptyFist","Consecrate","EmptyBody"],"relics":["PureWater","NeowsBlessing","Frozen Egg 2","Strawberry"],"acts_visited":["Exordium"],"potions_floor_usage":[10,11],"damage_taken":[{"damage":0,"enemies":"Cultist","floor":1,"turns":1},{"damage":0,"enemies":"2 Louse","floor":4,"turns":1},{"damage":0,"enemies":"3 Sentries","floor":6,"turns":2},{"damage":3,"enemies":"Jaw Worm","floor":7,"turns":2},{"damage":0,"enemies":"Exordium Thugs","floor":10,"turns":2},{"damage":20,"enemies":"Looter","floor":11,"turns":2},{"damage":46,"enemies":"The Guardian","floor":16,"turns":11}],"seed_played":"8939569817193927509","potions_obtained":[{"floor":6,"key":"SpeedPotion"},{"floor":7,"key":"SkillPotion"},{"floor":10,"key":"SteroidPotion"}],"is_trial":false,"path_per_floor":["M","?","?","M","?","E","M","$","T","M","M","R","?","$","R","B"],"character_chosen":"WATCHER","items_purchased":["LikeWater+1","Consecrate","EmptyBody"],"campfire_rested":1,"item_purchase_floors":[8,14,14],"current_hp_per_floor":[72,72,72,72,65,65,62,62,69,69,49,72,61,61,61,15,15],"gold":55,"neow_bonus":"THREE_ENEMY_KILL","is_daily":false,"chose_seed":false,"campfire_upgraded":1,"win_rate":0.0,"timestamp":1608683493,"path_taken":["M","?","?","M","?","E","M","?","T","M","?","R","?","$","R","BOSS"],"items_purchased_type":["Card","Card","Card"],"build_version":"2020-12-13","purchased_purges":1,"victory":false,"max_hp_per_floor":[72,72,72,72,72,72,72,72,79,79,79,79,79,79,79,79,79],"card_choices":[{"not_picked":["Protect","ForeignInfluence"],"picked":"Indignation","floor":1},{"not_picked":["ThirdEye","FlyingSleeves"],"picked":"FlurryOfBlows","floor":4},{"not_picked":["EmptyMind","JustLucky"],"picked":"Prostrate","floor":6},{"not_picked":["Prostrate","EmptyFist"],"picked":"Judgement","floor":7},{"not_picked":["Indignation","TalkToTheHand"],"picked":"ReachHeaven","floor":10},{"not_picked":["InnerPeace","SashWhip"],"picked":"EmptyFist","floor":11}],"player_experience":634319,"relics_obtained":[{"floor":6,"key":"Frozen Egg 2"},{"floor":9,"key":"Strawberry"}],"event_choices":[{"damage_healed":0,"gold_gain":0,"player_choice":"Grow","damage_taken":0,"max_hp_gain":0,"max_hp_loss":0,"event_name":"Living Wall","floor":2,"gold_loss":0,"cards_upgraded":["Eruption"]},{"cards_removed":["Strike_P"],"damage_healed":0,"gold_gain":0,"player_choice":"Card Removal","damage_taken":0,"max_hp_gain":0,"max_hp_loss":0,"event_name":"The Cleric","floor":3,"gold_loss":50},{"cards_removed":["Defend_P"],"damage_healed":0,"gold_gain":0,"player_choice":"Card Removal","damage_taken":7,"max_hp_gain":0,"max_hp_loss":0,"event_name":"Golden Wing","floor":5,"gold_loss":0},{"damage_healed":0,"gold_gain":75,"player_choice":"Gather Gold","damage_taken":11,"max_hp_gain":0,"max_hp_loss":0,"event_name":"World of Goop","floor":13,"gold_loss":0}],"is_beta":false,"boss_relics":[],"items_purged_floors":[8],"is_endless":false,"potions_floor_spawned":[6,7,10],"killed_by":"The Guardian","ascension_level":0}}