{"host":"jzjaw782v8gfe8gb","time":1608698742,"event":{"mods":["BaseMod","Better Match","Better Note","Better Third Choice","Conspire","Energized Spire","Marked Mod","Minty Spire (QoL Compilation)","StSLib"],"gold_per_floor":[118,136,153,153,166,166,185,185,185,219,230,230,241,260,260,358,358,368,381,398,433,433,459,476,492,492,520,520,533,533,561,561,561,561],"floor_reached":33,"playtime":9082,"items_purged":[],"score":315,"play_id":"5d450b49-69ba-4e29-b855-714ed817c96c","local_time":"20201222204542","is_ascension_mode":false,"campfire_choices":[{"data":"Crescendo","floor":6.0,"key":"SMITH"},{"data":"Ragnarok","floor":8.0,"key":"SMITH"},{"data":"Prostrate","floor":12.0,"key":"SMITH"},{"data":"Perseverance","floor":15.0,"key":"SMITH"},{"data":"Perseverance","floor":28,"key":"SMITH"},{"floor":30,"key":"REST"},{"floor":32,"key":"RECALL"}],"circlet_count":0,"master_deck":["Strike_P","Strike_P","Strike_P","Defend_P","Defend_P","Defend_P","Defend_P","Eruption","Vigilance","Ragnarok+1","Fasting2","Perseverance+1","Crescendo+1","Wallop+1","SandsOfTime","Prostrate+1","Evaluate","Wish","Protect+1","FearNoEvil+1","Prostrate","Perseverance+1"],"relics":["HolyWater","The Courier","Centennial Puzzle","Blue Candle","Bottled Flame","Anchor","MarkedMod:AcupunctureKit"],"acts_visited":["Exordium","TheCity"],"potions_floor_usage":[25,31,33],"damage_taken":[{"damage":0.0,"enemies":"Jaw Worm","floor":1.0,"turns":5.0},{"damage":0.0,"enemies":"Cultist","floor":2.0,"turns":4.0},{"damage":2.0,"enemies":"Small Slimes","floor":3.0,"turns":4.0},{"damage":7.0,"enemies":"Looter","floor":5.0,"turns":4.0},{"damage":1.0,"enemies":"Red Slaver","floor":7.0,"turns":3.0},{"damage":2.0,"enemies":"Gremlin Nob","floor":10.0,"turns":3.0},{"damage":4.0,"enemies":"Gremlin Gang","floor":11.0,"turns":3.0},{"damage":0.0,"enemies":"conspire:2 RoseBushes","floor":13.0,"turns":4.0},{"damage":0.0,"enemies":"3 Louse","floor":14.0,"turns":3.0},{"damage":13.0,"enemies":"Hexaghost","floor":16.0,"turns":9.0},{"damage":0.0,"enemies":"Chosen","floor":18.0,"turns":4.0},{"damage":0.0,"enemies":"Shell Parasite","floor":19.0,"turns":4.0},{"damage":4.0,"enemies":"Centurion and Healer","floor":20.0,"turns":8.0},{"damage":18.0,"enemies":"Snake Plant","floor":21.0,"turns":6.0},{"damage":10.0,"enemies":"Gremlin Leader","floor":23.0,"turns":5.0},{"damage":3,"enemies":"Shelled Parasite and Fungi","floor":24,"turns":5},{"damage":10,"enemies":"3 Cultists","floor":25,"turns":5},{"damage":3,"enemies":"conspire:Head Lice","floor":27,"turns":7},{"damage":6,"enemies":"Snake Plant","floor":29,"turns":4},{"damage":7,"enemies":"conspire:SneckoGhost","floor":31,"turns":7},{"damage":74,"enemies":"Collector","floor":33,"turns":5}],"seed_played":"2821391836725432305","potions_obtained":[{"floor":2.0,"key":"SpeedPotion"},{"floor":3.0,"key":"Energy Potion"},{"floor":7.0,"key":"EntropicBrew"},{"floor":10.0,"key":"Block Potion"},{"floor":20.0,"key":"Explosive Potion"},{"floor":21.0,"key":"PowerPotion"},{"floor":23.0,"key":"FearPotion"},{"floor":27,"key":"Dexterity Potion"}],"is_trial":false,"path_per_floor":["M","M","M","?","M","R","M","R","T","E","M","R","M","M","R","B",null,"M","M","M","M","?","E","M","M","T","E","R","M","R","E","R","B"],"character_chosen":"WATCHER","items_purchased":[],"campfire_rested":1,"item_purchase_floors":[],"current_hp_per_floor":[72,72,70,70,63,63,62,62,62,60,56,56,56,56,56,43,72,72,72,68,50,50,40,37,27,27,24,24,18,39,32,32,0,0],"gold":561,"neow_bonus":"TRANSFORM_CARD","is_daily":false,"chose_seed":false,"campfire_upgraded":5,"win_rate":0.0,"timestamp":1608698742,"path_taken":["M","M","M","?","M","R","M","R","T","E","?","R","M","M","R","BOSS","M","M","M","M","?","E","M","M","T","E","R","M","R","E","R","BOSS"],"items_purchased_type":[],"build_version":"2020-12-13","purchased_purges":0,"victory":false,"max_hp_per_floor":[72,72,72,72,72,72,72,72,72,72,72,72,72,72,72,72,72,72,72,72,72,72,72,72,72,72,72,72,72,72,72,72,72,72],"card_choices":[{"not_picked":["MarkedMod:GentlePulse","Weave"],"picked":"Fasting2","floor":1.0},{"not_picked":["FlurryOfBlows","MentalFortress"],"picked":"Perseverance","floor":2.0},{"not_picked":["MarkedMod:FirstStrike","ReachHeaven"],"picked":"Crescendo","floor":3.0},{"not_picked":["MarkedMod:PinPointDefense","Evaluate"],"picked":"SandsOfTime","floor":5.0},{"not_picked":["SashWhip","Conclude","EmptyMind"],"picked":"SKIP","floor":7.0},{"not_picked":["MarkedMod:GracefulMovements","Perseverance","Crescendo"],"picked":"SKIP","floor":10.0},{"not_picked":["Consecrate","JustLucky"],"picked":"Prostrate","floor":11.0},{"not_picked":["MentalFortress","EmptyBody"],"picked":"Evaluate","floor":13.0},{"not_picked":["ThirdEye","CrushJoints","JustLucky"],"picked":"SKIP","floor":14.0},{"not_picked":["MarkedMod:ChiBlock","Omniscience"],"picked":"Wish","floor":16.0},{"not_picked":["BowlingBash","Wireheading+1"],"picked":"Protect+1","floor":18.0},{"not_picked":["Crescendo+1","BowlingBash","Weave+1"],"picked":"SKIP","floor":19.0},{"not_picked":["Fasting2","Nirvana+1"],"picked":"FearNoEvil+1","floor":20.0},{"not_picked":["Alpha","BattleHymn"],"picked":"Prostrate","floor":21.0},{"not_picked":["Prostrate+1","MarkedMod:FirstStrike+1","SignatureMove+1"],"picked":"SKIP","floor":23.0},{"not_picked":["Prostrate+1","SignatureMove","MarkedMod:GentlePulse"],"picked":"SKIP","floor":24},{"not_picked":["Evaluate+1","BowlingBash","Weave+1"],"picked":"SKIP","floor":25},{"not_picked":["ConjureBlade","CrushJoints"],"picked":"Perseverance","floor":27},{"not_picked":["Prostrate","ThirdEye","WheelKick"],"picked":"SKIP","floor":29},{"not_picked":["MarkedMod:PinPointDefense","Study","CrushJoints"],"picked":"SKIP","floor":31}],"player_experience":1891162,"relics_obtained":[{"floor":9.0,"key":"The Courier"},{"floor":10.0,"key":"Centennial Puzzle"},{"floor":23.0,"key":"Blue Candle"},{"floor":26,"key":"Bottled Flame"},{"floor":27,"key":"Anchor"},{"floor":31,"key":"MarkedMod:AcupunctureKit"}],"event_choices":[{"cards_removed":["Ragnarok"],"damage_healed":0.0,"max_hp_gain":0.0,"max_hp_loss":0.0,"gold_gain":0.0,"event_name":"betterNote:BetterNote","player_choice":"Take \u0026 Give","floor":4.0,"gold_loss":0.0,"damage_taken":0.0,"cards_obtained":["Wallop"]},{"damage_healed":0.0,"max_hp_gain":0.0,"max_hp_loss":0.0,"gold_gain":0.0,"event_name":"conspire:Investor","player_choice":"Leave","floor":22.0,"gold_loss":0.0,"damage_taken":0.0}],"is_beta":false,"boss_relics":[{"not_picked":["energizedSpire:RedRose","VioletLotus"],"picked":"HolyWater"}],"items_purged_floors":[],"is_endless":false,"potions_floor_spawned":[2,3,7,10,20,21,23,27],"killed_by":"Collector","ascension_level":0}}