{"host":"kh1j1cf337zr4nij","time":1608698726,"event":{"mods":["2.2 Compatiblity","AchievementEnabler","Act Like it!","Aspiration","BaseMod","Beaked The Cultist","Bestiary","CCEM","Colored Map","Colored Powertips","Conspire","Downfall","Energized Spire","Friendly Minions","FruityMod","GifTheSpireLib","Halation","Hermit","Highlight Path","Hubris","Jedi Mod","Minty Spire (QoL Compilation)","Quick Restart","Random Character Button","Relic Stats","Replay The Spire","StSLib","Stuff the Spire","SuperFastMode","Synergy Search","The Mystic","The Necromancer","TheFirefly","Trackpad","vexMod"],"gold_per_floor":[160,179,205,220,220,220,301,100,117,145,160,175,100,117,130,228,228,228,313,313,313,313,323,323,337,347,272,88,122,132,145,160,264,264,189,207,262,278,128,146,146,146,166,179,191,218,218,234,246,246,246,281,116,116,116],"floor_reached":56,"playtime":3762,"items_purged":["Defend_W","Strike_W","Draining Mist","Strike_W"],"score":1257,"play_id":"29aed40a-7ae5-45c9-a632-e8fdce1354a5","local_time":"20201222234525","is_ascension_mode":false,"campfire_choices":[{"floor":6,"key":"RECALL"},{"data":"Blood_Is_Power","floor":13,"key":"SMITH"},{"data":"Death_March_Dance","floor":18,"key":"SMITH"},{"floor":27,"key":"REST"},{"data":"jedi:pocketpoison","floor":35,"key":"SMITH"},{"data":"Shade_Step","floor":42,"key":"SMITH"},{"data":"Exploit","floor":47,"key":"SMITH"},{"data":"Negative_Energy_Arrows","floor":54,"key":"SMITH"}],"circlet_count":0,"master_deck":["Strike_W","Negative_Energy_Arrows+1","Bone_Wall","Death_March_Dance+1","Life_Drain","Chill_Blood","Scare+1","Stop_Heart","Blood_Is_Power+1","Negative_Energy_Burst","Bouncing Flask","jedi:pocketpoison+1","Negative_Energy_Shield","Shade_Step+1","Necrotic_Claws","Bone_Bullets+1","Shade_Step+1","Life_Drain","Negative_Energy_Shield+1","Strike_from_Beyond+1","Chill_Blood+1","Blood_Curse+1","Parasite","Negative_Energy_Javelin+1","Exploit+1","Negative_Energy_Mist","Negative_Energy_Mist","Finesse","Life_Tap"],"relics":["StuffTheSpire:OccultApparatus","Orichalcum","Replay:WaspNest","StuffTheSpire:Wildfire","downfall:HeartBlessingRed","hubris:Backtick","Kunai","aspiration:AnachronicSnailShell","downfall:HeartBlessingBlue","Sundial","Empty Cage","downfall:HeartBlessingGreen","Medical Kit","trackpad:ToughGloves","ReplayFunnel","Ornamental Fan"],"acts_visited":["Exordium","TheCity","TheBeyond","TheEnding"],"potions_floor_usage":[10,16,16,23,28,33,33,44,45,52,55],"damage_taken":[{"damage":1,"enemies":"Cultist","floor":2,"turns":4},{"damage":1,"enemies":"Jaw Worm","floor":4,"turns":5},{"damage":0,"enemies":"downfall:FleeingMerchant","floor":8,"turns":4},{"damage":0,"enemies":"2 Louse","floor":9,"turns":3},{"damage":14,"enemies":"Lagavulin","floor":10,"turns":7},{"damage":6,"enemies":"Blue Slaver","floor":11,"turns":3},{"damage":6,"enemies":"Exordium Thugs","floor":12,"turns":4},{"damage":0,"enemies":"3 Louse","floor":14,"turns":2},{"damage":2,"enemies":"Large Slime","floor":15,"turns":6},{"damage":31,"enemies":"downfall:Defect","floor":16,"turns":5},{"damage":2,"enemies":"Chosen","floor":23,"turns":4},{"damage":40,"enemies":"Shelled Parasite and Fungi","floor":25,"turns":4},{"damage":18,"enemies":"3 Cultists","floor":26,"turns":5},{"damage":4,"enemies":"downfall:FleeingMerchant","floor":28,"turns":4},{"damage":37,"enemies":"Slavers","floor":29,"turns":4},{"damage":20,"enemies":"Snake Plant","floor":30,"turns":3},{"damage":4,"enemies":"Centurion and Healer","floor":31,"turns":5},{"damage":5,"enemies":"3 Cultists","floor":32,"turns":4},{"damage":24,"enemies":"downfall:Ironclad","floor":33,"turns":7},{"damage":11,"enemies":"3 Shapes","floor":36,"turns":6},{"damage":4,"enemies":"downfall:FleeingMerchant","floor":37,"turns":3},{"damage":5,"enemies":"Orb Walker","floor":38,"turns":3},{"damage":15,"enemies":"3 Darklings","floor":40,"turns":3},{"damage":21,"enemies":"Sphere and 2 Shapes","floor":43,"turns":4},{"damage":18,"enemies":"Writhing Mass","floor":44,"turns":5},{"damage":18,"enemies":"3 Darklings","floor":45,"turns":4},{"damage":21,"enemies":"Giant Head","floor":46,"turns":7},{"damage":23,"enemies":"Spire Growth","floor":48,"turns":4},{"damage":7,"enemies":"Maw","floor":49,"turns":6},{"damage":6,"enemies":"downfall:Watcher","floor":50,"turns":5},{"damage":14,"enemies":"downfall:CharBossMerchant","floor":52,"turns":9},{"damage":46,"enemies":"downfall:NeowBoss","floor":55,"turns":19}],"seed_played":"5335904277763165074","potions_obtained":[{"floor":2,"key":"champ:CounterPotion"},{"floor":9,"key":"jedi:StrikingPotion"},{"floor":14,"key":"champ:CounterPotion"},{"floor":15,"key":"Fire Potion"},{"floor":16,"key":"Venom Potion"},{"floor":25,"key":"champ:CounterPotion"},{"floor":30,"key":"Reflective Coating"},{"floor":31,"key":"Swift Potion"},{"floor":33,"key":"Fruit Juice"},{"floor":38,"key":"conspire:TimeTravelPotion"},{"floor":46,"key":"FearPotion"},{"floor":48,"key":"Elixir"},{"floor":52,"key":"Elixir"}],"is_trial":false,"path_per_floor":["R_BF","M","T","M","?","R","T","$","M","E","M","M","R","M","M","B",null,"R","?","?","?","T","M","T","M","M","R","$","E","M","M","M","B",null,"R","M","$","M","$","M","T","R","M","M","M","E","R","M","M","B",null,"E","$","R","B",null],"character_chosen":"NECROMANCER","items_purchased":["Slay_Living","Scare+1","Shade_Step","Medical Kit","Finesse","Life_Tap"],"campfire_rested":1,"item_purchase_floors":[8,8,28,37,53,53],"current_hp_per_floor":[82,82,82,82,82,82,82,82,82,74,74,74,74,80,82,57,82,82,74,74,74,74,78,78,44,36,73,75,44,30,38,39,36,97,97,94,95,90,90,84,84,84,79,81,76,81,81,70,91,97,97,91,91,91,69],"gold":116,"neow_bonus":"TEN_PERCENT_HP_BONUS","is_daily":false,"chose_seed":false,"campfire_upgraded":6,"win_rate":0.0,"timestamp":1608698725,"path_taken":["R_BF","M","?","M","?","R","T","?","M","E","?","M","R","M","M","BOSS","R","?","?","?","?","M","T","M","M","R","$","E","M","?","M","BOSS","R","M","$","M","$","M","T","R","M","M","M","E","R","M","M","BOSS","E","$","R","BOSS"],"items_purchased_type":["Card","Card","Card","Relic","Card","Card"],"build_version":"2020-12-13","purchased_purges":4,"victory":true,"max_hp_per_floor":[82,82,82,82,82,82,82,82,82,82,82,82,82,82,82,82,82,82,82,82,82,82,82,82,82,82,92,92,92,92,92,92,97,97,97,97,97,97,97,97,97,97,97,97,97,97,97,97,97,97,97,97,97,97,97],"relic_stats":{"counters":[32,161],"Sundial":[16],"Ornamental Fan":[32],"Kunai":[40],"Orichalcum":[456],"Medical Kit":[1],"obtain_stats":[{"ReplayFunnel":46,"downfall:HeartBlessingRed":13,"StuffTheSpire:Wildfire":10,"downfall:HeartBlessingGreen":35,"Replay:WaspNest":7,"Orichalcum":3,"Empty Cage":34,"Medical Kit":37,"StuffTheSpire:OccultApparatus":5,"trackpad:ToughGloves":41,"hubris:Backtick":17,"downfall:HeartBlessingBlue":27,"Sundial":29,"Ornamental Fan":52,"aspiration:AnachronicSnailShell":24,"Vampire_Amulet":0,"Kunai":17},{"ReplayFunnel":27,"downfall:HeartBlessingRed":7,"StuffTheSpire:Wildfire":5,"downfall:HeartBlessingGreen":19,"Replay:WaspNest":2,"Orichalcum":1,"Empty Cage":19,"Medical Kit":21,"StuffTheSpire:OccultApparatus":2,"trackpad:ToughGloves":23,"hubris:Backtick":10,"downfall:HeartBlessingBlue":13,"Sundial":15,"Ornamental Fan":31,"aspiration:AnachronicSnailShell":11,"Vampire_Amulet":0,"Kunai":10},{"ReplayFunnel":118,"downfall:HeartBlessingRed":30,"StuffTheSpire:Wildfire":23,"downfall:HeartBlessingGreen":83,"Replay:WaspNest":9,"Orichalcum":4,"Empty Cage":83,"Medical Kit":92,"StuffTheSpire:OccultApparatus":9,"trackpad:ToughGloves":98,"hubris:Backtick":43,"downfall:HeartBlessingBlue":56,"Sundial":64,"Ornamental Fan":142,"aspiration:AnachronicSnailShell":47,"Vampire_Amulet":0,"Kunai":43}]},"card_choices":[{"not_picked":["Life_Drain","Acid_Javelin"],"picked":"Death_March_Dance","floor":2},{"not_picked":["Bone_Shift","Blood_Shield"],"picked":"Life_Drain","floor":4},{"not_picked":["Reap_The_Weak","Toxic_Smoke_Screen"],"picked":"Chill_Blood","floor":8},{"not_picked":["Vampiric_Strike","Bone_Armory"],"picked":"Stop_Heart","floor":9},{"not_picked":["Blood_Curse","Vampiric_Strike"],"picked":"Blood_Is_Power","floor":10},{"not_picked":["Consume_Illness","Chill_Blood","Blood_Shield"],"picked":"SKIP","floor":11},{"not_picked":["Necromantic_Selection","Plague_Bolt","Bone_Armor"],"picked":"SKIP","floor":12},{"not_picked":["Death_Coil","Thousand_Bone_Knives"],"picked":"Negative_Energy_Burst","floor":14},{"not_picked":["Consume_Illness","Negative_Energy_Bomb","Death_Coil"],"picked":"SKIP","floor":15},{"not_picked":["Scare","Death_Coil","Summon_Lich"],"picked":"SKIP","floor":23},{"not_picked":["Strike_from_Beyond","Bone_Armory"],"picked":"Shade_Step+1","floor":25},{"not_picked":["Thousand_Bone_Knives","Death_March_Dance+1"],"picked":"Necrotic_Claws","floor":26},{"not_picked":["Vampiric_Strike","Siphon_Strength"],"picked":"Bone_Bullets+1","floor":28},{"not_picked":["Stop_Heart+1","Detonate_Bones"],"picked":"Life_Drain","floor":29},{"not_picked":["Blood_Is_Power","Consume_Illness"],"picked":"Negative_Energy_Shield+1","floor":30},{"not_picked":["Negative_Energy_Shield","Acid_Javelin","Scare+1"],"picked":"SKIP","floor":31},{"not_picked":["Bones_to_Steel","Shackles_Of_Pain","Toxic_Smoke_Screen"],"picked":"SKIP","floor":32},{"not_picked":["Bone_Spikes+1","Bone_Shift+1","Summon_Lich+1"],"picked":"SKIP","floor":36},{"not_picked":["Negative_Energy_Sphere","Chill_Blood"],"picked":"Strike_from_Beyond+1","floor":37},{"not_picked":["Violent_Necrosis+1","Whirlwind_of_Bones","Death_March_Dance+1"],"picked":"SKIP","floor":38},{"not_picked":["Death_March_Dance","Negative_Energy_Burst+1"],"picked":"Chill_Blood+1","floor":40},{"not_picked":["Negative_Energy_Sphere","Bone_Spikes+1"],"picked":"Blood_Curse+1","floor":43},{"not_picked":["Bones_to_Steel","Summon_Undead"],"picked":"Negative_Energy_Javelin+1","floor":44},{"not_picked":["Bone_Spikes+1","Slay_Living","Scare+1"],"picked":"SKIP","floor":45},{"not_picked":["Summon_Vampire_Lady","Toxic_Smoke_Screen+1"],"picked":"Exploit","floor":46},{"not_picked":["Uncharnel+1","Finger_Of_Death","Blood_Curse"],"picked":"SKIP","floor":48},{"not_picked":["Necromantic_Selection+1","Bones_to_Steel+1"],"picked":"Negative_Energy_Mist","floor":49},{"not_picked":["Blood_Whip+1","Necrotic_Claws"],"picked":"Negative_Energy_Mist","floor":52}],"player_experience":21014,"relics_obtained":[{"floor":3,"key":"Orichalcum"},{"floor":7,"key":"Replay:WaspNest"},{"floor":10,"key":"StuffTheSpire:Wildfire"},{"floor":24,"key":"aspiration:AnachronicSnailShell"},{"floor":29,"key":"Sundial"},{"floor":41,"key":"trackpad:ToughGloves"},{"floor":46,"key":"ReplayFunnel"},{"floor":52,"key":"Ornamental Fan"}],"event_choices":[],"is_beta":false,"boss_relics":[{"not_picked":["StuffTheSpire:Kangaroo","halation:Risk"],"picked":"hubris:Backtick"},{"not_picked":["vexMod:EndlessSickness","aspiration:SecretTechniqueScroll"],"picked":"Empty Cage"}],"items_purged_floors":[8,28,37,39],"is_endless":false,"potions_floor_spawned":[2,9,14,15,16,25,30,31,33,38,40,46,48,49,52],"ascension_level":0}}