{"host":"1z4hbl9vfqrhg136","time":1608681843,"event":{"mods":["BaseMod","Minty Spire (QoL Compilation)"],"gold_per_floor":[118,134,134,146,196,228,228,228,228],"floor_reached":8,"playtime":485,"items_purged":[],"score":112,"play_id":"0b68d81a-a1d1-4d60-ac79-74a0b7890a5b","local_time":"20201223000403","is_ascension_mode":true,"campfire_choices":[{"data":"FlyingSleeves","floor":7,"key":"SMITH"}],"circlet_count":0,"master_deck":["AscendersBane","Strike_P","Strike_P","Strike_P","Defend_P","Defend_P","Defend_P","Defend_P","Eruption","Vigilance","DevaForm","WaveOfTheHand","FlyingSleeves+1","FlyingSleeves","Protect"],"relics":["PureWater","Ancient Tea Set"],"acts_visited":["Exordium"],"potions_floor_usage":[],"damage_taken":[{"damage":2,"enemies":"Jaw Worm","floor":1,"turns":5},{"damage":8,"enemies":"2 Louse","floor":2,"turns":4},{"damage":1,"enemies":"Cultist","floor":4,"turns":4},{"damage":3,"enemies":"Lagavulin","floor":6,"turns":9},{"damage":48,"enemies":"Gremlin Nob","floor":8,"turns":4}],"seed_played":"-2981067122009670390","potions_obtained":[],"is_trial":false,"path_per_floor":["M","M","?","M","?","E","R","E"],"character_chosen":"WATCHER","items_purchased":[],"campfire_rested":0,"item_purchase_floors":[],"current_hp_per_floor":[59,51,51,50,50,47,47,0,0],"gold":228,"neow_bonus":"ONE_RANDOM_RARE_CARD","is_daily":false,"chose_seed":false,"campfire_upgraded":1,"win_rate":0.0,"timestamp":1608681843,"path_taken":["M","M","?","M","?","E","R","E"],"items_purchased_type":[],"build_version":"2020-12-13","purchased_purges":0,"victory":false,"max_hp_per_floor":[68,68,68,68,68,68,68,68,68],"card_choices":[{"not_picked":["FlyingSleeves","ThirdEye"],"picked":"WaveOfTheHand","floor":1},{"not_picked":["EmptyBody","Consecrate"],"picked":"FlyingSleeves","floor":2},{"not_picked":["BowlingBash","Consecrate"],"picked":"Protect","floor":4},{"not_picked":["Prostrate","ReachHeaven","PathToVictory"],"picked":"SKIP","floor":6},{"not_picked":["Prostrate","ReachHeaven","PathToVictory"],"picked":"SKIP","floor":6}],"player_experience":1846332,"relics_obtained":[{"floor":6,"key":"Ancient Tea Set"}],"event_choices":[{"damage_healed":0,"gold_gain":0,"cards_transformed":["Strike_P"],"player_choice":"Change","damage_taken":0,"max_hp_gain":0,"max_hp_loss":0,"event_name":"Living Wall","floor":3,"gold_loss":0,"cards_obtained":["FlyingSleeves"]},{"damage_healed":0,"gold_gain":50,"player_choice":"Pray","damage_taken":0,"max_hp_gain":0,"max_hp_loss":0,"event_name":"Golden Shrine","floor":5,"gold_loss":0}],"is_beta":false,"boss_relics":[],"items_purged_floors":[],"is_endless":false,"potions_floor_spawned":[],"killed_by":"Gremlin Nob","ascension_level":20}}