{"host":"6pgtslebjnyv5xmi","time":1608704086,"event":{"mods":["AchievementEnabler","BaseMod","Colored Map","Minty Spire (QoL Compilation)","Rare Cards Sparkle","StSLib","SuperFastMode","The Dragon Tamer","everything is the same but u backflip on backflip"],"gold_per_floor":[112,112,137,137,156,156,179,179,179,192,207,43,43,43,43,163,163,182,197,211,100,115,115,115],"floor_reached":23,"playtime":1197,"items_purged":["Strike_B"],"score":213,"play_id":"bc496be6-6d52-4f02-a471-c55136c82ec7","local_time":"20201223151446","is_ascension_mode":true,"campfire_choices":[{"data":"Zap","floor":6.0,"key":"SMITH"},{"data":"Dualcast","floor":8.0,"key":"SMITH"},{"data":"White Noise","floor":13.0,"key":"SMITH"},{"floor":15.0,"key":"REST"}],"circlet_count":0,"master_deck":["Defend_B","Defend_B","Defend_B","Zap+1","Dualcast+1","Turbo","White Noise+1","Lockon","Loop","Streamline","Leap","Amplify","White Noise","Multi-Cast","Sunder","Defragment","Cold Snap+1"],"relics":["Cracked Core","Golden Idol","Mummified Hand","TungstenRod","Empty Cage"],"acts_visited":["Exordium","TheCity"],"potions_floor_usage":[22],"damage_taken":[{"damage":0.0,"enemies":"Small Slimes","floor":1.0,"turns":3.0},{"damage":3.0,"enemies":"2 Louse","floor":3.0,"turns":3.0},{"damage":2.0,"enemies":"Jaw Worm","floor":5.0,"turns":3.0},{"damage":4.0,"enemies":"2 Fungi Beasts","floor":7.0,"turns":4.0},{"damage":4.0,"enemies":"Blue Slaver","floor":10.0,"turns":3.0},{"damage":12.0,"enemies":"Large Slime","floor":11.0,"turns":6.0},{"damage":9.0,"enemies":"Hexaghost","floor":16.0,"turns":11.0},{"damage":12.0,"enemies":"Shell Parasite","floor":18.0,"turns":3.0},{"damage":13.0,"enemies":"3 Byrds","floor":19.0,"turns":2.0},{"damage":25.0,"enemies":"Snecko","floor":20.0,"turns":5.0},{"damage":5,"enemies":"Chosen and Byrds","floor":22,"turns":3},{"damage":21,"enemies":"Book of Stabbing","floor":23,"turns":3}],"seed_played":"-2099974577651362187","potions_obtained":[{"floor":1.0,"key":"Energy Potion"},{"floor":10.0,"key":"AttackPotion"},{"floor":18.0,"key":"EssenceOfDarkness"}],"is_trial":false,"path_per_floor":["M","?","M","?","M","R","M","R","T","M","M","$","R","?","R","B",null,"M","M","M","$","M","E"],"character_chosen":"DEFECT","items_purchased":["Loop","Streamline","Sunder","Defragment"],"campfire_rested":1,"item_purchase_floors":[12,12,21,21],"current_hp_per_floor":[75,57,54,51,49,49,45,45,45,41,29,29,29,29,51,42,75,63,50,25,25,20,0,0],"gold":115,"neow_bonus":"REMOVE_CARD","is_daily":false,"chose_seed":false,"campfire_upgraded":3,"win_rate":0.0,"timestamp":1608704086,"path_taken":["M","?","M","?","M","R","M","R","T","M","M","$","R","?","R","BOSS","M","M","M","$","M","E"],"items_purchased_type":["Card","Card","Card","Card"],"build_version":"2020-12-22","purchased_purges":1,"victory":false,"max_hp_per_floor":[75,75,75,75,75,75,75,75,75,75,75,75,75,75,75,75,75,75,75,75,75,75,75,75],"card_choices":[{"not_picked":["Scrape","Conserve Battery"],"picked":"Turbo","floor":1.0},{"not_picked":["White Noise","Gash","Sweeping Beam"],"picked":"SKIP","floor":3.0},{"not_picked":["Sweeping Beam","Rebound","Coolheaded"],"picked":"SKIP","floor":5.0},{"not_picked":["Turbo","Steam","Coolheaded"],"picked":"SKIP","floor":7.0},{"not_picked":["Consume","FTL"],"picked":"White Noise","floor":10.0},{"not_picked":["Sweeping Beam","Ball Lightning"],"picked":"Lockon","floor":11.0},{"not_picked":["All For One","Machine Learning"],"picked":"Amplify","floor":16.0},{"not_picked":["Compile Driver","Cold Snap+1","Fusion"],"picked":"SKIP","floor":18.0},{"not_picked":["Beam Cell+1","Melter"],"picked":"White Noise","floor":19.0},{"not_picked":["Compile Driver","Steam+1"],"picked":"Multi-Cast","floor":20.0},{"not_picked":["Beam Cell+1","Darkness"],"picked":"Cold Snap+1","floor":22}],"player_experience":390051,"relics_obtained":[{"floor":9.0,"key":"TungstenRod"}],"event_choices":[{"damage_healed":0.0,"max_hp_gain":0.0,"max_hp_loss":0.0,"gold_gain":0.0,"event_name":"Golden Idol","player_choice":"Take Damage","floor":2.0,"gold_loss":0.0,"damage_taken":18.0,"relics_obtained":["Golden Idol"]},{"damage_healed":0.0,"max_hp_gain":0.0,"max_hp_loss":0.0,"gold_gain":0.0,"event_name":"Scrap Ooze","player_choice":"Success","floor":4.0,"gold_loss":0.0,"damage_taken":3.0,"relics_obtained":["Mummified Hand"]},{"damage_healed":0.0,"max_hp_gain":0.0,"max_hp_loss":0.0,"gold_gain":0.0,"cards_transformed":["Strike_B"],"event_name":"Living Wall","player_choice":"Change","floor":14.0,"gold_loss":0.0,"damage_taken":0.0,"cards_obtained":["Leap"]}],"is_beta":false,"boss_relics":[{"not_picked":["Cursed Key","Snecko Eye"],"picked":"Empty Cage"}],"items_purged_floors":[12],"is_endless":false,"potions_floor_spawned":[1,10,18],"killed_by":"Book of Stabbing","ascension_level":3}}