{"host":"mi0eibewekhugwl1","time":1608732908,"event":{"mods":["AchievementEnabler","BaseMod","Colored Map","Colored Powertips","DeckTracker","Keyboard Shortcuts","Minty Spire (QoL Compilation)","Quick Restart","Rare Cards Sparkle","Relic Stats","StSLib","SuperFastMode","everything is the same but u backflip on backflip"],"gold_per_floor":[118,136,156,60,72,105,105,136,136,136,147,29,63,83,83,155,155,165,215,233,66,85,85,85,114,140,55,70,120,120,139,139,139,139],"floor_reached":33,"playtime":866,"items_purged":["Strike_R"],"score":574,"play_id":"5779abc7-151d-4bef-979c-588091fb669a","local_time":"20201223231508","is_ascension_mode":true,"campfire_choices":[{"data":"Cleave","floor":7.0,"key":"SMITH"},{"data":"Pommel Strike","floor":10.0,"key":"SMITH"},{"data":"Pommel Strike","floor":15.0,"key":"SMITH"},{"data":"Immolate","floor":24,"key":"SMITH"},{"data":"Disarm","floor":30,"key":"SMITH"},{"floor":32,"key":"REST"}],"circlet_count":0,"master_deck":["AscendersBane","Strike_R","Strike_R","Strike_R","Strike_R","Defend_R","Defend_R","Defend_R","Defend_R+1","Bash+1","Shrug It Off","Cleave+1","Pommel Strike+1","Offering","Pommel Strike+1","Shrug It Off","Bloodletting","Immolate+1","True Grit+1","Intimidate+1","Disarm+1","Burning Pact"],"relics":["Burning Blood","Meat on the Bone","FossilizedHelix","Lizard Tail","Charon\u0027s Ashes","Mango","War Paint","Du-Vu Doll","Ancient Tea Set","Sundial"],"acts_visited":["Exordium","TheCity"],"potions_floor_usage":[25,33],"damage_taken":[{"damage":7.0,"enemies":"2 Louse","floor":1.0,"turns":3.0},{"damage":6.0,"enemies":"Cultist","floor":2.0,"turns":3.0},{"damage":12.0,"enemies":"Small Slimes","floor":3.0,"turns":3.0},{"damage":26.0,"enemies":"3 Louse","floor":5.0,"turns":4.0},{"damage":39.0,"enemies":"3 Sentries","floor":6.0,"turns":9.0},{"damage":6.0,"enemies":"Gremlin Nob","floor":8.0,"turns":3.0},{"damage":0.0,"enemies":"Exordium Wildlife","floor":11.0,"turns":2.0},{"damage":13.0,"enemies":"3 Sentries","floor":13.0,"turns":4.0},{"damage":17.0,"enemies":"Exordium Thugs","floor":14.0,"turns":4.0},{"damage":54.0,"enemies":"Slime Boss","floor":16.0,"turns":9.0},{"damage":24.0,"enemies":"Spheric Guardian","floor":18.0,"turns":4.0},{"damage":14.0,"enemies":"Shell Parasite","floor":20.0,"turns":3.0},{"damage":10.0,"enemies":"3 Cultists","floor":22.0,"turns":3.0},{"damage":28,"enemies":"Slavers","floor":25,"turns":5},{"damage":20,"enemies":"Cultist and Chosen","floor":28,"turns":6},{"damage":6,"enemies":"Centurion and Healer","floor":31,"turns":6},{"damage":87,"enemies":"Champ","floor":33,"turns":12}],"seed_played":"-5060138629049982185","potions_obtained":[{"floor":2.0,"key":"Strength Potion"},{"floor":13.0,"key":"Strength Potion"},{"floor":14.0,"key":"Weak Potion"},{"floor":31,"key":"LiquidBronze"}],"is_trial":false,"path_per_floor":["M","M","M","?","M","E","R","E","T","R","M","$","E","M","R","B",null,"M","?","M","$","M","?","R","E","T","?","M","?","R","M","R","B"],"character_chosen":"IRONCLAD","items_purchased":["Bloodletting","War Paint"],"campfire_rested":1,"item_purchase_floors":[12,21],"current_hp_per_floor":[67,67,61,61,53,32,32,44,44,44,50,50,69,58,58,22,72,54,54,58,58,54,54,54,44,44,44,42,42,42,54,80,44,44],"gold":139,"neow_bonus":"UPGRADE_CARD","is_daily":false,"chose_seed":false,"campfire_upgraded":5,"win_rate":0.0,"timestamp":1608732908,"path_taken":["M","M","M","?","M","E","R","E","T","R","M","?","E","M","R","BOSS","M","?","M","$","M","?","R","E","T","?","M","?","R","M","R","BOSS"],"items_purchased_type":["Card","Relic"],"build_version":"2020-12-22","purchased_purges":1,"victory":false,"max_hp_per_floor":[75,75,75,75,75,75,75,75,75,75,75,75,89,89,89,89,89,89,89,89,89,89,89,89,89,89,89,89,89,89,89,89,89,89],"relic_stats":{"Lizard Tail":44,"counters":[17,83],"Sundial":[4],"Charon\u0027s Ashes":[169],"War Paint":["Intimidate","Defend_R"],"obtain_stats":[{"Du-Vu Doll":25,"Lizard Tail":8,"Sundial":27,"Mango":13,"Charon\u0027s Ashes":9,"War Paint":21,"Ancient Tea Set":26,"Burning Blood":0,"FossilizedHelix":6,"Meat on the Bone":4},{"Du-Vu Doll":14,"Lizard Tail":6,"Sundial":14,"Mango":8,"Charon\u0027s Ashes":6,"War Paint":12,"Ancient Tea Set":14,"Burning Blood":0,"FossilizedHelix":5,"Meat on the Bone":3},{"Du-Vu Doll":59,"Lizard Tail":25,"Sundial":59,"Mango":31,"Charon\u0027s Ashes":25,"War Paint":51,"Ancient Tea Set":59,"Burning Blood":0,"FossilizedHelix":22,"Meat on the Bone":9}],"Burning Blood":96,"Meat on the Bone":108},"card_choices":[{"not_picked":["Armaments","Burning Pact"],"picked":"Shrug It Off","floor":1.0},{"not_picked":["Heavy Blade","Clash"],"picked":"Cleave","floor":2.0},{"not_picked":["Flex","Hemokinesis","Infernal Blade"],"picked":"SKIP","floor":3.0},{"not_picked":["Cleave","Uppercut"],"picked":"Pommel Strike","floor":5.0},{"not_picked":["Sentinel","Sword Boomerang"],"picked":"Offering","floor":6.0},{"not_picked":["Shrug It Off","Cleave"],"picked":"Pommel Strike","floor":8.0},{"not_picked":["Perfected Strike","Shrug It Off","Flex"],"picked":"SKIP","floor":11.0},{"not_picked":["Perfected Strike","Flex"],"picked":"Shrug It Off","floor":11.0},{"not_picked":["Blood for Blood","Searing Blow","Iron Wave"],"picked":"SKIP","floor":13.0},{"not_picked":["Rage","Heavy Blade","Flex"],"picked":"SKIP","floor":14.0},{"not_picked":["Reaper","Corruption"],"picked":"Immolate","floor":16.0},{"not_picked":["Entrench+1","Warcry+1"],"picked":"True Grit+1","floor":18.0},{"not_picked":["Body Slam","Infernal Blade"],"picked":"Intimidate","floor":20.0},{"not_picked":["Wild Strike","Thunderclap"],"picked":"Disarm","floor":22},{"not_picked":["Uppercut","Ghostly Armor"],"picked":"Burning Pact","floor":25},{"not_picked":["True Grit","Body Slam","Sword Boomerang"],"picked":"SKIP","floor":28},{"not_picked":["Dual Wield","Clothesline","Anger"],"picked":"SKIP","floor":31}],"player_experience":1701961,"relics_obtained":[{"floor":6.0,"key":"FossilizedHelix"},{"floor":8.0,"key":"Lizard Tail"},{"floor":9.0,"key":"Charon\u0027s Ashes"},{"floor":13.0,"key":"Mango"},{"floor":25,"key":"Du-Vu Doll"},{"floor":26,"key":"Ancient Tea Set"}],"event_choices":[{"damage_healed":0.0,"max_hp_gain":0.0,"max_hp_loss":0.0,"gold_gain":0.0,"event_name":"WeMeetAgain","player_choice":"Paid Gold","floor":4.0,"gold_loss":96.0,"damage_taken":0.0,"relics_obtained":["Meat on the Bone"]},{"damage_healed":0.0,"max_hp_gain":0.0,"max_hp_loss":0.0,"gold_gain":50.0,"event_name":"Nest","player_choice":"Stole From Cult","floor":19.0,"gold_loss":0.0,"damage_taken":0.0},{"damage_healed":0,"gold_gain":0,"player_choice":"Ignored","damage_taken":0,"max_hp_gain":0,"max_hp_loss":0,"event_name":"Ghosts","floor":23,"gold_loss":0},{"damage_healed":0,"gold_gain":0,"player_choice":"Obtained Relic","damage_taken":0,"relics_obtained":["Sundial"],"max_hp_gain":0,"max_hp_loss":0,"event_name":"Addict","floor":27,"gold_loss":85},{"damage_healed":0,"gold_gain":100,"player_choice":"Bet on Murderer","damage_taken":0,"max_hp_gain":0,"max_hp_loss":0,"event_name":"The Joust","floor":29,"gold_loss":50}],"is_beta":false,"boss_relics":[{"not_picked":["Fusion Hammer","Runic Pyramid","Busted Crown"]}],"items_purged_floors":[12],"is_endless":false,"potions_floor_spawned":[2,13,14,18,31],"killed_by":"Champ","ascension_level":20}}