{"host":"qa8cj4hae9rrz4qd","time":1608756393,"event":{"mods":["BaseMod","Colored Map","Colored Powertips","Conspire","Downfall","Energized Spire","Halation","Hubris","Infinite Spire","Minty Spire (QoL Compilation)","Replay The Spire","StSLib","The Construct","The Disciple","The Hierophant","The Jungle","The Runesmith","The Servant 0.9.4","TheBandit","vexMod"],"gold_per_floor":[99,99,99,125,136,84,84,84,9,9,28,98,112,112,123,218,218,218,235,247,100,100,117,117,129,146,269,269,287,303,153,172,276,276,276,289,307,307,307,317,397,397,397,397,397],"floor_reached":43,"playtime":4137,"items_purged":[],"score":470,"play_id":"17c25415-5e7b-4cd3-945c-11caf0bfa9f3","local_time":"20201223204633","is_ascension_mode":false,"campfire_choices":[{"data":"Slimebound:Split","floor":1,"key":"SMITH"},{"data":"Slimebound:PrepareCrush","floor":18,"key":"SMITH"},{"data":"Slimebound:Recycling","floor":35,"key":"SMITH"}],"circlet_count":0,"master_deck":["Slimebound:Strike_Slimebound","Slimebound:Strike_Slimebound","Slimebound:Strike_Slimebound","Slimebound:Tackle","Slimebound:Defend_Slimebound","Slimebound:Defend_Slimebound","Slimebound:Defend_Slimebound","Slimebound:Defend_Slimebound","Slimebound:Split+1","Slimebound:CorrosiveSpit","Slimebound:Repurpose","Slimebound:SplitBruiser","Slimebound:GoopSpray","Slimebound:SplitAcid","Slimebound:Equalize","Slimebound:GoopSpray","Slimebound:GoopSpray","Slimebound:SplitBruiser","Slimebound:MegaLick","Slimebound:MegaLick","hubris:Rewind","Slimebound:Prepare","Slimebound:SlimeSlap","Slimebound:SamplingLick","Slimebound:PrepareCrush+1","Slimebound:TongueLash+1","Slimebound:Dissolve+1","Slimebound:SplitLeeching+1","Slimebound:ComboTackle","Slimebound:LevelUp+1","Slimebound:HungryTackle","Slimebound:PressTheAttack","Slimebound:Replication","Slimebound:Equalize+1","Slimebound:ForwardTackle","Slimebound:ViciousTackle","Slimebound:Replication","Slimebound:Gluttony","Slimebound:SlimeSpikes","Slimebound:Chomp+1","Slimebound:GrowthPunch","Slimebound:SplitBruiser","Slimebound:FirmFortitude","Slimebound:FinishingTackle+1","Slimebound:PressTheAttack","Slimebound:Prepare+1","Slimebound:SplitMire","Slimebound:SlimeSpikes+1","Slimebound:RejuvenatingLick","Slimebound:FinishingTackle","Slimebound:SpikyOuterGoop","Slimebound:ComboTackle","Slimebound:FlameTackle","Slimebound:FirmFortitude+1","Slimebound:GoopTackle","Ghostly","Slimebound:LivingWall","Slimebound:MegaLick","Slimebound:PressTheAttack","Slimebound:MassRepurpose+1","Slimebound:Recycling+1","Slimebound:RallyTheTroops","Slimebound:RainOfGoop","Slimebound:ViciousTackle+1","Slimebound:FinishingTackle+1","Slimebound:RollThrough+1","Slimebound:SamplingLick","Slimebound:SplitAcid+1","Slimebound:Chomp+1","Slimebound:LeechEnergy","Slimebound:SplitLeeching+1"],"relics":["Slimebound:AbsorbEndCombat","downfall:HeartsMalice","halation:SelfBoilingWater","hubris:Metronome","energizedSpire:StickyHand","ReplayTheSpireMod:Ninjato","ReplayFunnel","halation:PinkSoulGem","conspire:RoyalGoblet","Replay:Ringing Soul","hubris:Towel"],"acts_visited":["Exordium","TheCity","TheBeyond"],"potions_floor_usage":[16,16,27,30,33,40,40,40,43],"damage_taken":[{"damage":0,"enemies":"Jaw Worm","floor":2,"turns":1},{"damage":0,"enemies":"2 Louse","floor":3,"turns":1},{"damage":0,"enemies":"conspire:MimicChest","floor":4,"turns":1},{"damage":23,"enemies":"infinitespire:Voidling","floor":5,"turns":3},{"damage":22,"enemies":"downfall:FleeingMerchant","floor":6,"turns":4},{"damage":21,"enemies":"downfall:FleeingMerchant","floor":9,"turns":4},{"damage":12,"enemies":"2 Fungi Beasts","floor":11,"turns":3},{"damage":19,"enemies":"3 Louse","floor":13,"turns":3},{"damage":24,"enemies":"Blue Slaver","floor":15,"turns":2},{"damage":61,"enemies":"downfall:Ironclad","floor":16,"turns":8},{"damage":5,"enemies":"Chosen","floor":19,"turns":3},{"damage":33,"enemies":"Shell Parasite","floor":20,"turns":5},{"damage":19,"enemies":"downfall:FleeingMerchant","floor":21,"turns":4},{"damage":32,"enemies":"conspire:HollyBat","floor":23,"turns":8},{"damage":42,"enemies":"Chosen and Byrds","floor":25,"turns":5},{"damage":57,"enemies":"Sentry and Sphere","floor":26,"turns":6},{"damage":15,"enemies":"downfall:FleeingMerchant","floor":27,"turns":4},{"damage":12,"enemies":"3 Cultists","floor":29,"turns":3},{"damage":25,"enemies":"Centurion and Healer","floor":30,"turns":3},{"damage":28,"enemies":"Snake Plant","floor":32,"turns":3},{"damage":29,"enemies":"downfall:Defect","floor":33,"turns":5},{"damage":42,"enemies":"3 Shapes","floor":36,"turns":4},{"damage":5,"enemies":"Orb Walker","floor":37,"turns":2},{"damage":33,"enemies":"Maw","floor":40,"turns":5},{"damage":49,"enemies":"2 Orb Walkers","floor":43,"turns":3}],"seed_played":"7614232695940635094","potions_obtained":[{"floor":4,"key":"BlessingOfTheForge"},{"floor":11,"key":"Slimebound:SlimedPotion"},{"floor":13,"key":"DistilledChaos"},{"floor":14,"key":"LifebloodPotion"},{"floor":16,"key":"Dexterity Potion"},{"floor":23,"key":"PowerPotion"},{"floor":26,"key":"LifebloodPotion"},{"floor":29,"key":"Fire Potion"},{"floor":32,"key":"Elixir"},{"floor":33,"key":"FearPotion"},{"floor":37,"key":"LiquidMemories"},{"floor":40,"key":"AttackPotion"}],"is_trial":false,"path_per_floor":["R","M","M","?","M","$","T","?","$","?","M","T","M","?","M","B",null,"R","M","M","$","?","M","T","M","M","$","?","M","M","?","M","B",null,"R","M","M","?","?","M","T","?","?"],"character_chosen":"SLIMEBOUND","items_purchased":["Slimebound:GoopSpray","Slimebound:MegaLick","Slimebound:ForwardTackle","Slimebound:ViciousTackle","Slimebound:RejuvenatingLick","ReplayFunnel"],"campfire_rested":0,"item_purchase_floors":[6,9,21,21,27,27],"current_hp_per_floor":[60,60,60,60,59,60,60,60,60,44,50,50,49,49,47,28,60,60,60,53,56,56,60,60,40,13,34,34,34,29,29,27,50,60,60,26,25,25,25,40,40,40,0,0,0],"gold":397,"neow_bonus":"THREE_ENEMY_KILL","is_daily":false,"chose_seed":false,"campfire_upgraded":3,"win_rate":0.0,"timestamp":1608756393,"path_taken":["R","M","M","?","?","$","T","?","$","?","M","?","?","?","M","BOSS","R","M","M","$","?","M","T","M","?","?","?","M","M","?","M","BOSS","R","M","M","?","?","M","T","?","?"],"items_purchased_type":["Card","Card","Card","Card","Card","Relic"],"build_version":"2020-12-22","purchased_purges":0,"victory":false,"max_hp_per_floor":[60,60,60,60,60,60,60,60,60,60,60,60,60,60,60,60,60,60,60,60,60,60,60,60,60,60,60,60,60,60,60,60,60,60,60,60,60,60,60,60,60,60,60,60,60],"card_choices":[{"not_picked":["Slimebound:Gluttony","Slimebound:LivingWall"],"picked":"Slimebound:Repurpose","floor":2},{"not_picked":["Slimebound:Schlurp","Slimebound:HauntingLick"],"picked":"Slimebound:SplitBruiser","floor":3},{"not_picked":["Slimebound:RollThrough","Slimebound:GoopTackle"],"picked":"Slimebound:GoopSpray","floor":4},{"not_picked":["Slimebound:RollThrough","Slimebound:LivingWall"],"picked":"Slimebound:SplitAcid","floor":5},{"not_picked":["Slimebound:Schlurp","Slimebound:Dissolve"],"picked":"Slimebound:Equalize","floor":6},{"not_picked":["Slimebound:ComboTackle","Slimebound:LeechEnergy"],"picked":"Slimebound:SplitBruiser","floor":9},{"not_picked":["infinitespire:SealOfDarkness+","infinitespire:TheBestDefense"],"picked":"hubris:Rewind","floor":10},{"not_picked":["Slimebound:LeechEnergy","Slimebound:RollThrough"],"picked":"Slimebound:Prepare","floor":11},{"not_picked":["Slimebound:SplitBruiser","Slimebound:ViciousTackle"],"picked":"Slimebound:SlimeSlap","floor":13},{"not_picked":["Slimebound:BestDefense","Slimebound:SplitMire"],"picked":"Slimebound:SamplingLick","floor":15},{"not_picked":["Slimebound:DouseInSlime","Slimebound:OozeBath"],"picked":"Slimebound:PrepareCrush","floor":16},{"not_picked":["Slimebound:TongueLash+1","Slimebound:SplitLeeching+1"],"picked":"Slimebound:Dissolve+1","floor":19},{"not_picked":["Slimebound:ComboTackle","Slimebound:HungryTackle"],"picked":"Slimebound:LevelUp+1","floor":20},{"not_picked":["Slimebound:PressTheAttack","Slimebound:Equalize+1"],"picked":"Slimebound:Replication","floor":21},{"not_picked":["Slimebound:Replication","Slimebound:Gluttony"],"picked":"Slimebound:SlimeSpikes","floor":23},{"not_picked":["Slimebound:Chomp+1","Slimebound:SplitBruiser"],"picked":"Slimebound:GrowthPunch","floor":25},{"not_picked":["Slimebound:FirmFortitude","Slimebound:FinishingTackle+1"],"picked":"Slimebound:PressTheAttack","floor":26},{"not_picked":["Slimebound:Prepare+1","Slimebound:SlimeSpikes+1"],"picked":"Slimebound:SplitMire","floor":27},{"not_picked":["Slimebound:FinishingTackle","Slimebound:ComboTackle"],"picked":"Slimebound:SpikyOuterGoop","floor":29},{"not_picked":["Slimebound:FlameTackle","Slimebound:GoopTackle"],"picked":"Slimebound:FirmFortitude+1","floor":30},{"not_picked":["Slimebound:LivingWall","Slimebound:PressTheAttack"],"picked":"Slimebound:MegaLick","floor":32},{"not_picked":["Slimebound:MassRepurpose","Slimebound:RallyTheTroops"],"picked":"Slimebound:Recycling","floor":33},{"not_picked":["Slimebound:RainOfGoop","Slimebound:FinishingTackle+1"],"picked":"Slimebound:ViciousTackle+1","floor":36},{"not_picked":["Slimebound:RollThrough+1","Slimebound:SplitAcid+1"],"picked":"Slimebound:SamplingLick","floor":37},{"not_picked":["Slimebound:Chomp+1","Slimebound:SplitLeeching+1"],"picked":"Slimebound:LeechEnergy","floor":40}],"player_experience":437369,"relics_obtained":[{"floor":4,"key":"halation:KoshaPiece"},{"floor":7,"key":"halation:SelfBoilingWater"},{"floor":12,"key":"hubris:Metronome"},{"floor":24,"key":"ReplayTheSpireMod:Ninjato"},{"floor":41,"key":"Replay:Ringing Soul"}],"event_choices":[{"damage_healed":0,"gold_gain":0,"player_choice":"Leave","damage_taken":0,"max_hp_gain":0,"max_hp_loss":0,"event_name":"conspire:Investor","floor":8,"gold_loss":0},{"damage_healed":0,"gold_gain":0,"player_choice":"Ignored","damage_taken":0,"max_hp_gain":0,"max_hp_loss":0,"event_name":"NoteForYourself","floor":22,"gold_loss":0},{"damage_healed":0,"gold_gain":0,"player_choice":"Fight","damage_taken":0,"max_hp_gain":0,"max_hp_loss":0,"event_name":"Mysterious Sphere","floor":43,"gold_loss":0}],"is_beta":false,"boss_relics":[{"not_picked":["Snecko Eye","vexMod:EndlessSickness"],"picked":"energizedSpire:StickyHand"},{"not_picked":["hubris:BlackHole","Fusion Hammer"],"picked":"conspire:RoyalGoblet"}],"items_purged_floors":[],"is_endless":false,"potions_floor_spawned":[4,11,13,15,16,23,26,29,32,33,37,40],"killed_by":"2 Orb Walkers","ascension_level":0}}