{"host":"vwbwwyhmu2pi06ai","time":1608711595,"event":{"mods":["BaseMod","Downfall","Minty Spire (QoL Compilation)","StSLib","The Servant 0.9.4"],"gold_per_floor":[112,112,122,141,141,173,183,218,245,245,264,264,278,296,296,397,397,397,397,397,397,397,397,397,397,397,85,85,85,85,85,85,85,85,85,85,0,0,0,0,0],"floor_reached":40,"playtime":1742,"items_purged":[],"score":404,"play_id":"130ce112-b564-40bf-a9af-abde8ee9dac3","local_time":"20201223011955","is_ascension_mode":false,"campfire_choices":[{"floor":10,"key":"REST"},{"data":"Clash","floor":15,"key":"SMITH"},{"data":"Double Tap","floor":24,"key":"SMITH"},{"floor":28,"key":"REST"},{"floor":32,"key":"REST"}],"circlet_count":0,"master_deck":["Strike_R","Strike_R","Strike_R","Strike_R","Strike_R","Defend_R","Defend_R","Defend_R","Defend_R","Bash","Anger","Armaments","Headbutt","Clash+1","Ghostly Armor","Thunderclap","Armaments","Cleave+1","Cleave","Thunderclap","Double Tap+1","Iron Wave+1","Carnage+1","Double Tap","Anger","Double Tap","Whirlwind+1","Shrug It Off+1","Flex"],"relics":["Burning Blood","WingedGreaves","Bag of Marbles","Dream Catcher","Pocketwatch","Pen Nib","Ectoplasm","Boot","Ice Cream","Sozu","Red Mask"],"acts_visited":["Exordium","TheCity","TheBeyond"],"potions_floor_usage":[8,33,33],"damage_taken":[{"damage":8,"enemies":"Cultist","floor":1,"turns":5},{"damage":7,"enemies":"2 Louse","floor":3,"turns":3},{"damage":6,"enemies":"Jaw Worm","floor":4,"turns":3},{"damage":35,"enemies":"Lagavulin","floor":6,"turns":6},{"damage":8,"enemies":"2 Fungi Beasts","floor":7,"turns":4},{"damage":22,"enemies":"3 Sentries","floor":8,"turns":9},{"damage":9,"enemies":"Exordium Wildlife","floor":11,"turns":4},{"damage":8,"enemies":"Gremlin Gang","floor":13,"turns":4},{"damage":6,"enemies":"3 Louse","floor":14,"turns":2},{"damage":56,"enemies":"The Guardian","floor":16,"turns":9},{"damage":0,"enemies":"Chosen","floor":18,"turns":3},{"damage":20,"enemies":"3 Byrds","floor":19,"turns":4},{"damage":20,"enemies":"Snecko","floor":23,"turns":5},{"damage":4,"enemies":"Centurion and Healer","floor":25,"turns":3},{"damage":36,"enemies":"Shelled Parasite and Fungi","floor":29,"turns":4},{"damage":0,"enemies":"Snecko","floor":31,"turns":2},{"damage":62,"enemies":"Champ","floor":33,"turns":8},{"damage":10,"enemies":"Orb Walker","floor":35,"turns":3},{"damage":5,"enemies":"3 Shapes","floor":36,"turns":2},{"damage":12,"enemies":"Jaw Worm Horde","floor":38,"turns":3},{"damage":15,"enemies":"4 Shapes","floor":39,"turns":1},{"damage":68,"enemies":"Reptomancer","floor":40,"turns":5}],"seed_played":"4428601707998337064","potions_obtained":[{"floor":1,"key":"Regen Potion"},{"floor":4,"key":"GamblersBrew"},{"floor":7,"key":"Ancient Potion"},{"floor":8,"key":"SpeedPotion"},{"floor":14,"key":"ColorlessPotion"},{"floor":19,"key":"HeartOfIron"},{"floor":23,"key":"Strength Potion"}],"is_trial":false,"path_per_floor":["M","?","M","M","?","E","M","E","T","R","M","?","M","M","R","B",null,"M","M","?","?","?","M","R","M","T","$","R","M","$","M","R","B",null,"M","M","?","M","M","E"],"character_chosen":"IRONCLAD","items_purchased":["Ice Cream"],"campfire_rested":3,"item_purchase_floors":[27],"current_hp_per_floor":[78,75,74,74,74,45,43,42,42,66,63,63,61,61,61,11,80,80,66,66,66,58,44,44,46,46,46,70,40,40,46,70,14,80,76,77,77,71,62,0,0],"gold":0,"neow_bonus":"","is_daily":false,"chose_seed":false,"campfire_upgraded":2,"win_rate":0.0,"timestamp":1608711595,"path_taken":["M","?","M","M","?","E","?","E","T","R","M","?","M","M","R","BOSS","M","M","?","?","?","M","R","M","T","$","R","M","$","M","R","BOSS","M","?","?","M","M","E"],"items_purchased_type":["Relic"],"build_version":"2020-12-22","purchased_purges":0,"victory":false,"max_hp_per_floor":[80,80,80,80,80,80,80,80,80,80,80,80,80,80,80,80,80,80,80,80,80,80,80,80,80,80,80,80,80,80,80,80,80,80,80,80,80,80,80,80,80],"card_choices":[{"not_picked":["Rupture","Pommel Strike"],"picked":"Anger","floor":1},{"not_picked":["Battle Trance","Infernal Blade"],"picked":"Armaments","floor":3},{"not_picked":["Shockwave","Impervious"],"picked":"Headbutt","floor":4},{"not_picked":["Offering","Searing Blow"],"picked":"Clash","floor":6},{"not_picked":["Battle Trance","Clothesline"],"picked":"Ghostly Armor","floor":7},{"not_picked":["Perfected Strike","Blood for Blood"],"picked":"Thunderclap","floor":8},{"not_picked":["Rage","Pummel"],"picked":"Armaments","floor":10},{"not_picked":["Rampage","True Grit"],"picked":"Cleave","floor":11},{"not_picked":["Berserk","Blood for Blood"],"picked":"Cleave","floor":13},{"not_picked":["Hemokinesis","Ghostly Armor"],"picked":"Thunderclap","floor":14},{"not_picked":["Barricade","Brutality"],"picked":"Double Tap","floor":16},{"not_picked":["Flame Barrier","Cleave","Burning Pact+1"],"picked":"SKIP","floor":18},{"not_picked":["Cleave","Shrug It Off"],"picked":"Iron Wave+1","floor":19},{"not_picked":["Reckless Charge","Pommel Strike+1","Warcry"],"picked":"SKIP","floor":23},{"not_picked":["Sword Boomerang","Iron Wave"],"picked":"Carnage+1","floor":25},{"not_picked":["Clash","Carnage+1"],"picked":"Double Tap","floor":29},{"not_picked":["Power Through","Headbutt","Shrug It Off"],"picked":"SKIP","floor":31},{"not_picked":["Flex+1","Warcry"],"picked":"Anger","floor":32},{"not_picked":["Feed","Offering"],"picked":"Double Tap","floor":33},{"not_picked":["Perfected Strike+1","Pommel Strike+1"],"picked":"Whirlwind+1","floor":35},{"not_picked":["Feel No Pain","Sword Boomerang+1","Hemokinesis"],"picked":"SKIP","floor":36},{"not_picked":["Ghostly Armor","Rage"],"picked":"Shrug It Off+1","floor":38},{"not_picked":["Burning Pact+1","Fire Breathing"],"picked":"Flex","floor":39}],"player_experience":0,"relics_obtained":[{"floor":6,"key":"Dream Catcher"},{"floor":8,"key":"Pocketwatch"},{"floor":9,"key":"Pen Nib"},{"floor":26,"key":"Boot"}],"event_choices":[{"damage_healed":0,"gold_gain":0,"player_choice":"Success","damage_taken":3,"relics_obtained":["WingedGreaves"],"max_hp_gain":0,"max_hp_loss":0,"event_name":"Scrap Ooze","floor":2,"gold_loss":0},{"damage_healed":0,"gold_gain":0,"player_choice":"Gave Potion","damage_taken":0,"relics_obtained":["Bag of Marbles"],"max_hp_gain":0,"max_hp_loss":0,"event_name":"WeMeetAgain","floor":5,"gold_loss":0},{"damage_healed":0,"gold_gain":0,"player_choice":"Grow","damage_taken":0,"max_hp_gain":0,"max_hp_loss":0,"event_name":"Living Wall","floor":12,"gold_loss":0,"cards_upgraded":["Cleave"]},{"damage_healed":0,"gold_gain":99,"player_choice":"Stole From Cult","damage_taken":0,"max_hp_gain":0,"max_hp_loss":0,"event_name":"Nest","floor":20,"gold_loss":0},{"damage_healed":0,"gold_gain":0,"player_choice":"Damaged","damage_taken":8,"max_hp_gain":0,"max_hp_loss":0,"event_name":"Wheel of Change","floor":22,"gold_loss":0},{"damage_healed":0,"gold_gain":0,"player_choice":"Paid","damage_taken":0,"relics_obtained":["Red Mask"],"max_hp_gain":0,"max_hp_loss":0,"event_name":"Tomb of Lord Red Mask","floor":37,"gold_loss":85}],"is_beta":false,"boss_relics":[{"not_picked":["Runic Dome","Black Blood"],"picked":"Ectoplasm"},{"not_picked":["Mark of Pain","Busted Crown"],"picked":"Sozu"}],"items_purged_floors":[],"is_endless":false,"potions_floor_spawned":[1,4,7,8,14,16,19,23,36,38,39],"killed_by":"Reptomancer","ascension_level":0}}