{"host":"qxeepl7ydvsgmfdb","time":1608742342,"event":{"mods":["AchievementEnabler","BaseMod","Colored Powertips","Minty Spire (QoL Compilation)","Quick Restart","slay the spire mod where everything is the same but ironclad has a cowboy hat"],"gold_per_floor":[113,188,208,208,208,238,253,253,278,292,242,242,264,280,280,376,376,386,410,410,181,191,191,201,201,272,272,287,287,337,355,355,459,459,472,472,79,93,113,113,163,189,216,229,282,294,294,312,312,312],"floor_reached":51,"playtime":1725,"items_purged":[],"score":697,"play_id":"34605e22-9aaa-45d1-810f-f7e7c864940b","local_time":"20201223115222","is_ascension_mode":false,"campfire_choices":[{"floor":12.0,"key":"REST"},{"data":"Envenom","floor":15.0,"key":"SMITH"},{"data":"Cloak And Dagger","floor":23.0,"key":"SMITH"},{"floor":29.0,"key":"REST"},{"data":"After Image","floor":32.0,"key":"SMITH"},{"data":"Tools of the Trade","floor":40.0,"key":"SMITH"},{"data":"RitualDagger","floor":47,"key":"SMITH"},{"data":"Poisoned Stab","floor":49,"key":"SMITH"}],"circlet_count":0,"master_deck":["Strike_G","Strike_G","Strike_G","Strike_G","Strike_G","Defend_G","Defend_G","Defend_G","Defend_G","Survivor","Neutralize","Slice","Sucker Punch+1","Caltrops","Deflect+1","PiercingWail","Cloak And Dagger+1","Envenom+1","CurseOfTheBell","Blade Dance+1","Backstab","Deadly Poison+1","Dagger Throw+1","RitualDagger+1","Backstab","After Image+1","Tools of the Trade+1","Backflip+1","Blade Dance+1","Poisoned Stab+1"],"relics":["Ring of the Snake","NeowsBlessing","Pen Nib","Dream Catcher","Tiny Chest","Odd Mushroom","Calling Bell","MealTicket","Kunai","TungstenRod","Juzu Bracelet","Paper Crane","Bag of Marbles","Mummified Hand","Gambling Chip","War Paint","WristBlade","Torii","TwistedFunnel","Ninja Scroll","Lizard Tail","Happy Flower","Strawberry","The Specimen"],"acts_visited":["Exordium","TheCity","TheBeyond"],"potions_floor_usage":[50,50,50],"damage_taken":[{"damage":0.0,"enemies":"Small Slimes","floor":1.0,"turns":1.0},{"damage":0.0,"enemies":"Jaw Worm","floor":3.0,"turns":1.0},{"damage":0.0,"enemies":"Lagavulin","floor":6.0,"turns":1.0},{"damage":0.0,"enemies":"2 Louse","floor":7.0,"turns":1.0},{"damage":17.0,"enemies":"Exordium Wildlife","floor":10.0,"turns":4.0},{"damage":2.0,"enemies":"The Mushroom Lair","floor":13.0,"turns":2.0},{"damage":0.0,"enemies":"Looter","floor":14.0,"turns":4.0},{"damage":36.0,"enemies":"The Guardian","floor":16.0,"turns":11.0},{"damage":16.0,"enemies":"Shell Parasite","floor":18.0,"turns":7.0},{"damage":16.0,"enemies":"Spheric Guardian","floor":22.0,"turns":5.0},{"damage":10.0,"enemies":"Snecko","floor":24.0,"turns":7.0},{"damage":2.0,"enemies":"Snake Plant","floor":28.0,"turns":2.0},{"damage":0.0,"enemies":"Centurion and Healer","floor":31.0,"turns":4.0},{"damage":31.0,"enemies":"Collector","floor":33.0,"turns":9.0},{"damage":0.0,"enemies":"3 Shapes","floor":35.0,"turns":3.0},{"damage":0.0,"enemies":"Orb Walker","floor":38.0,"turns":2.0},{"damage":0.0,"enemies":"Sphere and 2 Shapes","floor":39.0,"turns":3.0},{"damage":0.0,"enemies":"Mind Bloom Boss Battle","floor":41.0,"turns":2.0},{"damage":0,"enemies":"Spire Growth","floor":44,"turns":1},{"damage":0,"enemies":"2 Orb Walkers","floor":45,"turns":2},{"damage":0,"enemies":"3 Darklings","floor":46,"turns":2},{"damage":0,"enemies":"Maw","floor":48,"turns":5},{"damage":83,"enemies":"Time Eater","floor":50,"turns":10}],"seed_played":"8446172429439227668","potions_obtained":[{"floor":3.0,"key":"GamblersBrew"},{"floor":7.0,"key":"Poison Potion"},{"floor":10.0,"key":"GamblersBrew"},{"floor":13.0,"key":"CunningPotion"},{"floor":22.0,"key":"Swift Potion"},{"floor":28.0,"key":"LiquidBronze"},{"floor":33.0,"key":"DistilledChaos"},{"floor":35.0,"key":"Weak Potion"},{"floor":38.0,"key":"CunningPotion"},{"floor":45,"key":"DuplicationPotion"}],"is_trial":false,"path_per_floor":["M","?","M","?","?","E","M","$","T","M","?","R","?","M","R","B",null,"M","T","?","$","M","R","M","?","T","?","M","R","T","M","R","B",null,"M","?","$","M","M","R","?","T","T","M","?","M","R","M","R","B",null],"character_chosen":"THE_SILENT","items_purchased":["Backstab","Bag of Marbles","TwistedFunnel","Ninja Scroll"],"campfire_rested":2,"item_purchase_floors":[21,21,37,37],"current_hp_per_floor":[70,59,59,59,52,52,52,52,52,35,35,56,54,54,54,18,70,54,54,54,69,53,53,43,38,38,38,36,57,57,57,57,26,70,70,70,70,70,70,70,70,70,77,77,77,77,77,77,77,38],"gold":312,"neow_bonus":"THREE_ENEMY_KILL","is_daily":false,"chose_seed":false,"campfire_upgraded":6,"win_rate":0.0,"timestamp":1608742342,"path_taken":["M","?","M","?","?","E","M","$","T","?","?","R","?","M","R","BOSS","M","?","?","$","M","R","M","?","T","?","M","R","?","M","R","BOSS","M","?","?","M","M","R","?","?","T","M","?","M","R","M","R","BOSS"],"items_purchased_type":["Card","Relic","Relic","Relic"],"build_version":"2020-12-22","purchased_purges":0,"victory":true,"max_hp_per_floor":[70,70,70,70,70,70,70,70,70,70,70,70,70,70,70,70,70,70,70,70,70,70,70,70,70,70,70,70,70,70,70,70,70,70,70,70,70,70,70,70,70,70,77,77,77,77,77,77,77,77],"card_choices":[{"not_picked":["Bane","Escape Plan"],"picked":"Slice","floor":1.0},{"not_picked":["Dash","Acrobatics"],"picked":"Sucker Punch","floor":3.0},{"not_picked":["Bane","Flechettes"],"picked":"Corpse Explosion","floor":6.0},{"not_picked":["Deflect","Finisher"],"picked":"Caltrops","floor":7.0},{"not_picked":["Riddle With Holes","Well Laid Plans"],"picked":"Deflect","floor":10.0},{"not_picked":["Predator","Quick Slash"],"picked":"PiercingWail","floor":12.0},{"not_picked":["Dagger Spray","Sucker Punch"],"picked":"Cloak And Dagger","floor":13.0},{"not_picked":["Underhanded Strike","PiercingWail"],"picked":"Envenom","floor":14.0},{"not_picked":["Leg Sweep","Expertise"],"picked":"Blade Dance","floor":18.0},{"not_picked":["Flying Knee+1","Predator"],"picked":"Deadly Poison+1","floor":22.0},{"not_picked":["Caltrops","PiercingWail"],"picked":"Dagger Throw+1","floor":24.0},{"not_picked":["Deadly Poison","Tactician"],"picked":"Backstab","floor":28.0},{"not_picked":["Deflect+1","Acrobatics"],"picked":"After Image","floor":31.0},{"not_picked":["Storm of Steel","A Thousand Cuts"],"picked":"Tools of the Trade","floor":33.0},{"not_picked":["Skewer+1","Blur"],"picked":"Backflip+1","floor":35.0},{"not_picked":["Poisoned Stab+1","Outmaneuver+1"],"picked":"Blade Dance+1","floor":38.0},{"not_picked":["Backflip+1","Blade Dance+1"],"picked":"Poisoned Stab","floor":39.0},{"not_picked":["Poisoned Stab","Underhanded Strike+1","Infinite Blades"],"picked":"SKIP","floor":44},{"not_picked":["Blade Dance","Slice+1","Blur+1"],"picked":"SKIP","floor":46},{"not_picked":["Dodge and Roll","Blade Dance+1","Distraction"],"picked":"SKIP","floor":48}],"player_experience":342816,"relics_obtained":[{"floor":6.0,"key":"Dream Catcher"},{"floor":9.0,"key":"Tiny Chest"},{"floor":13.0,"key":"Odd Mushroom"},{"floor":17.0,"key":"MealTicket"},{"floor":17.0,"key":"Kunai"},{"floor":17.0,"key":"TungstenRod"},{"floor":19.0,"key":"Juzu Bracelet"},{"floor":20.0,"key":"Paper Crane"},{"floor":26.0,"key":"Mummified Hand"},{"floor":30.0,"key":"War Paint"},{"floor":41.0,"key":"Lizard Tail"},{"floor":42.0,"key":"Happy Flower"},{"floor":43.0,"key":"Strawberry"},{"floor":45,"key":"The Specimen"}],"event_choices":[{"damage_healed":0.0,"max_hp_gain":0.0,"max_hp_loss":0.0,"gold_gain":75.0,"event_name":"World of Goop","player_choice":"Gather Gold","floor":2.0,"gold_loss":0.0,"damage_taken":11.0},{"damage_healed":0.0,"max_hp_gain":0.0,"max_hp_loss":0.0,"gold_gain":0.0,"event_name":"Living Wall","player_choice":"Grow","floor":4.0,"gold_loss":0.0,"damage_taken":0.0,"cards_upgraded":["Sucker Punch"]},{"damage_healed":0.0,"max_hp_gain":0.0,"max_hp_loss":0.0,"gold_gain":0.0,"event_name":"Scrap Ooze","player_choice":"Success","floor":5.0,"gold_loss":0.0,"damage_taken":7.0,"relics_obtained":["Pen Nib"]},{"cards_removed":["Defend_G"],"damage_healed":0.0,"max_hp_gain":0.0,"max_hp_loss":0.0,"gold_gain":0.0,"event_name":"The Cleric","player_choice":"Card Removal","floor":11.0,"gold_loss":50.0,"damage_taken":0.0},{"damage_healed":0.0,"max_hp_gain":0.0,"max_hp_loss":0.0,"gold_gain":0.0,"event_name":"Mushrooms","player_choice":"Fought Mushrooms","floor":13.0,"gold_loss":0.0,"damage_taken":0.0},{"damage_healed":0.0,"max_hp_gain":0.0,"max_hp_loss":0.0,"gold_gain":0.0,"event_name":"Wheel of Change","player_choice":"Relic","floor":20.0,"gold_loss":0.0,"damage_taken":0.0},{"damage_healed":0.0,"max_hp_gain":0.0,"max_hp_loss":0.0,"gold_gain":0.0,"event_name":"Nest","player_choice":"Joined the Cult","floor":25.0,"gold_loss":0.0,"damage_taken":6.0,"cards_obtained":["RitualDagger"]},{"damage_healed":0.0,"max_hp_gain":0.0,"max_hp_loss":0.0,"gold_gain":0.0,"event_name":"The Mausoleum","player_choice":"Opened","floor":27.0,"gold_loss":0.0,"damage_taken":0.0,"relics_obtained":["Gambling Chip"]},{"cards_removed":["Corpse Explosion"],"damage_healed":0.0,"max_hp_gain":0.0,"max_hp_loss":0.0,"gold_gain":0.0,"event_name":"WeMeetAgain","player_choice":"Gave Card","floor":36.0,"gold_loss":0.0,"damage_taken":0.0,"relics_obtained":["Torii"]},{"damage_healed":0.0,"max_hp_gain":0.0,"max_hp_loss":0.0,"gold_gain":0.0,"event_name":"MindBloom","player_choice":"Fight","floor":41.0,"gold_loss":0.0,"damage_taken":0.0},{"damage_healed":0,"gold_gain":0,"player_choice":"Fight","damage_taken":0,"max_hp_gain":0,"max_hp_loss":0,"event_name":"Mysterious Sphere","floor":45,"gold_loss":0}],"is_beta":false,"boss_relics":[{"not_picked":["Runic Dome","Ectoplasm"],"picked":"Calling Bell"},{"not_picked":["SacredBark","Black Star"],"picked":"WristBlade"}],"items_purged_floors":[],"is_endless":false,"potions_floor_spawned":[3,7,10,13,22,28,31,33,35,38,45,46,48],"ascension_level":0}}