{"host":"hgkb2zpbo2dcws21","time":1608730871,"event":{"mods":["AchievementEnabler","BaseMod","Colored Map","Colored Powertips","Custom Start","DeckTracker","KOR Keyword Fix","Minty Spire (QoL Compilation)","Relic Stats","StSLib","SuperFastMode"],"gold_per_floor":[112,112,37,37,48,78,78,97,97,97,97,97,97,97,97,177,177,194,203,226,126,140,173,173,173],"floor_reached":24,"playtime":390,"items_purged":["Defend_P","Pain"],"score":360,"play_id":"a076c8e9-6d97-45c4-ab4f-9248524bdadd","local_time":"20201223224111","is_ascension_mode":true,"campfire_choices":[{"data":"Eruption","floor":7.0,"key":"SMITH"},{"floor":10.0,"key":"REST"},{"data":"Enlightenment","floor":15.0,"key":"SMITH"}],"circlet_count":0,"master_deck":["AscendersBane","Strike_P","Strike_P","Defend_P","Defend_P","Defend_P","Eruption+1","Vigilance","Enlightenment+1","BattleHymn","FlurryOfBlows","FearNoEvil","WheelKick","Vault","EmptyFist"],"relics":["PureWater","TeardropLocket","CeramicFish","SacredBark","WarpedTongs","Orichalcum"],"acts_visited":["Exordium","TheCity"],"potions_floor_usage":[23],"damage_taken":[{"damage":4.0,"enemies":"2 Louse","floor":1.0,"turns":4.0},{"damage":0.0,"enemies":"Jaw Worm","floor":5.0,"turns":3.0},{"damage":28.0,"enemies":"Gremlin Nob","floor":6.0,"turns":4.0},{"damage":0.0,"enemies":"Cultist","floor":8.0,"turns":4.0},{"damage":38.0,"enemies":"Slime Boss","floor":16.0,"turns":6.0},{"damage":19.0,"enemies":"Shell Parasite","floor":18.0,"turns":3.0},{"damage":24.0,"enemies":"2 Thieves","floor":20.0,"turns":4.0},{"damage":12,"enemies":"3 Cultists","floor":22,"turns":3},{"damage":1,"enemies":"Book of Stabbing","floor":23,"turns":3},{"damage":7,"enemies":"Masked Bandits","floor":24,"turns":1}],"seed_played":"-3284720864497924409","potions_obtained":[{"floor":4.0,"key":"Regen Potion"},{"floor":4.0,"key":"CultistPotion"},{"floor":18.0,"key":"SteroidPotion"}],"is_trial":false,"path_per_floor":["M","?","$","?","M","E","R","M","T","R","?","$","?","?","R","B",null,"M","?","M","$","M","E","?"],"character_chosen":"WATCHER","items_purchased":[],"campfire_rested":1,"item_purchase_floors":[],"current_hp_per_floor":[57,50,50,50,50,22,22,22,22,42,47,47,47,47,47,21,60,41,41,17,17,5,4,0,0],"gold":173,"neow_bonus":"RANDOM_COLORLESS","is_daily":false,"chose_seed":false,"campfire_upgraded":2,"win_rate":0.0,"timestamp":1608730871,"path_taken":["M","?","$","?","M","E","R","?","T","R","?","?","?","?","R","BOSS","M","?","?","$","M","E","?"],"items_purchased_type":[],"build_version":"2020-12-22","purchased_purges":2,"victory":false,"max_hp_per_floor":[68,68,68,68,68,68,68,68,68,68,73,73,73,73,73,73,73,73,73,73,73,73,73,73,73],"relic_stats":{"counters":[10,35],"CeramicFish":27,"Orichalcum":[0],"obtain_stats":[{"CeramicFish":9,"SacredBark":17,"TeardropLocket":6,"PureWater":0,"Orichalcum":23,"WarpedTongs":19},{"CeramicFish":4,"SacredBark":5,"TeardropLocket":3,"PureWater":0,"Orichalcum":9,"WarpedTongs":6},{"CeramicFish":15,"SacredBark":21,"TeardropLocket":11,"PureWater":0,"Orichalcum":34,"WarpedTongs":24}],"WarpedTongs":[11]},"card_choices":[{"not_picked":["Trip","Good Instincts"],"picked":"Enlightenment","floor":0.0},{"not_picked":["Weave","Indignation"],"picked":"BattleHymn","floor":1.0},{"not_picked":["SashWhip","JustLucky"],"picked":"FlurryOfBlows","floor":5.0},{"not_picked":["WaveOfTheHand","Prostrate"],"picked":"FearNoEvil","floor":6.0},{"not_picked":["Collect","Prostrate"],"picked":"WheelKick","floor":8.0},{"not_picked":["Wish","Devotion"],"picked":"Vault","floor":16.0},{"not_picked":["FlurryOfBlows","Perseverance+1","FlyingSleeves"],"picked":"SKIP","floor":18.0},{"not_picked":["FollowUp","ThirdEye"],"picked":"EmptyFist","floor":20.0},{"not_picked":["EmptyMind","Sanctity","Study"],"picked":"SKIP","floor":22},{"not_picked":["BattleHymn","SandsOfTime","Prostrate"],"picked":"SKIP","floor":23}],"player_experience":1101617,"relics_obtained":[{"floor":6.0,"key":"TeardropLocket"},{"floor":9.0,"key":"CeramicFish"},{"floor":23,"key":"Orichalcum"}],"event_choices":[{"cards_removed":["Strike_P"],"damage_healed":0.0,"max_hp_gain":0.0,"max_hp_loss":0.0,"gold_gain":0.0,"event_name":"Golden Wing","player_choice":"Card Removal","floor":2.0,"gold_loss":0.0,"damage_taken":7.0},{"damage_healed":0.0,"max_hp_gain":0.0,"max_hp_loss":0.0,"gold_gain":0.0,"event_name":"Lab","player_choice":"Got Potions","floor":4.0,"gold_loss":0.0,"damage_taken":0.0},{"damage_healed":0.0,"max_hp_gain":5.0,"max_hp_loss":0.0,"gold_gain":0.0,"event_name":"Big Fish","player_choice":"Donut","floor":11.0,"gold_loss":0.0,"damage_taken":0.0},{"cards_removed":["Strike_P"],"damage_healed":0.0,"max_hp_gain":0.0,"max_hp_loss":0.0,"gold_gain":0.0,"event_name":"Living Wall","player_choice":"Forget","floor":13.0,"gold_loss":0.0,"damage_taken":0.0},{"damage_healed":0.0,"max_hp_gain":0.0,"max_hp_loss":0.0,"gold_gain":0.0,"event_name":"Liars Game","player_choice":"Ignored","floor":14.0,"gold_loss":0.0,"damage_taken":0.0},{"damage_healed":0.0,"max_hp_gain":0.0,"max_hp_loss":0.0,"gold_gain":0.0,"event_name":"Accursed Blacksmith","player_choice":"Rummage","floor":19.0,"gold_loss":0.0,"damage_taken":0.0,"relics_obtained":["WarpedTongs"],"cards_obtained":["Pain"]},{"damage_healed":0,"gold_gain":0,"player_choice":"Fought Bandits","damage_taken":0,"max_hp_gain":0,"max_hp_loss":0,"event_name":"Masked Bandits","floor":24,"gold_loss":0}],"is_beta":false,"boss_relics":[{"not_picked":["Calling Bell","Busted Crown"],"picked":"SacredBark"}],"items_purged_floors":[3,21],"is_endless":false,"potions_floor_spawned":[5,6,8,18,20],"killed_by":"Masked Bandits","ascension_level":14}}