{"host":"Melcetto","time":1608737100,"event":{"mods":["AlwaysNeverKeys","BaseMod","Better Vampires","Colored Map","Colored Powertips","DeckTracker","Emptier Cage","Minty Spire (QoL Compilation)","Permanent Neow","Quick Restart","Random Character Button","Rare Cards Sparkle","Relic Sorter","Relic Stats","StSLib","Transform Curses"],"gold_per_floor":[216,232,242,262,34,34,63,63,137,170,182,182,194,194,194,267,267,285,300,320,335,349,349,377,393,471,471,471],"floor_reached":27,"playtime":2600,"items_purged":[],"score":498,"play_id":"b5bd7f79-d00e-43e6-ac38-e43acf6f3170","local_time":"20201223102500","is_ascension_mode":true,"campfire_choices":[{"data":"Uppercut","floor":6.0,"key":"SMITH"},{"data":"Whirlwind","floor":12.0,"key":"SMITH"},{"data":"Fiend Fire","floor":15.0,"key":"SMITH"},{"data":"Armaments","floor":23,"key":"SMITH"}],"circlet_count":0,"master_deck":["AscendersBane","Bash","Armaments+1","Uppercut+1","Fiend Fire+1","Flame Barrier","Whirlwind+1","Shrug It Off","Offering","Metallicize","True Grit","Bludgeon","Burning Pact","Heavy Blade","Spot Weakness","Exhume","Perfected Strike","Shrug It Off","Battle Trance"],"relics":["Burning Blood","ClockworkSouvenir","Thread and Needle","Dream Catcher","Pandora\u0027s Box","Question Card","White Beast Statue"],"acts_visited":["Exordium","TheCity"],"potions_floor_usage":[24,27],"damage_taken":[{"damage":1.0,"enemies":"Cultist","floor":1.0,"turns":4.0},{"damage":2.0,"enemies":"2 Louse","floor":2.0,"turns":5.0},{"damage":3.0,"enemies":"Small Slimes","floor":3.0,"turns":3.0},{"damage":32.0,"enemies":"Exordium Thugs","floor":4.0,"turns":5.0},{"damage":15.0,"enemies":"Gremlin Nob","floor":7.0,"turns":4.0},{"damage":10.0,"enemies":"3 Sentries","floor":10.0,"turns":11.0},{"damage":0.0,"enemies":"Exordium Wildlife","floor":11.0,"turns":3.0},{"damage":0.0,"enemies":"Blue Slaver","floor":13.0,"turns":3.0},{"damage":61.0,"enemies":"Hexaghost","floor":16.0,"turns":10.0},{"damage":18.0,"enemies":"Shell Parasite","floor":18.0,"turns":7.0},{"damage":6.0,"enemies":"Chosen","floor":19.0,"turns":3.0},{"damage":6,"enemies":"Snake Plant","floor":20,"turns":2},{"damage":15,"enemies":"Chosen and Byrds","floor":21,"turns":5},{"damage":8,"enemies":"Centurion and Healer","floor":22,"turns":4},{"damage":13,"enemies":"Gremlin Leader","floor":24,"turns":3},{"damage":14,"enemies":"Cultist and Chosen","floor":25,"turns":9},{"damage":46,"enemies":"Slavers","floor":27,"turns":4}],"seed_played":"-8414225300149229955","potions_obtained":[{"floor":3.0,"key":"Dexterity Potion"},{"floor":7.0,"key":"FairyPotion"},{"floor":11.0,"key":"CultistPotion"},{"floor":16.0,"key":"BloodPotion"},{"floor":18.0,"key":"SkillPotion"},{"floor":19.0,"key":"AttackPotion"},{"floor":24,"key":"Strength Potion"}],"is_trial":false,"path_per_floor":["M","M","M","M","$","R","E","$","T","E","M","R","M","?","R","B",null,"M","M","M","M","M","R","E","M","T","E"],"character_chosen":"IRONCLAD","items_purchased":["ClockworkSouvenir","SteroidPotion"],"campfire_rested":0,"item_purchase_floors":[5,5],"current_hp_per_floor":[73,75,75,49,49,49,40,40,40,36,42,42,48,41,41,8,58,46,61,61,52,50,50,43,35,35,0,0],"gold":471,"neow_bonus":"HUNDRED_GOLD","is_daily":false,"chose_seed":false,"campfire_upgraded":4,"win_rate":0.0,"timestamp":1608737100,"path_taken":["M","M","M","M","?","R","E","$","T","E","?","R","M","?","R","BOSS","M","M","M","M","M","R","E","M","T","E"],"items_purchased_type":["Relic","Potion"],"build_version":"2020-12-18","purchased_purges":0,"victory":false,"max_hp_per_floor":[75,75,75,75,75,75,75,75,75,75,75,75,75,75,75,75,75,75,75,75,75,75,75,75,75,75,75,75],"relic_stats":{"Dream Catcher":0,"counters":[17,85],"Pandora\u0027s Box":["Metallicize","True Grit","Bludgeon","Burning Pact","Heavy Blade","Spot Weakness","Exhume","Perfected Strike"],"Question Card":1,"obtain_stats":[{"Dream Catcher":10,"Thread and Needle":7,"Pandora\u0027s Box":17,"Question Card":24,"Burning Blood":0,"White Beast Statue":26,"ClockworkSouvenir":5},{"Dream Catcher":6,"Thread and Needle":5,"Pandora\u0027s Box":9,"Question Card":15,"Burning Blood":0,"White Beast Statue":16,"ClockworkSouvenir":4},{"Dream Catcher":32,"Thread and Needle":21,"Pandora\u0027s Box":48,"Question Card":72,"Burning Blood":0,"White Beast Statue":81,"ClockworkSouvenir":17}],"Burning Blood":91},"card_choices":[{"not_picked":["Sword Boomerang","Iron Wave"],"picked":"Armaments","floor":1.0},{"not_picked":["Anger","Second Wind"],"picked":"Uppercut","floor":2.0},{"not_picked":["Flex","True Grit","Pommel Strike"],"picked":"SKIP","floor":3.0},{"not_picked":["Pommel Strike","Twin Strike","Cleave"],"picked":"SKIP","floor":4.0},{"not_picked":["Dropkick","Clash"],"picked":"Fiend Fire","floor":7.0},{"not_picked":["Shockwave","Clash"],"picked":"Flame Barrier","floor":10.0},{"not_picked":["Dropkick","Havoc"],"picked":"Whirlwind","floor":11.0},{"not_picked":["Cleave","Metallicize"],"picked":"Shrug It Off","floor":13.0},{"not_picked":["Immolate","Brutality"],"picked":"Offering","floor":16.0},{"not_picked":["Hemokinesis","Inflame","Thunderclap"],"picked":"SKIP","floor":18.0},{"not_picked":["Perfected Strike","Intimidate","Twin Strike+1"],"picked":"SKIP","floor":19.0},{"not_picked":["Heavy Blade","Pommel Strike+1","Clothesline"],"picked":"SKIP","floor":20},{"not_picked":["True Grit","Hemokinesis"],"picked":"Shrug It Off","floor":21},{"not_picked":["Perfected Strike","Havoc","Inflame"],"picked":"SKIP","floor":22},{"not_picked":["Perfected Strike","Havoc","Inflame"],"picked":"SKIP","floor":22},{"not_picked":["Armaments","Wild Strike","Inflame"],"picked":"SKIP","floor":24},{"not_picked":["Brutality","Cleave","Anger+1"],"picked":"Battle Trance","floor":25}],"player_experience":18722085,"relics_obtained":[{"floor":7.0,"key":"Thread and Needle"},{"floor":10.0,"key":"Dream Catcher"},{"floor":24,"key":"Question Card"},{"floor":26,"key":"White Beast Statue"}],"event_choices":[{"cards_removed":["Strike_R"],"damage_healed":0.0,"max_hp_gain":0.0,"max_hp_loss":0.0,"gold_gain":0.0,"event_name":"Golden Wing","player_choice":"Card Removal","floor":14.0,"gold_loss":0.0,"damage_taken":7.0}],"is_beta":true,"boss_relics":[{"not_picked":["Coffee Dripper","SlaversCollar"],"picked":"Pandora\u0027s Box"}],"items_purged_floors":[],"is_endless":false,"potions_floor_spawned":[3,7,11,13,16,18,19,22,24],"killed_by":"Slavers","ascension_level":20}}