{"host":"Ian","time":1608758156,"event":{"mods":["BaseMod","Bestiary","Block Reminder","Colored Map","Highlight Path","Key Reminder","Minty Spire (QoL Compilation)","Relic Stats"],"gold_per_floor":[13,25,76,76,91,91,103,132,156,170,199,199,234,61,61,132,132,150,160,160,85,10,10,43,43,43,43,43,76,92,124,124,197,197,215,215,227,37,55,80,80,106,106,106,130,130,130,145,145,145,145,145],"floor_reached":51,"playtime":2271,"items_purged":["Strike_R"],"score":1558,"play_id":"66f251a6-9aad-4c29-8e2c-bb63b52264e4","local_time":"20201223211556","is_ascension_mode":true,"campfire_choices":[{"data":"Bash","floor":6,"key":"SMITH"},{"floor":12,"key":"REST"},{"data":"Rupture","floor":15,"key":"SMITH"},{"data":"Demon Form","floor":23,"key":"SMITH"},{"floor":25,"key":"REST"},{"data":"Combust","floor":27,"key":"SMITH"},{"data":"Uppercut","floor":32,"key":"SMITH"},{"floor":41,"key":"REST"},{"floor":44,"key":"REST"},{"floor":46,"key":"REST"},{"floor":49,"key":"RECALL"}],"circlet_count":0,"master_deck":["AscendersBane","Defend_R","Defend_R","Defend_R","Defend_R","Bash+1","Double Tap","Hemokinesis","Combust+1","Armaments","Ghostly Armor","True Grit","Uppercut+1","Demon Form+1","Rupture+1","Fiend Fire","Blood for Blood","Heavy Blade","Shockwave","Seeing Red","Corruption","Mayhem","The Bomb","Shrug It Off","Chrysalis","Disarm","Corruption","Whirlwind","Disarm+1"],"relics":["Burning Blood","Vajra","HornCleat","Strawberry","MealTicket","Pantograph","Centennial Puzzle","Snecko Eye","Dream Catcher","Smiling Mask","Boot","Sozu","Potion Belt","Bag of Preparation","Unceasing Top","Lantern"],"acts_visited":["Exordium","TheCity","TheBeyond"],"potions_floor_usage":[7],"damage_taken":[{"damage":1,"enemies":"Cultist","floor":1,"turns":3},{"damage":4,"enemies":"2 Louse","floor":2,"turns":2},{"damage":2,"enemies":"Small Slimes","floor":5,"turns":2},{"damage":4,"enemies":"Looter","floor":7,"turns":1},{"damage":30,"enemies":"Gremlin Nob","floor":8,"turns":4},{"damage":15,"enemies":"Large Slime","floor":10,"turns":5},{"damage":21,"enemies":"Lagavulin","floor":11,"turns":5},{"damage":13,"enemies":"3 Sentries","floor":13,"turns":6},{"damage":35,"enemies":"Hexaghost","floor":16,"turns":8},{"damage":13,"enemies":"Chosen","floor":18,"turns":4},{"damage":12,"enemies":"2 Thieves","floor":19,"turns":3},{"damage":50,"enemies":"Book of Stabbing","floor":24,"turns":4},{"damage":4,"enemies":"Gremlin Leader","floor":29,"turns":4},{"damage":13,"enemies":"Centurion and Healer","floor":30,"turns":5},{"damage":13,"enemies":"Book of Stabbing","floor":31,"turns":4},{"damage":33,"enemies":"Champ","floor":33,"turns":6},{"damage":9,"enemies":"Orb Walker","floor":35,"turns":3},{"damage":12,"enemies":"3 Shapes","floor":37,"turns":4},{"damage":13,"enemies":"Writhing Mass","floor":39,"turns":6},{"damage":52,"enemies":"Nemesis","floor":40,"turns":7},{"damage":26,"enemies":"Reptomancer","floor":42,"turns":4},{"damage":15,"enemies":"Sphere and 2 Shapes","floor":48,"turns":4},{"damage":87,"enemies":"Awakened One","floor":50,"turns":13},{"damage":56,"enemies":"Donu and Deca","floor":51,"turns":4}],"seed_played":"-4578273741134540687","potions_obtained":[{"floor":2,"key":"ColorlessPotion"},{"floor":5,"key":"DuplicationPotion"},{"floor":7,"key":"Dexterity Potion"},{"floor":8,"key":"FairyPotion"}],"is_trial":false,"path_per_floor":["M","M","T","?","M","R","M","E","T","M","E","R","E","$","R","B",null,"M","M","?","?","$","R","E","R","T","R","?","E","M","E","R","B",null,"M","?","M","$","M","E","R","E","T","R","T","R","$","M","R","B","B"],"character_chosen":"IRONCLAD","items_purchased":["Centennial Puzzle","Chrysalis"],"campfire_rested":5,"item_purchase_floors":[14,38],"current_hp_per_floor":[73,75,75,75,75,75,75,51,58,49,34,58,51,66,66,53,75,68,62,62,62,77,77,33,57,57,57,57,59,52,45,45,43,72,69,59,53,68,61,15,39,19,19,43,43,67,82,73,73,28,0,0],"gold":145,"neow_bonus":"THREE_RARE_CARDS","is_daily":false,"chose_seed":false,"campfire_upgraded":5,"win_rate":0.0,"timestamp":1608758156,"path_taken":["M","M","?","?","M","R","?","E","T","M","E","R","E","$","R","BOSS","M","M","?","?","$","R","E","R","T","R","?","E","M","E","R","BOSS","M","?","M","$","M","E","R","E","T","R","?","R","$","M","R","BOSS","BOSS"],"items_purchased_type":["Relic","Card"],"build_version":"2020-12-18","purchased_purges":1,"victory":false,"max_hp_per_floor":[75,75,75,75,75,75,75,75,82,82,82,82,82,82,82,82,82,82,82,82,82,82,82,82,82,82,82,82,82,82,82,82,82,82,82,82,82,82,82,82,82,82,82,82,82,82,82,82,82,82,82,82],"relic_stats":{"counters":[24,111],"Bag of Preparation":[6],"Smiling Mask":0,"Boot":[39],"Burning Blood":132,"Sozu":3,"Centennial Puzzle":[48],"Dream Catcher":4,"Pantograph":75,"Snecko Eye":[123,157,144,124],"MealTicket":60,"obtain_stats":[{"Potion Belt":40,"Lantern":45,"Vajra":3,"Bag of Preparation":42,"Smiling Mask":29,"Boot":31,"Burning Blood":0,"keyreminder:keyreminder":26,"Sozu":34,"Centennial Puzzle":14,"Dream Catcher":24,"HornCleat":8,"Strawberry":9,"Pantograph":13,"Snecko Eye":17,"MealTicket":11,"Unceasing Top":43},{"Potion Belt":20,"Lantern":21,"Vajra":2,"Bag of Preparation":21,"Smiling Mask":13,"Boot":15,"Burning Blood":0,"keyreminder:keyreminder":12,"Sozu":16,"Centennial Puzzle":8,"Dream Catcher":12,"HornCleat":5,"Strawberry":5,"Pantograph":8,"Snecko Eye":9,"MealTicket":7,"Unceasing Top":21},{"Potion Belt":86,"Lantern":90,"Vajra":5,"Bag of Preparation":90,"Smiling Mask":51,"Boot":60,"Burning Blood":0,"keyreminder:keyreminder":47,"Sozu":66,"Centennial Puzzle":28,"Dream Catcher":47,"HornCleat":12,"Strawberry":12,"Pantograph":28,"Snecko Eye":36,"MealTicket":22,"Unceasing Top":90}],"Unceasing Top":[5]},"card_choices":[{"not_picked":["Demon Form","Limit Break"],"picked":"Double Tap","floor":0},{"not_picked":["Wild Strike","Headbutt"],"picked":"Hemokinesis","floor":1},{"not_picked":["Intimidate","Clothesline"],"picked":"Combust","floor":2},{"not_picked":["Sword Boomerang","Pummel"],"picked":"Armaments","floor":5},{"not_picked":["Armaments","Shockwave"],"picked":"Ghostly Armor","floor":7},{"not_picked":["Body Slam","Perfected Strike"],"picked":"True Grit","floor":8},{"not_picked":["Intimidate","Twin Strike"],"picked":"Uppercut","floor":10},{"not_picked":["Sever Soul","Clash"],"picked":"Demon Form","floor":11},{"not_picked":["True Grit","Flex"],"picked":"Rupture","floor":13},{"not_picked":["Juggernaut","Bludgeon"],"picked":"Fiend Fire","floor":16},{"not_picked":["Iron Wave","Flex"],"picked":"Blood for Blood","floor":18},{"not_picked":["True Grit","Anger","Thunderclap"],"picked":"SKIP","floor":19},{"not_picked":["Iron Wave","Sword Boomerang","Berserk"],"picked":"SKIP","floor":24},{"not_picked":["Sword Boomerang","Disarm"],"picked":"Heavy Blade","floor":25},{"not_picked":["Dropkick","Fiend Fire","Clothesline"],"picked":"SKIP","floor":29},{"not_picked":["Sentinel","Headbutt","Battle Trance"],"picked":"SKIP","floor":30},{"not_picked":["Wild Strike","Bludgeon","Carnage"],"picked":"SKIP","floor":31},{"not_picked":["Brutality","Berserk"],"picked":"Corruption","floor":33},{"not_picked":["Wild Strike","Clothesline","Headbutt+1"],"picked":"SKIP","floor":35},{"not_picked":["Jack Of All Trades","Blind"],"picked":"Mayhem","floor":36},{"not_picked":["Dark Shackles","Blind"],"picked":"The Bomb","floor":36},{"not_picked":["Body Slam","Pommel Strike"],"picked":"Shrug It Off","floor":37},{"not_picked":["Iron Wave+1","True Grit"],"picked":"Disarm","floor":39},{"not_picked":["Rage","Power Through+1"],"picked":"Corruption","floor":40},{"not_picked":["Heavy Blade","Thunderclap+1"],"picked":"Whirlwind","floor":41},{"not_picked":["Inflame","Searing Blow+1","Headbutt"],"picked":"SKIP","floor":42},{"not_picked":["Cleave+1","Berserk"],"picked":"Disarm+1","floor":44},{"not_picked":["Perfected Strike","Warcry+1","Blood for Blood+1"],"picked":"SKIP","floor":48}],"player_experience":2595474,"relics_obtained":[{"floor":3,"key":"Vajra"},{"floor":8,"key":"HornCleat"},{"floor":9,"key":"Strawberry"},{"floor":11,"key":"MealTicket"},{"floor":13,"key":"Pantograph"},{"floor":24,"key":"Dream Catcher"},{"floor":29,"key":"Smiling Mask"},{"floor":31,"key":"Boot"},{"floor":40,"key":"Potion Belt"},{"floor":42,"key":"Bag of Preparation"},{"floor":43,"key":"Unceasing Top"},{"floor":45,"key":"Lantern"}],"event_choices":[{"cards_removed":["Strike_R"],"damage_healed":0,"gold_gain":0,"player_choice":"Purged","damage_taken":0,"max_hp_gain":0,"max_hp_loss":0,"event_name":"Purifier","floor":4,"gold_loss":0},{"damage_healed":0,"gold_gain":0,"player_choice":"Ignored","damage_taken":0,"max_hp_gain":0,"max_hp_loss":0,"event_name":"Ghosts","floor":20,"gold_loss":0},{"cards_removed":["Strike_R"],"damage_healed":0,"gold_gain":0,"player_choice":"Gave Gold","damage_taken":0,"max_hp_gain":0,"max_hp_loss":0,"event_name":"Beggar","floor":21,"gold_loss":75},{"damage_healed":0,"gold_gain":0,"cards_transformed":["Strike_R","Strike_R"],"player_choice":"Became Test Subject","damage_taken":0,"max_hp_gain":0,"max_hp_loss":0,"event_name":"Drug Dealer","floor":28,"gold_loss":0,"cards_obtained":["Shockwave","Seeing Red"]},{"damage_healed":0,"gold_gain":0,"player_choice":"Memory 3","damage_taken":10,"max_hp_gain":0,"max_hp_loss":0,"event_name":"SensoryStone","floor":36,"gold_loss":0}],"is_beta":true,"boss_relics":[{"not_picked":["Calling Bell","Cursed Key"],"picked":"Snecko Eye"},{"not_picked":["Busted Crown","Empty Cage"],"picked":"Sozu"}],"items_purged_floors":[22],"is_endless":false,"potions_floor_spawned":[2,5,7,8,13,19,29,31,39,40,48],"killed_by":"Donu and Deca","ascension_level":20}}