{"host":"vc42n08di9czm3e7","time":1608689746,"event":{"mods":["AchievementEnabler","Act Like it!","BaseMod","Colored Powertips","Downfall","Friendly Minions","GifTheSpireLib","Jorbs\u0027s Wanderer Trilogy","Minty Spire (QoL Compilation)","Rare Cards Sparkle","StSLib","The Bug Knight"],"gold_per_floor":[99,109,109,25,25,25,25,43,54,54,54,81,95,106,124,124,124,124],"floor_reached":16,"playtime":827,"items_purged":[],"score":102,"play_id":"a0fd26df-36de-4cd5-a2fc-9f07ec9f3f4f","local_time":"20201222211546","is_ascension_mode":false,"campfire_choices":[{"data":"Slimebound:Split","floor":1,"key":"SMITH"},{"floor":6,"key":"REST"},{"data":"Slimebound:FirmFortitude","floor":11,"key":"SMITH"}],"circlet_count":0,"master_deck":["Slimebound:Strike_Slimebound","Slimebound:Strike_Slimebound","Slimebound:Tackle","Slimebound:Defend_Slimebound","Slimebound:Defend_Slimebound","Slimebound:Defend_Slimebound","Slimebound:Defend_Slimebound","Slimebound:Split+1","Slimebound:CorrosiveSpit","Slimebound:LeechEnergy","Slimebound:SlimeSpikes","Slimebound:Repurpose","Slimebound:FirmFortitude+1","Slimebound:FormOfPuddle","Slimebound:ViciousTackle","Slimebound:RollThrough","Slimebound:MassRepurpose","Slimebound:SplitLeeching","Slimebound:RollThrough","Slimebound:ComboTackle","Slimebound:LeechingTouch","Slimebound:MegaLick"],"relics":["Slimebound:AbsorbEndCombat","Prayer Wheel","downfall:ShatteredFragment","HollowMod:LifeEnderRelic","Unceasing Top"],"acts_visited":["Exordium"],"potions_floor_usage":[12,16,16,16],"damage_taken":[{"damage":9,"enemies":"Jaw Worm","floor":2,"turns":3},{"damage":9,"enemies":"downfall:FleeingMerchant","floor":4,"turns":4},{"damage":6,"enemies":"Small Slimes","floor":8,"turns":3},{"damage":8,"enemies":"2 Louse","floor":9,"turns":3},{"damage":20,"enemies":"Gremlin Nob","floor":12,"turns":3},{"damage":18,"enemies":"Large Slime","floor":13,"turns":5},{"damage":14,"enemies":"Exordium Thugs","floor":14,"turns":5},{"damage":10,"enemies":"2 Fungi Beasts","floor":15,"turns":3},{"damage":76,"enemies":"downfall:Defect","floor":16,"turns":6}],"seed_played":"-8382516485602559726","potions_obtained":[{"floor":2,"key":"SteroidPotion"},{"floor":8,"key":"LiquidBronze"},{"floor":9,"key":"PowerPotion"},{"floor":13,"key":"AttackPotion"},{"floor":15,"key":"Fruit Juice"}],"is_trial":false,"path_per_floor":["R","M","?","$","?","R","T","M","M","?","R","E","M","M","M","B"],"character_chosen":"SLIMEBOUND","items_purchased":["Slimebound:FirmFortitude"],"campfire_rested":1,"item_purchase_floors":[4],"current_hp_per_floor":[42,43,43,52,34,52,52,56,58,58,58,54,50,48,42,0,0,0],"gold":124,"neow_bonus":"ONE_RARE_RELIC","is_daily":false,"chose_seed":false,"campfire_upgraded":2,"win_rate":0.0,"timestamp":1608689746,"path_taken":["R","M","?","$","?","R","T","M","M","?","R","E","?","M","M","BOSS"],"items_purchased_type":["Card"],"build_version":"2020-12-13","purchased_purges":0,"victory":false,"max_hp_per_floor":[60,60,60,60,60,60,60,60,60,60,60,60,60,60,60,65,65,65],"card_choices":[{"not_picked":["Slimebound:GoopSpray","Slimebound:SplitLeeching"],"picked":"Slimebound:LeechEnergy","floor":2},{"not_picked":["Slimebound:LeechingTouch","Slimebound:Schlurp"],"picked":"Slimebound:SlimeSpikes","floor":2},{"not_picked":["Slimebound:BestDefense","Slimebound:GrowthPunch"],"picked":"Slimebound:Repurpose","floor":4},{"not_picked":["Slimebound:HauntingLick","Slimebound:PressTheAttack"],"picked":"Slimebound:FormOfPuddle","floor":8},{"not_picked":["Slimebound:SplitLeeching","Slimebound:Schlurp","Slimebound:SplitAcid"],"picked":"SKIP","floor":8},{"not_picked":["Slimebound:SplitLeeching","Slimebound:SplitMire"],"picked":"Slimebound:ViciousTackle","floor":9},{"not_picked":["Slimebound:AcidTongue","Slimebound:Schlurp","Slimebound:ComboTackle"],"picked":"SKIP","floor":9},{"not_picked":["Slimebound:DisruptingSlam","Slimebound:SlimeSpikes"],"picked":"Slimebound:RollThrough","floor":12},{"not_picked":["Slimebound:ComboTackle","Slimebound:SlimeTap"],"picked":"Slimebound:MassRepurpose","floor":13},{"not_picked":["Slimebound:GrowthPunch","Slimebound:SlimeSpikes"],"picked":"Slimebound:SplitLeeching","floor":13},{"not_picked":["Slimebound:FlameTackle","Slimebound:SlimeSpikes"],"picked":"Slimebound:RollThrough","floor":14},{"not_picked":["Slimebound:RollThrough","Slimebound:Dissolve"],"picked":"Slimebound:ComboTackle","floor":14},{"not_picked":["Slimebound:SplitMire","Slimebound:AcidTongue"],"picked":"Slimebound:LeechingTouch","floor":15},{"not_picked":["Slimebound:PressTheAttack","Slimebound:GoopSpray"],"picked":"Slimebound:MegaLick","floor":15}],"player_experience":159978,"relics_obtained":[{"floor":7,"key":"HollowMod:LifeEnderRelic"},{"floor":12,"key":"Unceasing Top"}],"event_choices":[{"cards_removed":["Slimebound:Strike_Slimebound"],"damage_healed":0,"gold_gain":0,"player_choice":"Card Removal","damage_taken":0,"max_hp_gain":0,"max_hp_loss":0,"event_name":"The Cleric","floor":3,"gold_loss":0}],"is_beta":false,"boss_relics":[],"items_purged_floors":[],"is_endless":false,"potions_floor_spawned":[2,8,9,13,15],"killed_by":"downfall:Defect","ascension_level":0}}