{"host":"vpnygm79y7yi43ig","time":1608683848,"event":{"mods":["BaseMod","Bestiary","Minty Spire (QoL Compilation)"],"gold_per_floor":[109,109,59,8,18,18,29,62,62,72,48,48,76,92,92,187,187,197,43,43,17,35,35,70,70,116,116,116],"floor_reached":27,"playtime":1035,"items_purged":[],"score":271,"play_id":"280461ff-d1f1-44b1-8486-2abdb2cd5cd6","local_time":"20201222163728","is_ascension_mode":false,"campfire_choices":[{"data":"Eruption","floor":6.0,"key":"SMITH"},{"data":"Vault","floor":12.0,"key":"SMITH"},{"data":"LessonLearned","floor":15.0,"key":"SMITH"},{"data":"Indignation","floor":23.0,"key":"SMITH"}],"circlet_count":0,"master_deck":["Strike_P+1","Strike_P+1","Strike_P+1","Defend_P+1","Defend_P+1","Defend_P+1","Defend_P+1","Eruption+1","Vigilance+1","Vault+1","FlurryOfBlows+1","EmptyFist","FlurryOfBlows","LessonLearned+1","FearNoEvil","EmptyFist","Halt","Indignation+1","Eruption+1","FollowUp"],"relics":["PureWater","Gremlin Horn","Bronze Scales","Pear","Coffee Dripper","Lantern","Red Mask","Akabeko"],"acts_visited":["Exordium","TheCity"],"potions_floor_usage":[],"damage_taken":[{"damage":2.0,"enemies":"2 Louse","floor":1.0,"turns":2.0},{"damage":0.0,"enemies":"Jaw Worm","floor":5.0,"turns":3.0},{"damage":0.0,"enemies":"Cultist","floor":7.0,"turns":3.0},{"damage":18.0,"enemies":"Lagavulin","floor":8.0,"turns":7.0},{"damage":10.0,"enemies":"Looter","floor":10.0,"turns":2.0},{"damage":13.0,"enemies":"Gremlin Nob","floor":13.0,"turns":5.0},{"damage":2.0,"enemies":"Blue Slaver","floor":14.0,"turns":4.0},{"damage":0.0,"enemies":"Slime Boss","floor":16.0,"turns":7.0},{"damage":13.0,"enemies":"Shell Parasite","floor":18.0,"turns":4.0},{"damage":15.0,"enemies":"2 Thieves","floor":22.0,"turns":2.0},{"damage":0.0,"enemies":"Masked Bandits","floor":24.0,"turns":3.0},{"damage":0.0,"enemies":"Snecko","floor":27.0,"turns":4.0}],"seed_played":"-3645939387752976877","potions_obtained":[{"floor":1.0,"key":"Dexterity Potion"},{"floor":5.0,"key":"Weak Potion"},{"floor":13.0,"key":"SneckoOil"}],"is_trial":false,"path_per_floor":["M","?","?","$","M","R","M","E","T","M","$","R","E","M","R","B",null,"M","$","?","$","M","R","?","?","T","M"],"character_chosen":"WATCHER","items_purchased":["FlurryOfBlows","EmptyFist","Lantern","FollowUp"],"campfire_rested":0,"item_purchase_floors":[4,11,19,21],"current_hp_per_floor":[63,63,63,63,63,63,63,45,45,35,35,35,32,30,30,30,75,62,62,62,62,47,47,47,47,47,47,47],"gold":116,"neow_bonus":"THREE_RARE_CARDS","is_daily":false,"chose_seed":false,"campfire_upgraded":4,"win_rate":0.0,"timestamp":1608683848,"path_taken":["M","?","?","?","M","R","M","E","T","?","$","R","E","M","R","BOSS","M","$","?","$","?","R","?","?","T","M"],"items_purchased_type":["Card","Card","Relic","Card"],"build_version":"2020-12-13","purchased_purges":0,"victory":false,"max_hp_per_floor":[65,65,65,65,65,65,65,65,65,65,65,65,75,75,75,75,75,75,75,75,75,75,75,75,75,75,75,75],"card_choices":[{"not_picked":["MasterReality","Blasphemy"],"picked":"Vault","floor":0.0},{"not_picked":["Meditate","ClearTheMind","BowlingBash"],"picked":"SKIP","floor":1.0},{"not_picked":["PathToVictory","Indignation"],"picked":"EmptyFist","floor":5.0},{"not_picked":["CutThroughFate","SashWhip"],"picked":"FlurryOfBlows","floor":7.0},{"not_picked":["ThirdEye","PathToVictory"],"picked":"LessonLearned","floor":8.0},{"not_picked":["PathToVictory","Evaluate"],"picked":"FearNoEvil","floor":10.0},{"not_picked":["Consecrate","BattleHymn"],"picked":"Halt","floor":13.0},{"not_picked":["FlurryOfBlows","FlyingSleeves"],"picked":"Indignation","floor":14.0},{"not_picked":["EmptyFist+1","JustLucky","Perseverance"],"picked":"SKIP","floor":18.0},{"not_picked":["Prostrate","ReachHeaven","Protect"],"picked":"SKIP","floor":22.0}],"player_experience":190564,"relics_obtained":[{"floor":8.0,"key":"Gremlin Horn"},{"floor":9.0,"key":"Bronze Scales"},{"floor":13.0,"key":"Pear"},{"floor":24.0,"key":"Red Mask"},{"floor":26.0,"key":"Akabeko"}],"event_choices":[{"damage_healed":0.0,"max_hp_gain":0.0,"max_hp_loss":0.0,"gold_gain":0.0,"event_name":"Liars Game","player_choice":"Ignored","floor":2.0,"gold_loss":0.0,"damage_taken":0.0},{"cards_removed":["Strike_P"],"damage_healed":0.0,"max_hp_gain":0.0,"max_hp_loss":0.0,"gold_gain":0.0,"event_name":"The Cleric","player_choice":"Card Removal","floor":3.0,"gold_loss":50.0,"damage_taken":0.0},{"damage_healed":0.0,"max_hp_gain":0.0,"max_hp_loss":0.0,"gold_gain":0.0,"event_name":"Duplicator","player_choice":"Copied","floor":20.0,"gold_loss":0.0,"damage_taken":0.0,"cards_obtained":["Eruption"]},{"damage_healed":0.0,"max_hp_gain":0.0,"max_hp_loss":0.0,"gold_gain":0.0,"event_name":"Masked Bandits","player_choice":"Fought Bandits","floor":24.0,"gold_loss":0.0,"damage_taken":0.0},{"damage_healed":0.0,"max_hp_gain":0.0,"max_hp_loss":0.0,"gold_gain":0.0,"event_name":"Back to Basics","player_choice":"Simplicity","floor":25.0,"gold_loss":0.0,"damage_taken":0.0,"cards_upgraded":["Strike_P","Strike_P","Strike_P","Defend_P","Defend_P","Defend_P"]}],"is_beta":false,"boss_relics":[{"not_picked":["Sozu","SlaversCollar"],"picked":"Coffee Dripper"}],"items_purged_floors":[],"is_endless":false,"potions_floor_spawned":[1,5,13,24,27],"killed_by":"Snecko","ascension_level":0}}