{"host":"9ndbo4kgsfoemf7y","time":1608720308,"event":{"mods":["AchievementEnabler","BaseMod","Colored Map","DeckTracker","Keyboard Shortcuts","Minty Spire (QoL Compilation)","Permanent Neow","Quick Restart","Relic Stats","StSLib","SuperFastMode"],"gold_per_floor":[109,109,109,57,57,57,76,76,76,87,114,114,264,282,282,353,353,365,365,323,156,156,187,187,187],"floor_reached":24,"playtime":829,"items_purged":["Doubt"],"score":413,"play_id":"7784bd44-6d3c-437a-ab99-db737a4bcd77","local_time":"20201223194508","is_ascension_mode":true,"campfire_choices":[{"floor":6.0,"key":"REST"},{"data":"Blade Dance","floor":8.0,"key":"SMITH"},{"floor":12.0,"key":"REST"},{"data":"Cloak And Dagger","floor":15.0,"key":"SMITH"}],"circlet_count":0,"master_deck":["AscendersBane","Strike_G","Strike_G","Strike_G","Defend_G","Defend_G","Defend_G","Defend_G","Defend_G","Survivor","Neutralize","Catalyst","Blade Dance+1","Endless Agony","Backflip","Dagger Throw","Footwork","Cloak And Dagger+1","After Image","Blade Dance","Cloak And Dagger","Flash of Steel","Escape Plan"],"relics":["Sozu","Regal Pillow","Tiny Chest","PreservedInsect","SlaversCollar","Ice Cream","Letter Opener"],"acts_visited":["Exordium","TheCity"],"potions_floor_usage":[],"damage_taken":[{"damage":1.0,"enemies":"Small Slimes","floor":1.0,"turns":4.0},{"damage":0.0,"enemies":"Jaw Worm","floor":7.0,"turns":4.0},{"damage":5.0,"enemies":"2 Louse","floor":10.0,"turns":3.0},{"damage":22.0,"enemies":"3 Sentries","floor":11.0,"turns":9.0},{"damage":5.0,"enemies":"Exordium Thugs","floor":14.0,"turns":6.0},{"damage":43.0,"enemies":"The Guardian","floor":16.0,"turns":20.0},{"damage":19,"enemies":"Chosen","floor":18,"turns":10},{"damage":20,"enemies":"2 Thieves","floor":20,"turns":5},{"damage":11,"enemies":"Book of Stabbing","floor":23,"turns":6},{"damage":5,"enemies":"Centurion and Healer","floor":24,"turns":1}],"seed_played":"2313038715365958099","potions_obtained":[],"is_trial":false,"path_per_floor":["M","?","?","$","?","R","M","R","T","M","E","R","?","M","R","B",null,"M","?","M","$","T","E","M"],"character_chosen":"THE_SILENT","items_purchased":["Blade Dance","Flash of Steel"],"campfire_rested":2,"item_purchase_floors":[4,21],"current_hp_per_floor":[58,51,16,16,16,50,50,50,50,45,23,57,57,52,52,9,52,33,33,13,13,13,2,0,0],"gold":187,"neow_bonus":"BOSS_RELIC","is_daily":false,"chose_seed":false,"campfire_upgraded":2,"win_rate":0.0,"timestamp":1608720308,"path_taken":["M","?","?","$","?","R","M","R","T","?","E","R","?","M","R","BOSS","M","?","M","$","?","E","M"],"items_purchased_type":["Card","Card"],"build_version":"2020-12-22","purchased_purges":1,"victory":false,"max_hp_per_floor":[66,66,66,66,66,66,66,66,66,66,66,66,66,66,66,66,66,66,66,66,66,66,66,66,66],"relic_stats":{"Sozu":4,"Regal Pillow":30,"counters":[10,68],"Tiny Chest":1,"PreservedInsect":43,"Letter Opener":[10],"obtain_stats":[{"Sozu":0,"Ice Cream":22,"SlaversCollar":17,"Regal Pillow":3,"Tiny Chest":9,"PreservedInsect":11,"Letter Opener":23,"Ring of the Snake":0},{"Sozu":0,"Ice Cream":8,"SlaversCollar":6,"Regal Pillow":1,"Tiny Chest":2,"PreservedInsect":4,"Letter Opener":9,"Ring of the Snake":0},{"Sozu":0,"Ice Cream":61,"SlaversCollar":46,"Regal Pillow":4,"Tiny Chest":8,"PreservedInsect":20,"Letter Opener":67,"Ring of the Snake":0}]},"card_choices":[{"not_picked":["Endless Agony","Bane"],"picked":"Catalyst","floor":1.0},{"not_picked":["Acrobatics","Dagger Throw"],"picked":"Backflip","floor":7.0},{"not_picked":["Riddle With Holes","Poisoned Stab"],"picked":"Dagger Throw","floor":10.0},{"not_picked":["Bullet Time","Skewer"],"picked":"Footwork","floor":11.0},{"not_picked":["Dodge and Roll","Crippling Poison"],"picked":"Cloak And Dagger","floor":14.0},{"not_picked":["Venomology","Envenom"],"picked":"After Image","floor":16.0},{"not_picked":["Setup","Deflect","Catalyst"],"picked":"SKIP","floor":18},{"not_picked":["Choke","Dagger Spray"],"picked":"Cloak And Dagger","floor":20},{"not_picked":["Prepared","Sucker Punch"],"picked":"Escape Plan","floor":23}],"player_experience":734333,"relics_obtained":[{"floor":9.0,"key":"Tiny Chest"},{"floor":11.0,"key":"PreservedInsect"},{"floor":22,"key":"Ice Cream"},{"floor":23,"key":"Letter Opener"}],"event_choices":[{"cards_removed":["Strike_G"],"damage_healed":0.0,"max_hp_gain":0.0,"max_hp_loss":0.0,"gold_gain":0.0,"event_name":"Golden Wing","player_choice":"Card Removal","floor":2.0,"gold_loss":0.0,"damage_taken":7.0},{"damage_healed":0.0,"max_hp_gain":0.0,"max_hp_loss":0.0,"gold_gain":0.0,"event_name":"Scrap Ooze","player_choice":"Success","floor":3.0,"gold_loss":0.0,"damage_taken":35.0,"relics_obtained":["Regal Pillow"]},{"damage_healed":0.0,"max_hp_gain":0.0,"max_hp_loss":0.0,"gold_gain":0.0,"cards_transformed":["Strike_G"],"event_name":"Transmorgrifier","player_choice":"Transformed","floor":5.0,"gold_loss":0.0,"damage_taken":0.0,"cards_obtained":["Endless Agony"]},{"damage_healed":0.0,"max_hp_gain":0.0,"max_hp_loss":0.0,"gold_gain":150.0,"event_name":"Liars Game","player_choice":"AGREE","floor":13.0,"gold_loss":0.0,"damage_taken":0.0,"cards_obtained":["Doubt"]},{"damage_healed":0,"gold_gain":0,"player_choice":"Read","damage_taken":0,"max_hp_gain":0,"max_hp_loss":0,"event_name":"The Library","floor":19,"gold_loss":0,"cards_obtained":["Blade Dance"]}],"is_beta":false,"boss_relics":[{"not_picked":["Cursed Key","Velvet Choker"],"picked":"SlaversCollar"}],"items_purged_floors":[21],"is_endless":false,"potions_floor_spawned":[1,7,14,23],"killed_by":"Centurion and Healer","ascension_level":19}}