{"host":"agbyy69nq62afhwx","time":1608723977,"event":{"mods":["BaseMod","Colored Map","Highlight Path","Keyboard Shortcuts","Minty Spire (QoL Compilation)","Quick Restart","StSLib","SuperFastMode","everything is the same but u backflip on backflip"],"gold_per_floor":[10,29,40,56,71,71,91,91,115,131,131,131,146,71,71,175,175,193,213,213,213,228,228,260,260,286,298,298,315,147,160,160,260,260,272,287,287,287],"floor_reached":37,"playtime":1317,"items_purged":["Strike_B","Strike_B"],"score":503,"play_id":"0864f3ad-7b69-4f98-a726-352d864390af","local_time":"20201223204617","is_ascension_mode":true,"campfire_choices":[{"data":"Hologram","floor":6.0,"key":"SMITH"},{"data":"Double Energy","floor":8.0,"key":"SMITH"},{"floor":12.0,"key":"REST"},{"data":"Coolheaded","floor":15.0,"key":"SMITH"},{"floor":23.0,"key":"REST"},{"floor":25.0,"key":"REST"},{"floor":32.0,"key":"REST"}],"circlet_count":0,"master_deck":["Strike_B","Defend_B","Defend_B","Defend_B","Zap","Dualcast","Rip and Tear+1","Stack","Double Energy+1","Conserve Battery","Hologram+1","Gash+1","Gash","Coolheaded+1","White Noise","Reboot","Glacier+1","Recycle","Reboot","Compile Driver","Seek"],"relics":["Cracked Core","Bronze Scales","Tiny Chest","SlaversCollar","Potion Belt","Whetstone","Strawberry","Runic Dome"],"acts_visited":["Exordium","TheCity","TheBeyond"],"potions_floor_usage":[],"damage_taken":[{"damage":0.0,"enemies":"Cultist","floor":1.0,"turns":3.0},{"damage":2.0,"enemies":"Small Slimes","floor":2.0,"turns":2.0},{"damage":0.0,"enemies":"Jaw Worm","floor":3.0,"turns":3.0},{"damage":10.0,"enemies":"3 Louse","floor":4.0,"turns":3.0},{"damage":13.0,"enemies":"Exordium Thugs","floor":5.0,"turns":3.0},{"damage":9.0,"enemies":"Blue Slaver","floor":7.0,"turns":3.0},{"damage":0.0,"enemies":"Exordium Wildlife","floor":10.0,"turns":3.0},{"damage":6.0,"enemies":"Looter","floor":13.0,"turns":3.0},{"damage":38.0,"enemies":"Slime Boss","floor":16.0,"turns":10.0},{"damage":18.0,"enemies":"2 Thieves","floor":18.0,"turns":4.0},{"damage":18.0,"enemies":"Chosen","floor":19.0,"turns":6.0},{"damage":25.0,"enemies":"Snecko","floor":22.0,"turns":7.0},{"damage":29.0,"enemies":"Slavers","floor":24.0,"turns":8.0},{"damage":18.0,"enemies":"Centurion and Healer","floor":27.0,"turns":6.0},{"damage":16.0,"enemies":"Snake Plant","floor":29.0,"turns":5.0},{"damage":5.0,"enemies":"Cultist and Chosen","floor":31.0,"turns":4.0},{"damage":11.0,"enemies":"Champ","floor":33.0,"turns":14.0},{"damage":0,"enemies":"3 Shapes","floor":35,"turns":9},{"damage":26,"enemies":"3 Darklings","floor":36,"turns":5},{"damage":42,"enemies":"Spire Growth","floor":37,"turns":5}],"seed_played":"2156178399504738252","potions_obtained":[{"floor":1.0,"key":"Energy Potion"},{"floor":2.0,"key":"Dexterity Potion"},{"floor":7.0,"key":"EssenceOfSteel"},{"floor":18.0,"key":"AttackPotion"},{"floor":31.0,"key":"SkillPotion"},{"floor":36,"key":"FearPotion"}],"is_trial":false,"path_per_floor":["M","M","M","M","M","R","M","R","T","M","?","R","M","$","R","B",null,"M","M","?","?","M","R","E","R","T","M","T","M","$","M","R","B",null,"M","M","M"],"character_chosen":"DEFECT","items_purchased":["Reboot"],"campfire_rested":4,"item_purchase_floors":[30],"current_hp_per_floor":[68,66,66,56,43,43,34,34,34,34,34,56,50,50,50,12,59,41,23,23,48,23,45,16,38,38,20,27,11,11,6,30,19,66,66,40,0,0],"gold":287,"neow_bonus":"TRANSFORM_TWO_CARDS","is_daily":false,"chose_seed":false,"campfire_upgraded":3,"win_rate":0.0,"timestamp":1608723977,"path_taken":["M","?","M","M","M","R","M","R","T","M","?","R","?","$","R","BOSS","M","M","?","?","M","R","E","R","T","M","?","M","$","M","R","BOSS","M","M","M"],"items_purchased_type":["Card"],"build_version":"2020-12-22","purchased_purges":2,"victory":false,"max_hp_per_floor":[75,75,75,75,75,75,75,75,75,75,75,75,75,75,75,75,75,75,75,75,75,75,75,75,75,75,75,82,82,82,82,82,82,82,82,82,82,82],"card_choices":[{"not_picked":["Turbo","Rip and Tear"],"picked":"Double Energy","floor":1.0},{"not_picked":["Sweeping Beam","Hologram"],"picked":"Conserve Battery","floor":2.0},{"not_picked":["Doom and Gloom","Turbo","Barrage"],"picked":"SKIP","floor":3.0},{"not_picked":["Rebound","Reprogram"],"picked":"Hologram","floor":4.0},{"not_picked":["Coolheaded","All For One"],"picked":"Gash","floor":5.0},{"not_picked":["Compile Driver","Go for the Eyes"],"picked":"Gash","floor":7.0},{"not_picked":["Rip and Tear","Ball Lightning"],"picked":"Coolheaded","floor":10.0},{"not_picked":["Defragment","Turbo"],"picked":"White Noise","floor":13.0},{"not_picked":["Rainbow","Meteor Strike"],"picked":"Reboot","floor":16.0},{"not_picked":["Heatsinks","Ball Lightning","Gash"],"picked":"SKIP","floor":18.0},{"not_picked":["Hologram","Gash"],"picked":"Glacier+1","floor":19.0},{"not_picked":["Sweeping Beam","Rainbow"],"picked":"Recycle","floor":22.0},{"not_picked":["Ball Lightning","Coolheaded","Amplify"],"picked":"SKIP","floor":24.0},{"not_picked":["BootSequence","Barrage","Coolheaded"],"picked":"SKIP","floor":27.0},{"not_picked":["Turbo","Cold Snap","Ball Lightning"],"picked":"SKIP","floor":29.0},{"not_picked":["Redo+1","Streamline"],"picked":"Compile Driver","floor":31.0},{"not_picked":["Electrodynamics","Fission"],"picked":"Seek","floor":33.0},{"not_picked":["Stack","Aggregate+1","Barrage+1"],"picked":"SKIP","floor":35},{"not_picked":["Compile Driver+1","Glacier+1","Stack"],"picked":"SKIP","floor":36}],"player_experience":355244,"relics_obtained":[{"floor":9.0,"key":"Bronze Scales"},{"floor":24.0,"key":"Potion Belt"},{"floor":26.0,"key":"Whetstone"},{"floor":28.0,"key":"Strawberry"}],"event_choices":[{"damage_healed":0.0,"max_hp_gain":0.0,"max_hp_loss":0.0,"gold_gain":0.0,"event_name":"WeMeetAgain","player_choice":"Gave Potion","floor":11.0,"gold_loss":0.0,"damage_taken":0.0,"relics_obtained":["Tiny Chest"]},{"damage_healed":0.0,"max_hp_gain":0.0,"max_hp_loss":0.0,"gold_gain":0.0,"event_name":"The Mausoleum","player_choice":"Ignored","floor":20.0,"gold_loss":0.0,"damage_taken":0.0},{"damage_healed":25.0,"max_hp_gain":0.0,"max_hp_loss":0.0,"gold_gain":0.0,"event_name":"The Library","player_choice":"Heal","floor":21.0,"gold_loss":0.0,"damage_taken":0.0}],"is_beta":false,"boss_relics":[{"not_picked":["Ectoplasm","Velvet Choker"],"picked":"SlaversCollar"},{"not_picked":["Busted Crown","Sozu"],"picked":"Runic Dome"}],"items_purged_floors":[14,30],"is_endless":false,"potions_floor_spawned":[1,2,7,10,18,19,31,36],"killed_by":"Spire Growth","ascension_level":6}}