{"host":"kiauivt48syq9iz6","time":1608707519,"event":{"mods":["BaseMod","Conspire","Downfall","Hermit","Minty Spire (QoL Compilation)","Replay The Spire","SIMod","StSLib","The Animator","The Construct","The Cursed","The Runesmith","The Servant 0.9.4"],"gold_per_floor":[116,116,20,30,45,45,61,7,7,57,42,58,90,90,90,191,191,116,150,249,25,25,25,25,25,25],"floor_reached":25,"playtime":1106,"items_purged":["Replay:Hysterical Blindness"],"score":222,"play_id":"3c43aac9-cc5f-450a-ac4e-6722235d224a","local_time":"20201223001159","is_ascension_mode":false,"campfire_choices":[{"data":"hermit:SprayPray","floor":6,"key":"SMITH"},{"floor":15,"key":"REST"},{"data":"hermit:WideOpen","floor":23,"key":"SMITH"}],"circlet_count":0,"master_deck":["hermit:Strike_Hermit","hermit:Defend_Hermit","hermit:Snapshot","hermit:Covet","hermit:BodyArmor","Iron Wave","hermit:GhostlyPresence+1","hermit:Dive","hermit:Dive","hermit:SprayPray+1","hermit:Manifest","hermit:WideOpen+1","hermit:LowProfile","hermit:GoldenBullet","hermit:Headshot","hermit:Deadeye","hermit:Adapt","hermit:BigShot","hermit:Reprieve","Delirium","hermit:Snipe+1","hermit:BodyArmor","Ghostly","Ghostly","Ghostly","Ghostly","Ghostly"],"relics":["hermit:Momento","Dream Catcher","Juzu Bracelet","Runesmith:AutoHammer","Mirror","Kintsugi","Red Mask","Strawberry"],"acts_visited":["Exordium","TheCity"],"potions_floor_usage":[11,13,18,19],"damage_taken":[{"damage":0,"enemies":"2 Louse","floor":1,"turns":2},{"damage":0,"enemies":"Cultist","floor":4,"turns":4},{"damage":0,"enemies":"Small Slimes","floor":5,"turns":4},{"damage":0,"enemies":"Exordium Wildlife","floor":7,"turns":5},{"damage":5,"enemies":"Exordium Thugs","floor":11,"turns":4},{"damage":0,"enemies":"Blue Slaver","floor":12,"turns":2},{"damage":7,"enemies":"3 Sentries","floor":13,"turns":8},{"damage":33,"enemies":"Slime Boss","floor":16,"turns":11},{"damage":2,"enemies":"2 Thieves","floor":18,"turns":5},{"damage":37,"enemies":"Masked Bandits","floor":19,"turns":11},{"damage":43,"enemies":"Slavers","floor":25,"turns":8}],"seed_played":"-3861167782379778491","potions_obtained":[{"floor":5,"key":"SpeedPotion"},{"floor":10,"key":"Strength Potion"},{"floor":11,"key":"Fruit Juice"},{"floor":13,"key":"EssenceOfSteel"}],"is_trial":false,"path_per_floor":["M","?","$","M","M","R","M","$","T","?","M","M","E","?","R","B",null,"M","?","?","$","?","R","?","E"],"character_chosen":"HERMIT","items_purchased":["hermit:GhostlyPresence+1","hermit:Dive","hermit:WideOpen","Strawberry"],"campfire_rested":1,"item_purchase_floors":[3,3,8,21],"current_hp_per_floor":[75,75,75,75,75,75,75,75,75,57,57,57,50,62,80,47,80,80,43,43,50,43,43,43,0,0],"gold":25,"neow_bonus":"RANDOM_COMMON_RELIC","is_daily":false,"chose_seed":false,"campfire_upgraded":2,"win_rate":0.0,"timestamp":1608707519,"path_taken":["M","?","$","?","?","R","M","?","T","?","M","M","E","?","R","BOSS","M","?","?","$","?","R","?","E"],"items_purchased_type":["Card","Card","Card","Relic"],"build_version":"2020-12-22","purchased_purges":1,"victory":false,"max_hp_per_floor":[75,75,75,75,75,75,75,75,75,75,80,80,80,80,80,80,80,80,80,80,87,43,43,43,43,43],"card_choices":[{"not_picked":["hermit:Ricochet","hermit:Malice"],"picked":"hermit:BodyArmor","floor":1},{"not_picked":["hermit:WideOpen","hermit:Snipe"],"picked":"hermit:Dive","floor":4},{"not_picked":["hermit:TrackingShot","hermit:ItchyTrigger"],"picked":"hermit:SprayPray","floor":5},{"not_picked":["hermit:GhostlyPresence","hermit:BodyArmor"],"picked":"hermit:Manifest","floor":7},{"not_picked":["hermit:Snipe","hermit:Magnum"],"picked":"hermit:LowProfile","floor":10},{"not_picked":["hermit:Snipe","hermit:LowProfile"],"picked":"hermit:GoldenBullet","floor":10},{"not_picked":["hermit:CalledShot","hermit:BodyArmor"],"picked":"hermit:Headshot","floor":11},{"not_picked":["hermit:Dive","hermit:Glare"],"picked":"hermit:Deadeye","floor":12},{"not_picked":["hermit:LoneWolf","hermit:HighCaliber"],"picked":"hermit:Adapt","floor":13},{"not_picked":["hermit:HighCaliber","hermit:Glare"],"picked":"hermit:BigShot","floor":15},{"not_picked":["hermit:DeadOrAlive","hermit:EternalForm"],"picked":"hermit:Reprieve","floor":16},{"not_picked":["hermit:HighCaliber","hermit:BodyArmor"],"picked":"hermit:Snipe+1","floor":18},{"not_picked":["hermit:Midnight","hermit:CalledShot"],"picked":"hermit:BodyArmor","floor":19}],"player_experience":4035,"relics_obtained":[{"floor":9,"key":"Juzu Bracelet"},{"floor":10,"key":"Runesmith:AutoHammer"},{"floor":13,"key":"Mirror"},{"floor":19,"key":"Red Mask"}],"event_choices":[{"cards_removed":["hermit:Strike_Hermit"],"damage_healed":0,"gold_gain":0,"player_choice":"Took Card","damage_taken":0,"max_hp_gain":0,"max_hp_loss":0,"event_name":"NoteForYourself","floor":2,"gold_loss":0,"cards_obtained":["Iron Wave"]},{"damage_healed":0,"gold_gain":0,"player_choice":"Fought Bandits","damage_taken":0,"max_hp_gain":0,"max_hp_loss":0,"event_name":"Masked Bandits","floor":19,"gold_loss":0},{"damage_healed":0,"gold_gain":99,"player_choice":"Stole From Cult","damage_taken":0,"max_hp_gain":0,"max_hp_loss":0,"event_name":"Nest","floor":20,"gold_loss":0},{"damage_healed":0,"gold_gain":0,"player_choice":"Became a Ghost","damage_taken":0,"max_hp_gain":0,"max_hp_loss":44,"event_name":"Ghosts","floor":22,"gold_loss":0,"cards_obtained":["Ghostly","Ghostly","Ghostly","Ghostly","Ghostly"]}],"is_beta":false,"boss_relics":[{"not_picked":["Empty Cage","Snecko Eye"],"picked":"Kintsugi"}],"items_purged_floors":[21],"is_endless":false,"potions_floor_spawned":[5,11,13],"killed_by":"Slavers","ascension_level":0}}