{"host":"xhamcave7q47vrco","time":1608701498,"event":{"mods":["ATMod(°¢èªMod)","AchievementEnabler","BaseMod","BetterRewards","Colored Powertips","Minty Spire (QoL Compilation)","Permanent Neow","Quick Restart","Remove Card Discount Mod","Shop Mod","StSLib","egg","¡¾ÒÅÎï¿¨ÅÆ¡¿REMEMod"],"gold_per_floor":[111,128,128,171,346,346,381,381,406,422,452,468,496,476,476,599,599,599,599],"floor_reached":18,"playtime":912,"items_purged":[],"score":269,"play_id":"44f79249-953c-4ca1-977c-c6e50d93513a","local_time":"20201223133138","is_ascension_mode":true,"campfire_choices":[{"data":"AT_FamilyPortrait","floor":6.0,"key":"SMITH"},{"floor":8.0,"key":"RECALL"},{"data":"Heavy Blade","floor":15.0,"key":"SMITH"}],"circlet_count":0,"master_deck":["Strike_R","Strike_R","Strike_R","Strike_R","Strike_R","Defend_R","Defend_R","Defend_R","Defend_R","Bash","AT_ChampionKick+1","AT_FamilyPortrait+1","Heavy Blade","Doubt","Shrug It Off","Heavy Blade","Heavy Blade+1","Brutality"],"relics":["Burning Blood","REME_ComplimentaryCards","AT_ATBox","Strawberry","Anchor","Regal Pillow","AT_MibuBalloonWealth","SlaversCollar"],"acts_visited":["Exordium","TheCity"],"potions_floor_usage":[],"damage_taken":[{"damage":2.0,"enemies":"Jaw Worm","floor":1.0,"turns":3.0},{"damage":1.0,"enemies":"Cultist","floor":2.0,"turns":3.0},{"damage":0.0,"enemies":"Small Slimes","floor":4.0,"turns":2.0},{"damage":31.0,"enemies":"Lagavulin","floor":7.0,"turns":10.0},{"damage":8.0,"enemies":"Blue Slaver","floor":10.0,"turns":4.0},{"damage":0.0,"enemies":"2 Fungi Beasts","floor":12.0,"turns":3.0},{"damage":20.0,"enemies":"3 Sentries","floor":13.0,"turns":6.0},{"damage":17.0,"enemies":"Slime Boss","floor":16.0,"turns":4.0},{"damage":32,"enemies":"3 Byrds","floor":18,"turns":3}],"seed_played":"6199710469926768491","potions_obtained":[{"floor":1.0,"key":"PowerPotion"},{"floor":2.0,"key":"PowerPotion"},{"floor":3.0,"key":"REME_GoldPotion"},{"floor":7.0,"key":"Fire Potion"},{"floor":14.0,"key":"Fruit Juice"},{"floor":16.0,"key":"Fruit Juice"}],"is_trial":false,"path_per_floor":["M","M","?","M","?","R","E","R","T","M","?","M","E","?","R","B",null,"M"],"character_chosen":"IRONCLAD","items_purchased":[],"campfire_rested":0,"item_purchase_floors":[],"current_hp_per_floor":[80,80,80,80,80,80,62,62,62,60,60,66,52,57,57,51,86,54,54],"gold":599,"neow_bonus":"UPGRADE_CARD","is_daily":false,"chose_seed":false,"campfire_upgraded":2,"win_rate":0.0,"timestamp":1608701498,"path_taken":["M","M","?","?","?","R","E","R","T","M","?","M","E","?","R","BOSS","M"],"items_purchased_type":[],"build_version":"2020-12-22","purchased_purges":0,"victory":false,"max_hp_per_floor":[80,80,80,80,80,80,87,87,87,87,87,87,87,92,92,97,97,97,97],"card_choices":[{"not_picked":["Combust","Sword Boomerang","Pommel Strike"],"picked":"SKIP","floor":1.0},{"not_picked":["Armaments","Headbutt","Metallicize"],"picked":"SKIP","floor":2.0},{"not_picked":["REME_Cut","Headbutt"],"picked":"Heavy Blade","floor":4.0},{"not_picked":["Corruption","Sword Boomerang"],"picked":"Shrug It Off","floor":7.0},{"not_picked":["Cleave","Pommel Strike"],"picked":"Heavy Blade","floor":10.0},{"not_picked":["Thunderclap","Combust","Perfected Strike"],"picked":"SKIP","floor":12.0},{"not_picked":["Second Wind","Blood for Blood"],"picked":"Heavy Blade","floor":13.0},{"not_picked":["Fiend Fire","REME_TheLastStrike"],"picked":"Brutality","floor":16.0}],"player_experience":53304,"relics_obtained":[{"floor":7.0,"key":"Strawberry"},{"floor":9.0,"key":"Anchor"},{"floor":13.0,"key":"AT_MibuBalloonWealth"}],"event_choices":[{"damage_healed":0.0,"max_hp_gain":0.0,"max_hp_loss":0.0,"gold_gain":0.0,"event_name":"Lab","player_choice":"Got Potions","floor":3.0,"gold_loss":0.0,"damage_taken":0.0},{"damage_healed":0.0,"max_hp_gain":0.0,"max_hp_loss":0.0,"gold_gain":175.0,"event_name":"Liars Game","player_choice":"AGREE","floor":5.0,"gold_loss":0.0,"damage_taken":0.0,"cards_obtained":["Doubt"]},{"damage_healed":0.0,"max_hp_gain":0.0,"max_hp_loss":0.0,"gold_gain":30.0,"event_name":"Dead Adventurer","player_choice":"Searched \u00272\u0027 times","floor":11.0,"gold_loss":0.0,"damage_taken":0.0,"relics_obtained":["Regal Pillow"]},{"damage_healed":0.0,"max_hp_gain":0.0,"max_hp_loss":0.0,"gold_gain":0.0,"event_name":"The Woman in Blue","player_choice":"Bought 1 Potion","floor":14.0,"gold_loss":0.0,"damage_taken":0.0}],"is_beta":false,"boss_relics":[{"not_picked":["Snecko Eye","Runic Cube"],"picked":"SlaversCollar"}],"items_purged_floors":[],"is_endless":false,"potions_floor_spawned":[1,2,7,16],"killed_by":"3 Byrds","ascension_level":5}}