{"host":"j06fkfseroga8i8e","time":1608759059,"event":{"mods":["BaseMod","Bestiary","Colored Map","Colored Powertips","Minty Spire (QoL Compilation)","Relic Stats","StSLib","everything is the same but u backflip on backflip"],"gold_per_floor":[114,64,77,77,88,88,88,88,112,112,145,162,190,204,204,308,308,328,328,328,328,32,32,52,83,106,106,137,155,183,197,197,197,197],"floor_reached":33,"playtime":1041,"items_purged":[],"score":552,"play_id":"f0fd237e-efc9-4b1b-b5a2-abaf844cf8d2","local_time":"20201223163059","is_ascension_mode":true,"campfire_choices":[{"data":"Streamline","floor":6.0,"key":"SMITH"},{"data":"Zap","floor":8.0,"key":"SMITH"},{"data":"Turbo","floor":15.0,"key":"SMITH"},{"data":"Electrodynamics","floor":23.0,"key":"SMITH"},{"data":"Ghostly","floor":27.0,"key":"SMITH"},{"floor":32,"key":"REST"}],"circlet_count":0,"master_deck":["AscendersBane","Strike_B","Strike_B","Strike_B","Defend_B","Defend_B","Defend_B","Zap+1","Dualcast","Turbo+1","Streamline+1","Lockon","Coolheaded","FTL","Conserve Battery","Electrodynamics+1","Compile Driver","Ghostly+1","Ghostly","Ghostly","Ghostly","Ghostly","Rip and Tear+1","Ball Lightning+1","Static Discharge+1","Blizzard+1","Self Repair"],"relics":["FrozenCore","Juzu Bracelet","DataDisk","CultistMask","TungstenRod","Gremlin Horn","Bag of Marbles","Runic Capacitor","Blood Vial","Turnip","Vajra","Tiny Chest","StrikeDummy"],"acts_visited":["Exordium","TheCity"],"potions_floor_usage":[31,33],"damage_taken":[{"damage":4.0,"enemies":"2 Louse","floor":1.0,"turns":2.0},{"damage":2.0,"enemies":"Small Slimes","floor":3.0,"turns":3.0},{"damage":0.0,"enemies":"Cultist","floor":5.0,"turns":3.0},{"damage":20.0,"enemies":"3 Sentries","floor":11.0,"turns":6.0},{"damage":8.0,"enemies":"Exordium Wildlife","floor":12.0,"turns":3.0},{"damage":3.0,"enemies":"Gremlin Nob","floor":13.0,"turns":3.0},{"damage":0.0,"enemies":"2 Fungi Beasts","floor":14.0,"turns":3.0},{"damage":15.0,"enemies":"Slime Boss","floor":16.0,"turns":9.0},{"damage":11.0,"enemies":"Chosen","floor":18.0,"turns":5.0},{"damage":0.0,"enemies":"3 Byrds","floor":19.0,"turns":1.0},{"damage":0.0,"enemies":"Centurion and Healer","floor":24.0,"turns":5.0},{"damage":9.0,"enemies":"Book of Stabbing","floor":25.0,"turns":7.0},{"damage":0.0,"enemies":"Gremlin Leader","floor":28.0,"turns":5.0},{"damage":19.0,"enemies":"Snake Plant","floor":29.0,"turns":3.0},{"damage":4,"enemies":"Book of Stabbing","floor":30,"turns":6},{"damage":1,"enemies":"Cultist and Chosen","floor":31,"turns":4},{"damage":26,"enemies":"Champ","floor":33,"turns":6}],"seed_played":"-5583652894916587456","potions_obtained":[{"floor":3.0,"key":"Block Potion"},{"floor":5.0,"key":"LiquidMemories"},{"floor":12.0,"key":"SmokeBomb"},{"floor":13.0,"key":"ColorlessPotion"},{"floor":18.0,"key":"Strength Potion"},{"floor":28.0,"key":"EssenceOfSteel"},{"floor":30,"key":"FocusPotion"}],"is_trial":false,"path_per_floor":["M","?","M","?","M","R","?","R","T","?","E","M","E","M","R","B",null,"M","M","T","?","$","R","M","E","T","R","E","M","E","M","R","B"],"character_chosen":"DEFECT","items_purchased":["Runic Capacitor","Blood Vial"],"campfire_rested":1,"item_purchase_floors":[22,22],"current_hp_per_floor":[64,64,62,55,55,55,55,55,55,55,35,27,24,24,24,9,59,48,48,48,37,37,37,37,28,28,28,30,13,11,12,23,0,0],"gold":197,"neow_bonus":"RANDOM_COMMON_RELIC","is_daily":false,"chose_seed":false,"campfire_upgraded":5,"win_rate":0.0,"timestamp":1608759059,"path_taken":["M","?","M","?","M","R","?","R","T","?","E","M","E","M","R","BOSS","M","M","?","?","?","R","M","E","T","R","E","M","E","M","R","BOSS"],"items_purchased_type":["Relic","Relic"],"build_version":"2020-12-22","purchased_purges":0,"victory":false,"max_hp_per_floor":[75,75,75,75,75,75,75,75,75,75,75,75,75,75,75,75,75,75,75,75,37,37,37,37,37,37,37,37,37,37,37,37,37,37],"relic_stats":{"Blood Vial":10,"Gremlin Horn":[12,12],"counters":[17,74],"Tiny Chest":0,"Turnip":[2],"Juzu Bracelet":0,"obtain_stats":[{"Gremlin Horn":13,"Vajra":26,"Juzu Bracelet":0,"Runic Capacitor":22,"FrozenCore":17,"Blood Vial":22,"DataDisk":9,"Tiny Chest":28,"CultistMask":10,"Turnip":25,"Bag of Marbles":20,"Cracked Core":0,"StrikeDummy":30,"TungstenRod":11},{"Gremlin Horn":6,"Vajra":12,"Juzu Bracelet":0,"Runic Capacitor":10,"FrozenCore":8,"Blood Vial":10,"DataDisk":3,"Tiny Chest":13,"CultistMask":3,"Turnip":12,"Bag of Marbles":10,"Cracked Core":0,"StrikeDummy":15,"TungstenRod":4},{"Gremlin Horn":20,"Vajra":50,"Juzu Bracelet":0,"Runic Capacitor":38,"FrozenCore":32,"Blood Vial":38,"DataDisk":8,"Tiny Chest":55,"CultistMask":8,"Turnip":50,"Bag of Marbles":38,"Cracked Core":0,"StrikeDummy":64,"TungstenRod":14}],"TungstenRod":18,"FrozenCore":[17]},"card_choices":[{"not_picked":["Tempest","Force Field"],"picked":"Turbo","floor":1.0},{"not_picked":["Turbo","Beam Cell"],"picked":"Streamline","floor":3.0},{"not_picked":["Chaos","Conserve Battery"],"picked":"Lockon","floor":5.0},{"not_picked":["Reboot","Stack"],"picked":"Coolheaded","floor":11.0},{"not_picked":["Streamline","Steam"],"picked":"FTL","floor":12.0},{"not_picked":["Turbo","Leap"],"picked":"Conserve Battery","floor":13.0},{"not_picked":["Go for the Eyes","Tempest","Stack"],"picked":"SKIP","floor":14.0},{"not_picked":["Rainbow","Fission"],"picked":"Electrodynamics","floor":16.0},{"not_picked":["Ball Lightning","Streamline"],"picked":"Compile Driver","floor":18.0},{"not_picked":["Steam","Turbo","Stack"],"picked":"SKIP","floor":24.0},{"not_picked":["Coolheaded+1","Hello World"],"picked":"Rip and Tear+1","floor":25.0},{"not_picked":["Turbo+1","Conserve Battery"],"picked":"Ball Lightning+1","floor":28.0},{"not_picked":["Fusion","Barrage"],"picked":"Static Discharge+1","floor":29.0},{"not_picked":["Glacier+1","Redo"],"picked":"Blizzard+1","floor":30},{"not_picked":["Chaos","Gash"],"picked":"Self Repair","floor":31}],"player_experience":555168,"relics_obtained":[{"floor":9.0,"key":"DataDisk"},{"floor":11.0,"key":"TungstenRod"},{"floor":13.0,"key":"Gremlin Horn"},{"floor":20.0,"key":"Bag of Marbles"},{"floor":25.0,"key":"Turnip"},{"floor":26.0,"key":"Vajra"},{"floor":28.0,"key":"Tiny Chest"},{"floor":30,"key":"StrikeDummy"}],"event_choices":[{"cards_removed":["Strike_B"],"damage_healed":0.0,"max_hp_gain":0.0,"max_hp_loss":0.0,"gold_gain":0.0,"event_name":"The Cleric","player_choice":"Card Removal","floor":2.0,"gold_loss":50.0,"damage_taken":0.0},{"cards_removed":["Defend_B"],"damage_healed":0.0,"max_hp_gain":0.0,"max_hp_loss":0.0,"gold_gain":0.0,"event_name":"Golden Wing","player_choice":"Card Removal","floor":4.0,"gold_loss":0.0,"damage_taken":7.0},{"damage_healed":0.0,"max_hp_gain":0.0,"max_hp_loss":0.0,"gold_gain":0.0,"event_name":"Liars Game","player_choice":"Ignored","floor":7.0,"gold_loss":0.0,"damage_taken":0.0},{"damage_healed":0.0,"max_hp_gain":0.0,"max_hp_loss":0.0,"gold_gain":0.0,"event_name":"FaceTrader","player_choice":"Trade","floor":10.0,"gold_loss":0.0,"damage_taken":0.0,"relics_obtained":["CultistMask"]},{"damage_healed":0.0,"max_hp_gain":0.0,"max_hp_loss":38.0,"gold_gain":0.0,"event_name":"Ghosts","player_choice":"Became a Ghost","floor":21.0,"gold_loss":0.0,"damage_taken":0.0,"cards_obtained":["Ghostly","Ghostly","Ghostly","Ghostly","Ghostly"]}],"is_beta":false,"boss_relics":[{"not_picked":["Busted Crown","Cursed Key"],"picked":"FrozenCore"}],"items_purged_floors":[],"is_endless":false,"potions_floor_spawned":[3,5,12,13,14,18,19,28,30],"killed_by":"Champ","ascension_level":11}}