{"host":"49pjgf1q9ev52n8z","time":1608746292,"event":{"mods":["BaseMod","Bestiary","Colored Map","Minty Spire (QoL Compilation)","Practice Mode","Relic Stats","StSLib"],"gold_per_floor":[117,42,60,79,97,131,143,155,191,203,241,266,212,236,248,260,260],"floor_reached":16,"playtime":982,"items_purged":[],"score":207,"play_id":"18fde208-679f-4050-bd0f-41cb90a60aaf","local_time":"20201223095812","is_ascension_mode":true,"campfire_choices":[{"floor":8.0,"key":"REST"},{"floor":10.0,"key":"REST"},{"floor":15.0,"key":"REST"}],"circlet_count":0,"master_deck":["AscendersBane","Strike_G","Strike_G","Strike_G","Strike_G","Defend_G","Defend_G","Defend_G","Defend_G","Defend_G","Survivor","Neutralize","Flying Knee","Slice","Dagger Throw","Skewer","Leg Sweep","Caltrops","Bouncing Flask"],"relics":["Ring of the Snake","MawBank","Dream Catcher","Pen Nib"],"acts_visited":["Exordium"],"potions_floor_usage":[16],"damage_taken":[{"damage":0.0,"enemies":"2 Louse","floor":1.0,"turns":4.0},{"damage":10.0,"enemies":"Jaw Worm","floor":3.0,"turns":6.0},{"damage":1.0,"enemies":"Small Slimes","floor":4.0,"turns":4.0},{"damage":9.0,"enemies":"Blue Slaver","floor":5.0,"turns":4.0},{"damage":44.0,"enemies":"Lagavulin","floor":6.0,"turns":7.0},{"damage":19.0,"enemies":"3 Sentries","floor":11.0,"turns":12.0},{"damage":0.0,"enemies":"Looter","floor":12.0,"turns":4.0},{"damage":15.0,"enemies":"Exordium Thugs","floor":14.0,"turns":5.0},{"damage":39,"enemies":"Slime Boss","floor":16,"turns":8}],"seed_played":"-4991777140261976850","potions_obtained":[{"floor":4.0,"key":"Block Potion"},{"floor":6.0,"key":"EssenceOfSteel"},{"floor":12.0,"key":"Poison Potion"}],"is_trial":false,"path_per_floor":["M","?","M","M","M","E","$","R","T","R","E","M","?","M","R","B"],"character_chosen":"THE_SILENT","items_purchased":[],"campfire_rested":3,"item_purchase_floors":[],"current_hp_per_floor":[65,65,55,54,45,1,1,22,22,43,24,24,24,9,30,0,0],"gold":260,"neow_bonus":"TEN_PERCENT_HP_BONUS","is_daily":false,"chose_seed":false,"campfire_upgraded":0,"win_rate":0.0,"timestamp":1608746292,"path_taken":["M","?","M","M","M","E","$","R","T","R","E","M","?","M","R","BOSS"],"items_purchased_type":[],"build_version":"2020-12-22","purchased_purges":0,"victory":false,"max_hp_per_floor":[72,72,72,72,72,72,72,72,72,72,72,72,72,72,72,72,72],"relic_stats":{"Dream Catcher":2,"counters":[9,54],"Pen Nib":[3],"MawBank":120,"obtain_stats":[{"Dream Catcher":9,"Pen Nib":11,"MawBank":6,"Ring of the Snake":0},{"Dream Catcher":5,"Pen Nib":6,"MawBank":5,"Ring of the Snake":0},{"Dream Catcher":25,"Pen Nib":37,"MawBank":25,"Ring of the Snake":0}],"Ring of the Snake":[18]},"card_choices":[{"not_picked":["Dodge and Roll","Setup"],"picked":"Flying Knee","floor":1.0},{"not_picked":["Cloak And Dagger","Heel Hook"],"picked":"Slice","floor":3.0},{"not_picked":["Blur","Quick Slash"],"picked":"Dagger Throw","floor":4.0},{"not_picked":["Heel Hook","Quick Slash"],"picked":"Skewer","floor":5.0},{"not_picked":["Catalyst","Deflect"],"picked":"Leg Sweep","floor":6.0},{"not_picked":["Expertise","Endless Agony","Sucker Punch"],"picked":"SKIP","floor":11.0},{"not_picked":["Tactician","Deflect"],"picked":"Caltrops","floor":12.0},{"not_picked":["Reflex","Bane","Sucker Punch"],"picked":"SKIP","floor":14.0},{"not_picked":["Outmaneuver","Endless Agony"],"picked":"Bouncing Flask","floor":15.0}],"player_experience":606785,"relics_obtained":[{"floor":6.0,"key":"MawBank"},{"floor":9.0,"key":"Dream Catcher"},{"floor":11.0,"key":"Pen Nib"}],"event_choices":[{"cards_removed":["Strike_G"],"damage_healed":0.0,"max_hp_gain":0.0,"max_hp_loss":0.0,"gold_gain":0.0,"event_name":"The Cleric","player_choice":"Card Removal","floor":2.0,"gold_loss":75.0,"damage_taken":0.0},{"damage_healed":0.0,"max_hp_gain":0.0,"max_hp_loss":0.0,"gold_gain":0.0,"event_name":"World of Goop","player_choice":"Left Gold","floor":13.0,"gold_loss":66.0,"damage_taken":0.0}],"is_beta":false,"boss_relics":[],"items_purged_floors":[],"is_endless":false,"potions_floor_spawned":[4,6,12],"killed_by":"Slime Boss","ascension_level":17}}