{"host":"rwzz6mk6bpmb57ql","time":1608704065,"event":{"mods":["AchievementEnabler","BaseMod","BetterRewards","Colored Map","Highlight Path","Hubris","Minty Spire (QoL Compilation)","Replay The Spire","StSLib"],"gold_per_floor":[6609,6624,6624,5704,5715,5715,5728,5760,5760,5792,5792,5792,5825,5842,5842,5916,5966,5976,5095,5109,5109,5109,5109,5124,5144,5198,5198,4150,4201,4201,4201,4201,4272,4272,4291,3794,3813,3813,2855,2855,2881,2881,2904,2904,2934,2934,2953,2978,2978,2978,2978,2978,2118,2153,2153],"floor_reached":56,"playtime":1763,"items_purged":["Defend_R","Strike_R","Defend_R","Strike_R+1","Strike_R+1","Defend_R+1"],"score":2367,"play_id":"141de088-f550-40af-b239-ab256ebd0f0c","local_time":"20201223001425","is_ascension_mode":true,"campfire_choices":[{"floor":6,"key":"RECALL"},{"data":"Whirlwind","floor":12,"key":"SMITH"},{"data":"True Grit","floor":15,"key":"SMITH"},{"data":"Demonic Infusion","floor":23,"key":"SMITH"},{"data":"ReplayTheSpireMod:Stacked","floor":27,"key":"SMITH"},{"data":"Bash","floor":32,"key":"SMITH"},{"data":"Inflame","floor":40,"key":"SMITH"},{"floor":42,"key":"REST"},{"floor":44,"key":"REST"},{"floor":49,"key":"REST"},{"floor":52,"key":"REST"}],"circlet_count":0,"master_deck":["AscendersBane","Strike_R+1","Defend_R+1","Bash+1","Whirlwind+1","Inflame+1","ReplayTheSpireMod:Stacked+1","hubris:EnhanceAbility+1","Heavy Blade+1","True Grit+1","Flex+1","Demonic Infusion+1","Pommel Strike+1","Inflame+1","Demonic Infusion+1","Metamorphosis+1","Berserk+1","Flex+1","Mayhem+1","Inflame+1","Double Tap+1"],"relics":["Burning Blood","Potion Belt","Potion Belt","Vajra","Blue Candle","Red Skull","Molten Egg 2","Letter Opener","Replay:WaspNest","Potion Belt","Tiny House","Golden Egg","Dream Catcher","Strange Spoon","Replay:Bottled Eggs","Regal Pillow","Lee\u0027s Waffle","Toy Ornithopter","Sozu","War Paint","Brimstone","Bronze Scales","Meat on the Bone","TheAbacus","Gremlin Food","Ice Cream","hubris:Metronome","Replay:Kaleidoscope","Turnip","Guide Book","Happy Flower"],"acts_visited":["Exordium","TheCity","TheBeyond","TheEnding"],"potions_floor_usage":[2,8,13,13,18,20,24,31,33,45,55,55],"damage_taken":[{"damage":9,"enemies":"Small Slimes","floor":1,"turns":4},{"damage":0,"enemies":"2 Louse","floor":2,"turns":2},{"damage":0,"enemies":"Cultist","floor":5,"turns":3},{"damage":0,"enemies":"Red Slaver","floor":7,"turns":5},{"damage":40,"enemies":"Lagavulin","floor":8,"turns":6},{"damage":32,"enemies":"Gremlin Nob","floor":10,"turns":4},{"damage":19,"enemies":"Replay:BlueRogue","floor":13,"turns":4},{"damage":11,"enemies":"Looter","floor":14,"turns":3},{"damage":0,"enemies":"Fading Forest","floor":16,"turns":2},{"damage":52,"enemies":"Shell Parasite","floor":18,"turns":4},{"damage":33,"enemies":"2 Thieves","floor":20,"turns":2},{"damage":37,"enemies":"Sentry and Sphere","floor":24,"turns":6},{"damage":0,"enemies":"Chosen and Byrds","floor":25,"turns":3},{"damage":0,"enemies":"Centurion and Healer","floor":31,"turns":1},{"damage":40,"enemies":"Automaton","floor":33,"turns":6},{"damage":23,"enemies":"Orb Walker","floor":35,"turns":3},{"damage":14,"enemies":"3 Darklings","floor":37,"turns":2},{"damage":15,"enemies":"R_Hoarder","floor":41,"turns":6},{"damage":47,"enemies":"Nemesis","floor":45,"turns":3},{"damage":0,"enemies":"Transient","floor":47,"turns":3},{"damage":7,"enemies":"Mind Bloom Boss Battle","floor":48,"turns":4},{"damage":68,"enemies":"Donu and Deca","floor":50,"turns":4},{"damage":0,"enemies":"Shield and Spear","floor":54,"turns":1},{"damage":194,"enemies":"The Heart","floor":55,"turns":5}],"seed_played":"71170625921548588","potions_obtained":[{"floor":1,"key":"Energy Potion"},{"floor":8,"key":"SkillPotion"},{"floor":10,"key":"Adrenaline Potion"},{"floor":16,"key":"Cursed Concoction"},{"floor":17,"key":"AttackPotion"},{"floor":18,"key":"Explosive Potion"},{"floor":24,"key":"Reflective Coating"},{"floor":33,"key":"Milkshake"}],"is_trial":false,"path_per_floor":["M","M","?","$","M","R","M","E","T","E","?","R","E","M","R","B",null,"M","$","M","?","?","R","M","M","T","R","$","T","?","M","R","B",null,"M","$","M","?","$","R","E","R","T","R","E","T","M","?","R","B",null,"R","$","E","B",null],"character_chosen":"IRONCLAD","items_purchased":["Inflame","Vajra","Blue Candle","ReplayTheSpireMod:Stacked","hubris:EnhanceAbility","SteroidPotion","Golden Egg","Dream Catcher","Strange Spoon","Inflame","BloodPotion","FearPotion","Replay:Bottled Eggs","SmokeBomb","Regal Pillow","Lee\u0027s Waffle","Metamorphosis","Flex","War Paint","Brimstone","Mayhem","Bronze Scales","Meat on the Bone","TheAbacus","Turnip","Double Tap","Guide Book"],"campfire_rested":4,"item_purchase_floors":[4,4,4,4,4,4,19,19,19,19,19,19,28,28,28,28,28,36,36,36,39,39,39,39,53,53,53],"current_hp_per_floor":[135,141,141,141,145,145,145,111,111,85,80,80,132,127,127,133,147,149,149,122,122,122,122,121,127,127,127,157,157,157,157,157,123,149,132,132,124,124,124,124,115,157,157,157,116,116,122,121,157,95,142,157,157,157,181],"gold":2153,"neow_bonus":"RANDOM_EVENT","is_daily":false,"chose_seed":false,"campfire_upgraded":6,"win_rate":0.0,"timestamp":1608704065,"path_taken":["M","M","?","$","M","R","M","E","T","E","?","R","E","M","R","BOSS","M","$","M","?","?","R","M","?","T","R","$","?","?","M","R","BOSS","M","$","M","?","$","R","E","R","T","R","E","?","M","?","R","BOSS","R","$","E","BOSS"],"items_purchased_type":["Card","Relic","Relic","Card","Card","Potion","Relic","Relic","Relic","Card","Potion","Potion","Relic","Potion","Relic","Relic","Card","Card","Relic","Relic","Card","Relic","Relic","Relic","Relic","Card","Relic"],"build_version":"2020-12-13","purchased_purges":6,"victory":true,"max_hp_per_floor":[145,145,145,145,145,145,145,145,145,145,145,145,145,145,145,145,150,150,150,150,150,150,150,150,150,150,150,157,157,157,157,157,157,157,157,157,157,157,157,157,157,157,157,157,157,157,157,157,157,157,157,157,157,157,357],"card_choices":[{"not_picked":["hubris:SharpeningStone","Searing Blow"],"picked":"Whirlwind","floor":1},{"not_picked":["Pummel","Armaments","hubris:ReadiedAction"],"picked":"SKIP","floor":2},{"not_picked":["Intimidate","Dark Embrace","Metallicize"],"picked":"SKIP","floor":5},{"not_picked":["Clothesline","Massacre","Body Slam"],"picked":"SKIP","floor":7},{"not_picked":["Dark Embrace","Warcry","Havoc"],"picked":"SKIP","floor":8},{"not_picked":["ReplayTheSpireMod:Stacked","Flex"],"picked":"Heavy Blade+1","floor":10},{"not_picked":["Burning Pact","Whirlwind+1"],"picked":"True Grit","floor":13},{"not_picked":["Double Tap","hubris:ReadiedAction"],"picked":"Flex","floor":14},{"not_picked":["Bludgeon+1","Exhume"],"picked":"Demonic Infusion","floor":16},{"not_picked":["Replay:Undeath\u0027s Touch+1","Clothesline+1"],"picked":"Pommel Strike+1","floor":18},{"not_picked":["ReplayTheSpireMod:Strike From Hell+1","Warcry","Blood for Blood+1"],"picked":"SKIP","floor":20},{"not_picked":["Perfected Strike+1","Clothesline+1","Body Slam+1"],"picked":"SKIP","floor":24},{"not_picked":["Iron Wave+1","Disarm","Flame Barrier"],"picked":"SKIP","floor":25},{"not_picked":["Corruption","Double Tap"],"picked":"Berserk","floor":33},{"not_picked":["Carnage+1","Searing Blow+1","Wild Strike+1"],"picked":"SKIP","floor":35},{"not_picked":["hubris:ReadiedAction","Anger+1","Burning Pact"],"picked":"SKIP","floor":37},{"not_picked":["ReplayTheSpireMod:Strike From Hell+1","Thunderclap+1","Headbutt+1"],"picked":"SKIP","floor":41},{"not_picked":["Warcry","Shrug It Off"],"picked":"Inflame+1","floor":45},{"not_picked":["Life Link","Wild Strike+1","Warcry"],"picked":"SKIP","floor":47},{"not_picked":["hubris:CleavingFinish+1","Sword Boomerang+1","Life Link"],"picked":"SKIP","floor":54}],"player_experience":97730,"relics_obtained":[{"floor":8,"key":"Red Skull"},{"floor":9,"key":"Molten Egg 2"},{"floor":10,"key":"Letter Opener"},{"floor":13,"key":"Potion Belt"},{"floor":29,"key":"Toy Ornithopter"},{"floor":41,"key":"Gremlin Food"},{"floor":45,"key":"Ice Cream"},{"floor":46,"key":"hubris:Metronome"},{"floor":48,"key":"Replay:Kaleidoscope"},{"floor":54,"key":"Happy Flower"}],"event_choices":[{"damage_healed":0,"gold_gain":0,"player_choice":"Ignored","damage_taken":0,"max_hp_gain":0,"max_hp_loss":0,"event_name":"Liars Game","floor":3,"gold_loss":0},{"damage_healed":0,"gold_gain":0,"player_choice":"Success","damage_taken":5,"relics_obtained":["Replay:WaspNest"],"max_hp_gain":0,"max_hp_loss":0,"event_name":"Scrap Ooze","floor":11,"gold_loss":0},{"damage_healed":0,"gold_gain":0,"player_choice":"Copied","damage_taken":0,"max_hp_gain":0,"max_hp_loss":0,"event_name":"Duplicator","floor":22,"gold_loss":0,"cards_obtained":["Demonic Infusion"]},{"damage_healed":0,"gold_gain":0,"player_choice":"Memory 1","damage_taken":0,"max_hp_gain":0,"max_hp_loss":0,"event_name":"SensoryStone","floor":38,"gold_loss":0},{"damage_healed":0,"gold_gain":0,"player_choice":"Fight","damage_taken":0,"max_hp_gain":0,"max_hp_loss":0,"event_name":"MindBloom","floor":48,"gold_loss":0}],"is_beta":false,"boss_relics":[{"not_picked":["hubris:GrandSneckoEye","hubris:BlackHole"],"picked":"Tiny House"},{"not_picked":["hubris:ScarierMask","Replay:Drink Me"],"picked":"Sozu"}],"items_purged_floors":[4,19,28,36,39,53],"is_endless":false,"potions_floor_spawned":[1,8,10,16,18,24,33,35,45,48,54],"ascension_level":18}}