{"host":"63yhhrjweyj22b0v","time":1608686609,"event":{"mods":["BaseMod","Minty Spire (QoL Compilation)","Quick Restart"],"gold_per_floor":[113,113,128,154,174,174,184,184,236,249,263,281,281,297,297,395,395,407,407,421,421,88,88,99,99,99],"floor_reached":25,"playtime":760,"items_purged":["WindmillStrike"],"score":197,"play_id":"bee82c84-6a3e-49d1-b05c-25a567f6ad8c","local_time":"20201222192329","is_ascension_mode":false,"campfire_choices":[{"data":"PathToVictory","floor":6,"key":"SMITH"},{"floor":13,"key":"REST"},{"data":"PathToVictory","floor":15,"key":"SMITH"},{"floor":23,"key":"REST"}],"circlet_count":0,"master_deck":["Strike_P","Strike_P","Defend_P","Defend_P+1","Defend_P","Defend_P","Eruption","Vigilance","CrushJoints+1","SignatureMove","PathToVictory+1","Crescendo","FollowUp","PathToVictory+1","ReachHeaven","Halt","LikeWater"],"relics":["PureWater","NeowsBlessing","Nunchaku","Anchor","Philosopher\u0027s Stone","Bottled Flame","Membership Card","Blood Vial"],"acts_visited":["Exordium","TheCity"],"potions_floor_usage":[18,18,24,25],"damage_taken":[{"damage":0,"enemies":"Small Slimes","floor":1,"turns":1},{"damage":0,"enemies":"Cultist","floor":3,"turns":1},{"damage":0,"enemies":"2 Louse","floor":5,"turns":1},{"damage":3,"enemies":"Red Slaver","floor":7,"turns":2},{"damage":24,"enemies":"Exordium Thugs","floor":10,"turns":4},{"damage":0,"enemies":"Looter","floor":11,"turns":2},{"damage":0,"enemies":"Blue Slaver","floor":12,"turns":3},{"damage":0,"enemies":"Large Slime","floor":14,"turns":3},{"damage":31,"enemies":"Slime Boss","floor":16,"turns":7},{"damage":20,"enemies":"Shell Parasite","floor":18,"turns":3},{"damage":21,"enemies":"2 Thieves","floor":20,"turns":3},{"damage":34,"enemies":"Cultist and Chosen","floor":24,"turns":5},{"damage":74,"enemies":"Book of Stabbing","floor":25,"turns":3}],"seed_played":"4292656825983274127","potions_obtained":[{"floor":5,"key":"Strength Potion"},{"floor":7,"key":"FairyPotion"},{"floor":10,"key":"Dexterity Potion"},{"floor":16,"key":"EntropicBrew"}],"is_trial":false,"path_per_floor":["M","?","M","T","M","R","M","?","T","M","M","M","R","M","R","B",null,"M","?","M","T","$","R","M","E"],"character_chosen":"WATCHER","items_purchased":["Membership Card","Blood Vial","LikeWater","Block Potion"],"campfire_rested":2,"item_purchase_floors":[22,22,22,22],"current_hp_per_floor":[72,72,72,72,72,72,69,55,55,31,31,31,52,52,52,21,72,52,52,31,31,31,52,20,0,0],"gold":99,"neow_bonus":"THREE_ENEMY_KILL","is_daily":false,"chose_seed":false,"campfire_upgraded":2,"win_rate":0.0,"timestamp":1608686609,"path_taken":["M","?","?","?","M","R","M","?","T","M","M","M","R","M","R","BOSS","M","?","?","?","$","R","M","E"],"items_purchased_type":["Relic","Relic","Card","Potion"],"build_version":"2020-12-13","purchased_purges":1,"victory":false,"max_hp_per_floor":[72,72,72,72,72,72,72,72,72,72,72,72,72,72,72,72,72,72,72,72,72,72,72,72,72,72],"card_choices":[{"not_picked":["JustLucky","Weave"],"picked":"CrushJoints","floor":1},{"not_picked":["WindmillStrike","Study"],"picked":"SignatureMove","floor":3},{"not_picked":["WindmillStrike","InnerPeace"],"picked":"PathToVictory","floor":5},{"not_picked":["FollowUp","MentalFortress"],"picked":"WindmillStrike","floor":7},{"not_picked":["SashWhip","Consecrate"],"picked":"Crescendo","floor":10},{"not_picked":["SashWhip","Crescendo"],"picked":"FollowUp","floor":11},{"not_picked":["ThirdEye","Fasting2","CutThroughFate"],"picked":"SKIP","floor":12},{"not_picked":["Blasphemy","Crescendo"],"picked":"PathToVictory","floor":14},{"not_picked":["SashWhip+1","Meditate"],"picked":"ReachHeaven","floor":18},{"not_picked":["CarveReality","JustLucky"],"picked":"Halt","floor":20},{"not_picked":["ThirdEye","MentalFortress","CutThroughFate"],"picked":"SKIP","floor":24}],"player_experience":634319,"relics_obtained":[{"floor":4,"key":"Nunchaku"},{"floor":9,"key":"Anchor"},{"floor":21,"key":"Bottled Flame"}],"event_choices":[{"cards_removed":["Strike_P"],"damage_healed":0,"gold_gain":0,"player_choice":"Purged","damage_taken":0,"max_hp_gain":0,"max_hp_loss":0,"event_name":"Purifier","floor":2,"gold_loss":0},{"damage_healed":0,"gold_gain":0,"player_choice":"Entered Light","damage_taken":14,"max_hp_gain":0,"max_hp_loss":0,"event_name":"Shining Light","floor":8,"gold_loss":0,"cards_upgraded":["Defend_P","CrushJoints"]},{"cards_removed":["Strike_P"],"damage_healed":0,"gold_gain":0,"player_choice":"Card Removal","damage_taken":0,"max_hp_gain":0,"max_hp_loss":0,"event_name":"Wheel of Change","floor":19,"gold_loss":0}],"is_beta":false,"boss_relics":[{"not_picked":["Ectoplasm","Calling Bell"],"picked":"Philosopher\u0027s Stone"}],"items_purged_floors":[22],"is_endless":false,"potions_floor_spawned":[5,7,10,14,16],"killed_by":"Book of Stabbing","ascension_level":0}}