{"host":"ci7ivtocgfxh0ueo","time":1608698770,"event":{"mods":["BaseMod","GifTheSpireLib","Minty Spire (QoL Compilation)","StSLib"],"gold_per_floor":[116,116,116,191,205,205,231,250,274,294,294,79,79,0,0,74,74,84,103,153,153,153,153,169,169,194,204,214,38,51,66,66,143,143,158,158,158,174,174,174],"floor_reached":39,"playtime":1408,"items_purged":["Writhe"],"score":776,"play_id":"a7499f4c-3001-4756-95cd-f9689ce6b55f","local_time":"20201223124610","is_ascension_mode":true,"campfire_choices":[{"data":"Neutralize","floor":6,"key":"SMITH"},{"data":"Caltrops","floor":15,"key":"SMITH"},{"data":"Distraction","floor":23,"key":"SMITH"},{"floor":25,"key":"REST"},{"data":"Enlightenment","floor":32,"key":"SMITH"}],"circlet_count":0,"master_deck":["AscendersBane","Survivor","Neutralize+1","PiercingWail","Heel Hook","Prepared","Sucker Punch","Noxious Fumes","Envenom","Doppelganger","Calculated Gamble","Wraith Form v2","Distraction+1","Night Terror","Underhanded Strike","Backflip","Riddle With Holes","Dagger Spray","Infinite Blades","Deflect+1","Neutralize","Bouncing Flask","Prepared","Enlightenment+1","A Thousand Cuts","Leg Sweep","Tools of the Trade","Madness","Madness","Tactician+1"],"relics":["Ring of the Snake","NeowsBlessing","Orichalcum","Pen Nib","Incense Burner","Pandora\u0027s Box","Eternal Feather","Vajra"],"acts_visited":["Exordium","TheCity","TheBeyond"],"potions_floor_usage":[10,16,16,24,27,28,28,30,33,39],"damage_taken":[{"damage":0,"enemies":"Small Slimes","floor":1,"turns":1},{"damage":0,"enemies":"2 Louse","floor":5,"turns":1},{"damage":0,"enemies":"Gremlin Nob","floor":7,"turns":1},{"damage":0,"enemies":"Jaw Worm","floor":8,"turns":5},{"damage":0,"enemies":"Lots of Slimes","floor":10,"turns":7},{"damage":1,"enemies":"Hexaghost","floor":16,"turns":9},{"damage":11,"enemies":"Shell Parasite","floor":18,"turns":5},{"damage":4,"enemies":"3 Byrds","floor":19,"turns":2},{"damage":52,"enemies":"Cultist and Chosen","floor":24,"turns":9},{"damage":0,"enemies":"Snake Plant","floor":27,"turns":3},{"damage":1,"enemies":"Centurion and Healer","floor":28,"turns":7},{"damage":2,"enemies":"3 Cultists","floor":30,"turns":5},{"damage":0,"enemies":"Snecko","floor":31,"turns":4},{"damage":18,"enemies":"Collector","floor":33,"turns":8},{"damage":3,"enemies":"3 Shapes","floor":35,"turns":8},{"damage":35,"enemies":"Orb Walker","floor":38,"turns":6},{"damage":27,"enemies":"Transient","floor":39,"turns":4}],"seed_played":"3531906843769717103","potions_obtained":[{"floor":8,"key":"Energy Potion"},{"floor":19,"key":"ColorlessPotion"},{"floor":24,"key":"EntropicBrew"},{"floor":28,"key":"Regen Potion"},{"floor":30,"key":"Fire Potion"},{"floor":38,"key":"Explosive Potion"}],"is_trial":false,"path_per_floor":["M","?","?","?","M","R","E","M","T","M","T","$","?","$","R","B",null,"M","M","?","?","?","R","M","R","T","M","M","$","M","M","R","B",null,"M","?","?","M","M"],"character_chosen":"THE_SILENT","items_purchased":["Caltrops","FearPotion","DistilledChaos","Noxious Fumes","Enlightenment"],"campfire_rested":1,"item_purchase_floors":[12,12,12,14,29],"current_hp_per_floor":[59,59,59,48,48,48,48,48,48,48,48,48,66,66,66,65,66,55,51,51,51,51,63,11,42,42,42,41,41,54,54,66,48,62,59,59,47,12,0,0],"gold":174,"neow_bonus":"THREE_ENEMY_KILL","is_daily":false,"chose_seed":false,"campfire_upgraded":4,"win_rate":0.0,"timestamp":1608698770,"path_taken":["M","?","?","?","?","R","E","?","T","M","?","?","?","$","R","BOSS","M","M","?","?","?","R","M","R","T","M","?","$","M","?","R","BOSS","M","?","?","M","M"],"items_purchased_type":["Card","Potion","Potion","Card","Card"],"build_version":"2020-12-13","purchased_purges":1,"victory":false,"max_hp_per_floor":[66,66,66,66,66,66,66,66,66,66,66,66,66,66,66,66,66,66,66,66,66,66,66,66,66,66,66,66,66,66,66,66,66,66,66,66,66,66,66,66],"card_choices":[{"not_picked":["Flying Knee","Outmaneuver"],"picked":"PiercingWail","floor":1},{"not_picked":["Dagger Throw","Malaise"],"picked":"Heel Hook","floor":5},{"not_picked":["Deflect","Blade Dance"],"picked":"Prepared","floor":7},{"not_picked":["Deadly Poison","Escape Plan"],"picked":"Distraction","floor":8},{"not_picked":["Flying Knee","Backflip"],"picked":"Sucker Punch","floor":10},{"not_picked":["Storm of Steel","Glass Knife"],"picked":"Envenom","floor":16},{"not_picked":["Poisoned Stab","Reflex"],"picked":"Deflect+1","floor":18},{"not_picked":["Deflect","Reflex","Terror"],"picked":"SKIP","floor":19},{"not_picked":["Dagger Throw","Well Laid Plans"],"picked":"Bouncing Flask","floor":24},{"not_picked":["Cloak And Dagger","Calculated Gamble","Dagger Spray"],"picked":"SKIP","floor":27},{"not_picked":["Poisoned Stab+1","Backflip"],"picked":"Prepared","floor":28},{"not_picked":["Deadly Poison","Prepared+1"],"picked":"A Thousand Cuts","floor":30},{"not_picked":["Dodge and Roll","Quick Slash"],"picked":"Leg Sweep","floor":31},{"not_picked":["Burst","Phantasmal Killer"],"picked":"Tools of the Trade","floor":33},{"not_picked":["Dagger Spray","Flying Knee+1","Outmaneuver"],"picked":"SKIP","floor":35},{"not_picked":["Poisoned Stab","Dodge and Roll"],"picked":"Tactician+1","floor":38}],"player_experience":1282045,"relics_obtained":[{"floor":7,"key":"Orichalcum"},{"floor":9,"key":"Pen Nib"},{"floor":11,"key":"Incense Burner"},{"floor":26,"key":"Vajra"}],"event_choices":[{"damage_healed":0,"gold_gain":0,"player_choice":"Leave","damage_taken":0,"max_hp_gain":0,"max_hp_loss":0,"event_name":"The Cleric","floor":2,"gold_loss":0},{"damage_healed":0,"gold_gain":0,"player_choice":"Ignored","damage_taken":0,"max_hp_gain":0,"max_hp_loss":0,"event_name":"Golden Wing","floor":3,"gold_loss":0},{"damage_healed":0,"gold_gain":75,"player_choice":"Gather Gold","damage_taken":11,"max_hp_gain":0,"max_hp_loss":0,"event_name":"World of Goop","floor":4,"gold_loss":0},{"cards_removed":["Distraction"],"damage_healed":18,"gold_gain":0,"player_choice":"Offered Uncommon","damage_taken":0,"max_hp_gain":0,"max_hp_loss":0,"event_name":"Bonfire Elementals","floor":13,"gold_loss":0},{"damage_healed":0,"gold_gain":50,"player_choice":"Stole From Cult","damage_taken":0,"max_hp_gain":0,"max_hp_loss":0,"event_name":"Nest","floor":20,"gold_loss":0},{"damage_healed":0,"gold_gain":0,"player_choice":"Opened","damage_taken":0,"relics_obtained":["Eternal Feather"],"max_hp_gain":0,"max_hp_loss":0,"event_name":"The Mausoleum","floor":21,"gold_loss":0,"cards_obtained":["Writhe"]},{"damage_healed":0,"gold_gain":0,"player_choice":"1 cards matched","damage_taken":0,"max_hp_gain":0,"max_hp_loss":0,"event_name":"Match and Keep!","floor":22,"gold_loss":0,"cards_obtained":["Neutralize"]},{"cards_removed":["Caltrops"],"damage_healed":0,"gold_gain":0,"player_choice":"Removed Power","damage_taken":0,"max_hp_gain":0,"max_hp_loss":0,"event_name":"Falling","floor":36,"gold_loss":0},{"damage_healed":0,"gold_gain":0,"player_choice":"Embrace Madness","damage_taken":12,"max_hp_gain":0,"max_hp_loss":0,"event_name":"Winding Halls","floor":37,"gold_loss":0,"cards_obtained":["Madness","Madness"]}],"is_beta":false,"boss_relics":[{"not_picked":["HoveringKite","WristBlade"],"picked":"Pandora\u0027s Box"},{"not_picked":["Runic Dome","Velvet Choker","Cursed Key"]}],"items_purged_floors":[29],"is_endless":false,"potions_floor_spawned":[8,19,24,27,28,30,38],"killed_by":"Transient","ascension_level":17}}