{"host":"00tqcjwpycel7e54","time":1608694242,"event":{"mods":["ATMod(阿瑾Mod)","BaseMod","Colored Powertips","Displayed Cursed Tome","Downfall","Hermit","Highlight Path","KomeijiMod","Lobotomy","Luminous","Marisa（F雨　魔理沙）","Minty Spire (QoL Compilation)","Remilia（蕾米莉亚）","Replay The Spire","Robot Space Explorer","Shop Mod","Spicy Shops","StSLib","The Administrix","The Bug Knight","The Cursed","The Dragon Tamer","The Gatherer","The Hierophant","The Runesmith","The Senshi","The Servant 0.9.4","WarShipGirlsR/战舰少女R mod","Youmu（魂魄妖梦）","Yuyuko","【东方二次创作】八云紫mod","【遗物卡牌】REMEMod"],"gold_per_floor":[115,115,115,168,178,205,221,221,221,246,246,31,74,74,74,170,170,185,206,206,226,62,98,98,98,98],"floor_reached":25,"playtime":5852,"items_purged":[],"score":483,"play_id":"42f50863-102d-44ae-a8bb-2f46339db545","local_time":"20201223113042","is_ascension_mode":true,"campfire_choices":[{"data":"Deadly Poison","floor":15.0,"key":"SMITH"}],"circlet_count":0,"master_deck":["AscendersBane","Strike_G","Strike_G","Strike_G","Strike_G","Strike_G","Defend_G","Defend_G","Defend_G","Defend_G","Defend_G","Survivor","Neutralize","AT_WindFlip","Deadly Poison+1","Adrenaline","Poisoned Stab","Footwork","Deadly Poison","Acrobatics","Acrobatics","Poison Darts","Noxious Fumes"],"relics":["Ring of the Snake","AT_ATBox","NeowsBlessing","Meat on the Bone","AT_RedTearstoneRing","Replay:Bottled Steam","Golden Idol","Molten Egg 2","TwistedFunnel","Potion Belt","AT_TimeSand","REME_DemonsWealth","Omamori","Nloth\u0027s Gift"],"acts_visited":["Exordium","TheCity"],"potions_floor_usage":[],"damage_taken":[{"damage":0.0,"enemies":"Small Slimes","floor":1.0,"turns":1.0},{"damage":0.0,"enemies":"Jaw Worm","floor":5.0,"turns":1.0},{"damage":0.0,"enemies":"3 Sentries","floor":6.0,"turns":1.0},{"damage":0.0,"enemies":"2 Louse","floor":7.0,"turns":1.0},{"damage":1.0,"enemies":"2 Fungi Beasts","floor":10.0,"turns":2.0},{"damage":13.0,"enemies":"Lagavulin","floor":13.0,"turns":5.0},{"damage":8.0,"enemies":"The Guardian","floor":16.0,"turns":8.0},{"damage":2.0,"enemies":"3 Byrds","floor":18.0,"turns":4.0},{"damage":44.0,"enemies":"Chosen and Byrds","floor":19.0,"turns":6.0},{"damage":10.0,"enemies":"3 Cultists","floor":21.0,"turns":4.0},{"damage":18.0,"enemies":"Replay:Snechameleon","floor":23.0,"turns":5.0},{"damage":45,"enemies":"REME_1_Revenger","floor":25,"turns":4}],"seed_played":"-861573577861856952","potions_obtained":[{"floor":6.0,"key":"Fire Potion"},{"floor":10.0,"key":"AttackPotion"},{"floor":19.0,"key":"LiquidBronze"}],"is_trial":false,"path_per_floor":["M","?","?","T","M","E","M","?","T","M","$","$","E","?","R","B",null,"M","M","?","M","$","E","?","E"],"character_chosen":"THE_SILENT","items_purchased":["TwistedFunnel","Deadly Poison","Poison Darts","Noxious Fumes"],"campfire_rested":0,"item_purchase_floors":[12,12,22,22],"current_hp_per_floor":[59,33,33,33,45,45,45,22,22,33,33,33,32,32,32,36,59,57,25,25,27,27,21,21,0,0],"gold":98,"neow_bonus":"THREE_ENEMY_KILL","is_daily":false,"chose_seed":false,"campfire_upgraded":1,"win_rate":0.0,"timestamp":1608694242,"path_taken":["M","?","?","?","M","E","M","?","T","M","?","$","E","?","R","BOSS","BOSS","M","M","?","M","$","E","?","E"],"items_purchased_type":["Relic","Card","Card","Card"],"build_version":"2020-12-13","purchased_purges":0,"victory":false,"max_hp_per_floor":[66,66,66,66,66,66,66,66,66,66,66,66,66,66,66,66,66,66,66,66,66,66,66,66,66,66],"card_choices":[{"not_picked":["Bane","Skewer"],"picked":"AT_WindFlip","floor":1.0},{"not_picked":["AT_WindFlip","Cloak And Dagger"],"picked":"Deadly Poison","floor":5.0},{"not_picked":["Catalyst","Eviscerate"],"picked":"Adrenaline","floor":6.0},{"not_picked":["ReplayTheSpireMod:Speed Training","Outmaneuver"],"picked":"Poisoned Stab","floor":7.0},{"not_picked":["Quick Slash+1","Underhanded Strike+1"],"picked":"Footwork","floor":10.0},{"not_picked":["Prepared","Flying Knee+1"],"picked":"Acrobatics","floor":13.0},{"not_picked":["Predator+1","Underhanded Strike+1","Amnesia"],"picked":"Acrobatics","floor":18.0},{"not_picked":["Skewer+1","Outmaneuver","AT_WindFlip+1","Replay:Sluggish"],"picked":"SKIP","floor":19.0},{"not_picked":["Flying Knee+1","Bane+1","Outmaneuver","Decay"],"picked":"SKIP","floor":21.0},{"not_picked":["Prepared","Skewer+1","ReplayTheSpireMod:Scrap Shanks+1","Normality"],"picked":"SKIP","floor":23}],"player_experience":686768,"relics_obtained":[{"floor":4.0,"key":"AT_RedTearstoneRing"},{"floor":6.0,"key":"Replay:Bottled Steam"},{"floor":9.0,"key":"Molten Egg 2"},{"floor":13.0,"key":"Potion Belt"},{"floor":23,"key":"Omamori"}],"event_choices":[{"damage_healed":0.0,"max_hp_gain":0.0,"max_hp_loss":0.0,"gold_gain":0.0,"event_name":"Scrap Ooze","player_choice":"Success","floor":2.0,"gold_loss":0.0,"damage_taken":26.0,"relics_obtained":["Meat on the Bone"]},{"damage_healed":0.0,"max_hp_gain":0.0,"max_hp_loss":0.0,"gold_gain":0.0,"event_name":"Shining Light","player_choice":"Ignored","floor":3.0,"gold_loss":0.0,"damage_taken":0.0},{"damage_healed":0.0,"max_hp_gain":0.0,"max_hp_loss":0.0,"gold_gain":0.0,"event_name":"Golden Idol","player_choice":"Take Damage","floor":8.0,"gold_loss":0.0,"damage_taken":23.0,"relics_obtained":["Golden Idol"]},{"damage_healed":0.0,"max_hp_gain":0.0,"max_hp_loss":0.0,"gold_gain":0.0,"event_name":"Big Fish","player_choice":"Box","floor":14.0,"gold_loss":0.0,"damage_taken":0.0,"relics_obtained":["AT_TimeSand"],"cards_obtained":["Regret"]},{"damage_healed":0,"gold_gain":0,"player_choice":"Traded Relic","damage_taken":0,"relics_obtained":["Nloth\u0027s Gift"],"max_hp_gain":0,"max_hp_loss":0,"event_name":"N\u0027loth","floor":24,"relics_lost":["REME_ComplimentaryCards"],"gold_loss":0}],"is_beta":false,"boss_relics":[{"not_picked":["HoveringKite","Runesmith:UraniumAnvil"],"picked":"REME_DemonsWealth"}],"items_purged_floors":[],"is_endless":false,"potions_floor_spawned":[6,10,19],"killed_by":"REME_1_Revenger","ascension_level":18}}