{"host":"utqe55yv0jihe4d6","time":1608689491,"event":{"mods":["2.2 Compatiblity","AchievementEnabler","BaseMod","Block Reminder","Colored Map","Colored Powertips","Minty Spire (QoL Compilation)","Quick Restart","Rare Cards Sparkle","Relic Stats","SuperFastMode"],"gold_per_floor":[114,114,114,39,39,39,77,97,144,144,44,64,100,114,114,114,114],"floor_reached":16,"playtime":351,"items_purged":["Strike_G","Pain"],"score":266,"play_id":"8bc4d217-b0c5-483e-b641-a92a8361abd0","local_time":"20201222211131","is_ascension_mode":true,"campfire_choices":[{"data":"Neutralize","floor":6,"key":"SMITH"},{"floor":15,"key":"REST"}],"circlet_count":0,"master_deck":["AscendersBane","Strike_G","Strike_G","Strike_G","Strike_G","Defend_G","Defend_G","Defend_G","Defend_G","Defend_G","Survivor","Neutralize+1","Poisoned Stab","Sucker Punch","Quick Slash","Decay","Malaise"],"relics":["Ring of the Snake","NeowsBlessing","Golden Idol","MealTicket","WarpedTongs","Frozen Egg 2","Snake Skull","Tiny Chest"],"acts_visited":["Exordium"],"potions_floor_usage":[13,16],"damage_taken":[{"damage":0,"enemies":"Small Slimes","floor":1,"turns":1},{"damage":0,"enemies":"Lagavulin","floor":7,"turns":2},{"damage":0,"enemies":"Jaw Worm","floor":8,"turns":1},{"damage":0,"enemies":"2 Louse","floor":12,"turns":2},{"damage":26,"enemies":"3 Sentries","floor":13,"turns":9},{"damage":16,"enemies":"Gremlin Gang","floor":14,"turns":5},{"damage":38,"enemies":"Hexaghost","floor":16,"turns":14}],"seed_played":"2044983492708342292","potions_obtained":[{"floor":1,"key":"FearPotion"},{"floor":8,"key":"ColorlessPotion"}],"is_trial":false,"path_per_floor":["M","?","T","$","?","R","E","M","T","?","$","M","E","M","R","B"],"character_chosen":"THE_SILENT","items_purchased":[],"campfire_rested":1,"item_purchase_floors":[],"current_hp_per_floor":[59,59,59,60,60,60,60,60,60,60,60,60,34,18,36,0,0],"gold":114,"neow_bonus":"THREE_ENEMY_KILL","is_daily":false,"chose_seed":false,"campfire_upgraded":1,"win_rate":0.0,"timestamp":1608689491,"path_taken":["M","?","?","?","?","R","E","?","T","?","$","M","E","M","R","BOSS"],"items_purchased_type":[],"build_version":"2020-12-13","purchased_purges":2,"victory":false,"max_hp_per_floor":[66,60,60,60,60,60,60,60,60,60,60,60,60,60,60,60,60],"relic_stats":{"counters":[7,34],"Golden Idol":26,"MealTicket":1,"Tiny Chest":0,"Snake Skull":[8],"obtain_stats":[{"NeowsBlessing":0,"Golden Idol":2,"MealTicket":3,"Tiny Chest":13,"Snake Skull":9,"Frozen Egg 2":7,"Ring of the Snake":0,"WarpedTongs":5},{"NeowsBlessing":0,"Golden Idol":1,"MealTicket":1,"Tiny Chest":5,"Snake Skull":3,"Frozen Egg 2":2,"Ring of the Snake":0,"WarpedTongs":1},{"NeowsBlessing":0,"Golden Idol":1,"MealTicket":1,"Tiny Chest":15,"Snake Skull":4,"Frozen Egg 2":3,"Ring of the Snake":0,"WarpedTongs":1}],"Ring of the Snake":[14],"WarpedTongs":[31]},"card_choices":[{"not_picked":["Outmaneuver","Backflip"],"picked":"Poisoned Stab","floor":1},{"not_picked":["Flying Knee","Cloak And Dagger"],"picked":"Sucker Punch","floor":7},{"not_picked":["Tactician","Concentrate"],"picked":"Quick Slash","floor":8},{"not_picked":["Quick Slash","Finisher","Slice"],"picked":"SKIP","floor":12},{"not_picked":["Prepared","Backflip"],"picked":"Malaise","floor":13},{"not_picked":["Blade Dance","Quick Slash","Riddle With Holes"],"picked":"SKIP","floor":14}],"player_experience":2835401,"relics_obtained":[{"floor":3,"key":"MealTicket"},{"floor":7,"key":"Frozen Egg 2"},{"floor":9,"key":"Snake Skull"},{"floor":13,"key":"Tiny Chest"}],"event_choices":[{"damage_healed":0,"gold_gain":0,"player_choice":"Lose Max HP","damage_taken":0,"relics_obtained":["Golden Idol"],"max_hp_gain":0,"max_hp_loss":6,"event_name":"Golden Idol","floor":2,"gold_loss":0},{"damage_healed":0,"gold_gain":0,"player_choice":"Rummage","damage_taken":0,"relics_obtained":["WarpedTongs"],"max_hp_gain":0,"max_hp_loss":0,"event_name":"Accursed Blacksmith","floor":5,"gold_loss":0,"cards_obtained":["Pain"]},{"damage_healed":0,"gold_gain":0,"player_choice":"Cursed","damage_taken":0,"max_hp_gain":0,"max_hp_loss":0,"event_name":"Wheel of Change","floor":10,"gold_loss":0,"cards_obtained":["Decay"]}],"is_beta":false,"boss_relics":[],"items_purged_floors":[4,11],"is_endless":false,"potions_floor_spawned":[1,8],"killed_by":"Hexaghost","ascension_level":20}}