{"host":"5iqr6jnxsq1ojyp4","time":1608708707,"event":{"mods":["AchievementEnabler","BaseMod","Better Altar","Better Match","Better Note","Better Sensory Stone","Better Skull","Better Third Choice","BetterRewards","Block Reminder","CCEM","Colored Map","Colored Powertips","Downfall","Googly Eyes","Highlight Path","Minty Spire (QoL Compilation)","Permanent Neow","Quick Restart","Rare Cards Sparkle","Relic Stats","Replay The Spire","StSLib","Unceasing Turn Reminder"],"gold_per_floor":[99,119,131,131,143,169,242,21,21,21,21,40,52,72,91,191,191,41,53,65,65,75,75,75,101,120,120,120,120],"floor_reached":27,"playtime":2199,"items_purged":[],"score":287,"play_id":"f137941b-ad8c-4a76-8670-5921c871c44c","local_time":"20201222233147","is_ascension_mode":false,"campfire_choices":[{"data":"Slimebound:MinionMaster","floor":1,"key":"SMITH"},{"data":"Slimebound:CorrosiveSpit","floor":10,"key":"SMITH"},{"data":"Slimebound:MassFeed","floor":18,"key":"SMITH"}],"circlet_count":0,"master_deck":["Slimebound:Strike_Slimebound","Slimebound:Strike_Slimebound","Slimebound:Tackle","Slimebound:Defend_Slimebound","Slimebound:Defend_Slimebound","Slimebound:Defend_Slimebound","Slimebound:Defend_Slimebound","Slimebound:Split+1","Slimebound:CorrosiveSpit+1","Slimebound:MinionMaster+1","Slimebound:ItLooksTasty","Slimebound:LeadByExample","Slimebound:SplitMire","Slimebound:SplitMire","Slimebound:SamplingLick","Slimebound:LeechingTouch","Slimebound:Replication","Slimebound:SplitBruiser","Slimebound:MassFeed+1","Guardian:ConstructionForm+1","Slimebound:SlimeSpikes","Slimebound:HauntingLick","Slimebound:Gluttony+1"],"relics":["Slimebound:AbsorbEndCombat","Happy Flower","Bronze Scales","Black Star","downfall:HeartBlessingBlue","downfall:HeartBlessingGreen","Mango","Replay:Wax Seal","Bag of Marbles"],"acts_visited":["Exordium","TheCity"],"potions_floor_usage":[6,15,25,25,26,26],"damage_taken":[{"damage":15,"enemies":"Small Slimes","floor":2,"turns":4},{"damage":4,"enemies":"2 Louse","floor":3,"turns":3},{"damage":5,"enemies":"Cultist","floor":5,"turns":4},{"damage":25,"enemies":"Lagavulin","floor":6,"turns":7},{"damage":17,"enemies":"downfall:FleeingMerchant","floor":8,"turns":4},{"damage":26,"enemies":"Lots of Slimes","floor":12,"turns":4},{"damage":19,"enemies":"Exordium Thugs","floor":13,"turns":3},{"damage":11,"enemies":"Exordium Wildlife","floor":14,"turns":4},{"damage":8,"enemies":"Blue Slaver","floor":15,"turns":1},{"damage":69,"enemies":"downfall:Silent","floor":16,"turns":5},{"damage":21,"enemies":"3 Byrds","floor":19,"turns":3},{"damage":36,"enemies":"Spheric Guardian","floor":20,"turns":4},{"damage":54,"enemies":"Cultist and Chosen","floor":22,"turns":6},{"damage":57,"enemies":"Slavers","floor":25,"turns":6},{"damage":39,"enemies":"Snecko","floor":26,"turns":6},{"damage":30,"enemies":"Gremlin Leader","floor":27,"turns":2}],"seed_played":"4260998081211755301","potions_obtained":[{"floor":2,"key":"Dexterity Potion"},{"floor":3,"key":"Milkshake"},{"floor":14,"key":"Slimebound:ThreeZeroPotion"},{"floor":20,"key":"Adrenaline Potion"},{"floor":23,"key":"CultistPotion"},{"floor":25,"key":"sneckomod:MuddlingPotion"}],"is_trial":false,"path_per_floor":["R","M","M","?","M","E","T","$","?","R","?","M","M","M","M","B",null,"R","M","M","?","M","?","T","E","M","E"],"character_chosen":"SLIMEBOUND","items_purchased":["Bronze Scales","Slimebound:LeechingTouch"],"campfire_rested":0,"item_purchase_floors":[8,8],"current_hp_per_floor":[60,52,60,60,60,60,60,60,65,65,65,61,62,65,65,40,65,75,66,54,54,36,36,50,31,28,0,0,0],"gold":120,"neow_bonus":"ONE_RANDOM_RARE_CARD","is_daily":false,"chose_seed":false,"campfire_upgraded":3,"win_rate":0.0,"timestamp":1608708707,"path_taken":["R","M","M","?","M","E","T","$","?","R","?","?","M","M","M","BOSS","R","M","?","?","M","?","T","E","M","E"],"items_purchased_type":["Relic","Card"],"build_version":"2020-12-22","purchased_purges":0,"victory":false,"max_hp_per_floor":[60,60,60,60,60,60,60,60,65,65,65,65,65,65,65,65,65,75,75,75,75,79,79,93,101,101,101,101,101],"relic_stats":{"Happy Flower":[16],"counters":[16,65],"Bronze Scales":[185],"Black Star":1,"obtain_stats":[{"Happy Flower":6,"downfall:HeartBlessingBlue":18,"Bronze Scales":8,"downfall:HeartBlessingGreen":18,"Mango":24,"Slimebound:AbsorbEndCombat":0,"Black Star":17,"Bag of Marbles":25,"Replay:Wax Seal":25},{"Happy Flower":4,"downfall:HeartBlessingBlue":10,"Bronze Scales":5,"downfall:HeartBlessingGreen":10,"Mango":13,"Slimebound:AbsorbEndCombat":0,"Black Star":10,"Bag of Marbles":14,"Replay:Wax Seal":14},{"Happy Flower":18,"downfall:HeartBlessingBlue":38,"Bronze Scales":22,"downfall:HeartBlessingGreen":38,"Mango":51,"Slimebound:AbsorbEndCombat":0,"Black Star":38,"Bag of Marbles":57,"Replay:Wax Seal":57}]},"card_choices":[{"not_picked":["Slimebound:SplitLeeching","Slimebound:DivideAndConquer"],"picked":"Slimebound:ItLooksTasty","floor":2},{"not_picked":["Slimebound:LeechEnergy","Slimebound:GrowthPunch"],"picked":"Slimebound:LeadByExample","floor":3},{"not_picked":["Slimebound:GrowthPunch","Slimebound:ForwardTackle"],"picked":"Slimebound:SplitMire","floor":5},{"not_picked":["Slimebound:RollThrough","Slimebound:DisruptingSlam"],"picked":"Slimebound:SplitMire","floor":6},{"not_picked":["Slimebound:AcidTongue","Slimebound:ItLooksTasty"],"picked":"Slimebound:SamplingLick","floor":8},{"not_picked":["Slimebound:AcidTongue","Slimebound:LeechingTouch"],"picked":"Slimebound:Replication","floor":12},{"not_picked":["Slimebound:RollThrough","Slimebound:Replication","Slimebound:PressTheAttack"],"picked":"SKIP","floor":13},{"not_picked":["Slimebound:GoopSpray","Slimebound:GrowthPunch"],"picked":"Slimebound:SplitBruiser","floor":14},{"not_picked":["Slimebound:ForwardTackle","Slimebound:ServeAndProtect","Slimebound:GoopTackle"],"picked":"SKIP","floor":15},{"not_picked":["Slimebound:MassRepurpose","Slimebound:Overexert"],"picked":"Slimebound:MassFeed","floor":16},{"not_picked":["Slimebound:DisruptingSlam","Slimebound:SamplingLick","Slimebound:ServeAndProtect+1"],"picked":"SKIP","floor":19},{"not_picked":["Slimebound:ForwardTackle+1","Slimebound:SamplingLick","Slimebound:SplitAcid"],"picked":"SKIP","floor":20},{"not_picked":["Slimebound:GrowthPunch","Slimebound:SamplingLick"],"picked":"Slimebound:SlimeSpikes","floor":22},{"not_picked":["Slimebound:DisruptingSlam","Slimebound:SplitLeeching"],"picked":"Slimebound:HauntingLick","floor":25},{"not_picked":["Slimebound:Grow+1","Slimebound:Prepare"],"picked":"Slimebound:Gluttony+1","floor":26}],"player_experience":292390,"relics_obtained":[{"floor":6,"key":"Happy Flower"},{"floor":24,"key":"Mango"},{"floor":25,"key":"Replay:Wax Seal"},{"floor":25,"key":"Bag of Marbles"}],"event_choices":[{"damage_healed":0,"gold_gain":0,"player_choice":"Donut","damage_taken":0,"max_hp_gain":5,"max_hp_loss":0,"event_name":"Big Fish","floor":9,"gold_loss":0},{"damage_healed":0,"gold_gain":0,"player_choice":"Forge","damage_taken":0,"max_hp_gain":0,"max_hp_loss":0,"event_name":"Accursed Blacksmith","floor":11,"gold_loss":0,"cards_upgraded":["Slimebound:Split"]},{"cards_removed":["Slimebound:SplitMire"],"damage_healed":0,"gold_gain":0,"player_choice":"Take \u0026 Give","damage_taken":0,"max_hp_gain":0,"max_hp_loss":0,"event_name":"betterNote:BetterNote","floor":21,"gold_loss":0,"cards_obtained":["Guardian:ConstructionForm"]}],"is_beta":false,"boss_relics":[{"not_picked":["Cursed Key","Ectoplasm"],"picked":"Black Star"}],"items_purged_floors":[],"is_endless":false,"potions_floor_spawned":[2,3,14,20,25],"killed_by":"Gremlin Leader","ascension_level":0}}