{"host":"axbb6sj12fvt0d3b","time":1608696868,"event":{"mods":["AchievementEnabler","BaseMod","Better Altar","Better Match","Better Note","Better Sensory Stone","Better Skull","Better Third Choice","BetterRewards","Colored Map","Conspire","Downfall","Hermit","Highlight Path","Infinite Spire","Mimic Mod","Minty Spire (QoL Compilation)","Replay The Spire","Shop Mod","Spicy Shops","StSLib","The Cursed","The Jungle","The Runesmith","The Sage"],"gold_per_floor":[110,172,188,203,220,220,220,220],"floor_reached":7,"playtime":512,"items_purged":[],"score":43,"play_id":"fdca80c6-8ac4-4c60-85f3-b6ffa348afb6","local_time":"20201222221428","is_ascension_mode":false,"campfire_choices":[{"floor":6,"key":"REST"}],"circlet_count":0,"master_deck":["Runesmith:Strike_RS","Runesmith:Strike_RS","Runesmith:Strike_RS","Runesmith:Defend_RS","Runesmith:Defend_RS","Runesmith:Defend_RS+1","Runesmith:Defend_RS","Runesmith:CraftFirestone","Runesmith:Fortify","Runesmith:PoweredAnvil","Runesmith:EnergizedChisel","Runesmith:HeatedChisel","Runesmith:CraftProtectio","Runesmith:CraftReservo","Runesmith:Grindstone","Runesmith:CraftMagma"],"relics":["Runesmith:BrokenRuby","Gremlin Food"],"acts_visited":["Exordium"],"potions_floor_usage":[5],"damage_taken":[{"damage":0,"enemies":"conspire:RoseBush","floor":1,"turns":4},{"damage":0,"enemies":"Cultist","floor":3,"turns":4},{"damage":3,"enemies":"2 Louse","floor":4,"turns":5},{"damage":13,"enemies":"2 Fungi Beasts","floor":5,"turns":5},{"damage":0,"enemies":"Gremlin Nob","floor":7,"turns":3}],"seed_played":"2508824414303209864","potions_obtained":[{"floor":2,"key":"Swift Potion"},{"floor":4,"key":"Reflective Coating"}],"is_trial":false,"path_per_floor":["M","?","M","M","M","R","E"],"character_chosen":"RUNESMITH_CLASS","items_purchased":[],"campfire_rested":1,"item_purchase_floors":[],"current_hp_per_floor":[70,53,53,50,37,58,58,58],"gold":220,"neow_bonus":"TRANSFORM_CARD","is_daily":false,"chose_seed":false,"campfire_upgraded":0,"win_rate":0.0,"timestamp":1608696868,"path_taken":["M","?","M","M","?","R","E"],"items_purchased_type":[],"build_version":"2020-12-13","purchased_purges":0,"victory":false,"max_hp_per_floor":[70,70,70,70,70,70,70,70],"card_choices":[{"not_picked":["Runesmith:Malloc","Runesmith:UnstableHammer"],"picked":"Runesmith:EnergizedChisel","floor":1},{"not_picked":["Runesmith:RuneHurl","Runesmith:CraftMagma"],"picked":"Runesmith:HeatedChisel","floor":2},{"not_picked":["Runesmith:GoWithTheFlow","Runesmith:DoubleUp"],"picked":"Runesmith:CraftProtectio","floor":2},{"not_picked":["Runesmith:RunicBlueprint","Runesmith:CraftVitae"],"picked":"Runesmith:CraftReservo","floor":3},{"not_picked":["Runesmith:UnstableHammer","Runesmith:Accelerate"],"picked":"Runesmith:Grindstone","floor":4},{"not_picked":["Runesmith:HammerTime","Runesmith:StaticCage"],"picked":"Runesmith:CraftMagma","floor":5}],"player_experience":108656,"relics_obtained":[{"floor":2,"key":"Gremlin Food"}],"event_choices":[],"is_beta":false,"boss_relics":[],"items_purged_floors":[],"is_endless":false,"potions_floor_spawned":[4],"killed_by":"Gremlin Nob","ascension_level":0}}