{"host":"nox","time":1608685855,"event":{"mods":["Aspiration","BaseMod","Better Third Choice","Colored Powertips","Conspire","Hubris","Infinite Spire","Minty Spire (QoL Compilation)","Quick Restart","Rare Cards Sparkle","Replay The Spire","Shop Mod","Spikes Relics","StSLib","SuperFastMode","The Alterego","vexMod"],"gold_per_floor":[112,112,112,37,56,83,83,83,83,83,83,100,132,144,144,144,144],"floor_reached":16,"playtime":651,"items_purged":["Defend_G"],"score":130,"play_id":"a04d2b90-8eb4-4eac-a32d-ceee1956223c","local_time":"20201223081055","is_ascension_mode":true,"campfire_choices":[{"data":"Neutralize","floor":7.0,"key":"SMITH"},{"floor":10,"key":"RECALL"},{"floor":15,"key":"REST"}],"circlet_count":0,"master_deck":["Strike_G","Strike_G","Strike_G","Strike_G","Strike_G","Defend_G","Defend_G","Survivor","Neutralize+1","Slice","Slice","Pot Of Greed","Slice","Pot Of Greed","Delirium","Noxious Fumes","Quick Slash"],"relics":["Ring of the Snake","Grinning Jar","Ring of Fury","Torii","Counterbalance"],"acts_visited":["Exordium"],"potions_floor_usage":[16],"damage_taken":[{"damage":6.0,"enemies":"Jaw Worm","floor":1.0,"turns":5.0},{"damage":0.0,"enemies":"2 Louse","floor":5.0,"turns":3.0},{"damage":23.0,"enemies":"Gremlin Nob","floor":6.0,"turns":4.0},{"damage":1,"enemies":"Small Slimes","floor":12,"turns":2},{"damage":27,"enemies":"Lagavulin","floor":13,"turns":5},{"damage":1,"enemies":"Looter","floor":14,"turns":2},{"damage":44,"enemies":"The Guardian","floor":16,"turns":10}],"seed_played":"4234784375050851203","potions_obtained":[{"floor":5.0,"key":"Poison Potion"},{"floor":13,"key":"GhostInAJar"}],"is_trial":false,"path_per_floor":["M","?","?","$","M","E","R","?","T","R","$","M","E","M","R","B"],"character_chosen":"THE_SILENT","items_purchased":[],"campfire_rested":1,"item_purchase_floors":[],"current_hp_per_floor":[71,71,71,71,71,48,48,48,48,48,48,47,20,19,42,0,0],"gold":144,"neow_bonus":"TEN_PERCENT_HP_BONUS","is_daily":false,"chose_seed":false,"campfire_upgraded":1,"win_rate":0.0,"timestamp":1608685855,"path_taken":["M","?","?","$","M","E","R","?","T","R","$","M","E","M","R","BOSS"],"items_purchased_type":[],"build_version":"2020-11-17","purchased_purges":1,"victory":false,"max_hp_per_floor":[77,77,77,77,77,77,77,77,77,77,77,77,77,77,77,77,77],"card_choices":[{"not_picked":["Dodge and Roll","Hidden Blade"],"picked":"Slice","floor":1.0},{"not_picked":["Outmaneuver","Fluid Movement"],"picked":"Slice","floor":5.0},{"not_picked":["Blur","Prepared"],"picked":"Slice","floor":6.0},{"not_picked":["Dagger Throw","Leg Sweep"],"picked":"Noxious Fumes","floor":12},{"not_picked":["ReplayTheSpireMod:Necrosis","Acrobatics"],"picked":"Quick Slash","floor":13},{"not_picked":["Endless Agony","Deadly Poison","hubris:Sniper"],"picked":"SKIP","floor":14}],"player_experience":226494,"relics_obtained":[{"floor":6.0,"key":"Grinning Jar"},{"floor":8,"key":"Ring of Fury"},{"floor":9,"key":"Torii"},{"floor":13,"key":"Counterbalance"}],"event_choices":[{"cards_removed":["Defend_G"],"damage_healed":0.0,"max_hp_gain":0.0,"max_hp_loss":0.0,"gold_gain":0.0,"event_name":"Living Wall","player_choice":"Forget","floor":3.0,"gold_loss":0.0,"damage_taken":0.0}],"is_beta":true,"boss_relics":[],"items_purged_floors":[4],"is_endless":false,"potions_floor_spawned":[5,13],"killed_by":"The Guardian","ascension_level":4}}