{"host":"omv42op7s93bjjql","time":1608717613,"event":{"mods":["BaseMod","Colored Map","Colored Powertips","DeckTracker","Keyboard Shortcuts","Minty Spire (QoL Compilation)","StSLib","SuperFastMode"],"gold_per_floor":[113,113,132,150,170,195,195,195,195,195,220,220,264,189,189,285,285,309,309,309,322,237,237,237],"floor_reached":23,"playtime":756,"items_purged":[],"score":501,"play_id":"4efbab4a-4ebf-4555-af42-8f4a078b688a","local_time":"20201223190013","is_ascension_mode":true,"campfire_choices":[{"floor":7,"key":"REST"},{"data":"CrushJoints","floor":10,"key":"SMITH"},{"data":"EmptyFist","floor":15,"key":"SMITH"}],"circlet_count":0,"master_deck":["AscendersBane","Strike_P","Strike_P","Strike_P","Defend_P","Defend_P","Defend_P","Eruption+1","Vigilance","MentalFortress","CrushJoints+1","EmptyMind","InnerPeace","EmptyFist+1","LikeWater","Omniscience","EmptyMind+1","Tantrum","ReachHeaven","TalkToTheHand"],"relics":["HolyWater","WingedGreaves","Ancient Tea Set","Mummified Hand","Mercury Hourglass","Golden Idol","Pear","CeramicFish"],"acts_visited":["Exordium","TheCity"],"potions_floor_usage":[6,11,16],"damage_taken":[{"damage":7,"enemies":"2 Louse","floor":1,"turns":3},{"damage":1,"enemies":"Cultist","floor":3,"turns":3},{"damage":13,"enemies":"Jaw Worm","floor":4,"turns":4},{"damage":15,"enemies":"3 Louse","floor":5,"turns":5},{"damage":19,"enemies":"3 Sentries","floor":6,"turns":9},{"damage":5,"enemies":"Gremlin Nob","floor":11,"turns":3},{"damage":4,"enemies":"3 Sentries","floor":13,"turns":7},{"damage":0,"enemies":"Slime Boss","floor":16,"turns":7},{"damage":30,"enemies":"Shell Parasite","floor":18,"turns":4},{"damage":0,"enemies":"Chosen","floor":21,"turns":2},{"damage":42,"enemies":"Book of Stabbing","floor":23,"turns":5}],"seed_played":"2096349525727695148","potions_obtained":[{"floor":3,"key":"BlessingOfTheForge"},{"floor":5,"key":"FearPotion"},{"floor":11,"key":"LiquidMemories"}],"is_trial":false,"path_per_floor":["M","?","M","M","M","E","R","?","T","R","E","?","E","?","R","B",null,"M","?","?","M","?","E"],"character_chosen":"WATCHER","items_purchased":[],"campfire_rested":1,"item_purchase_floors":[],"current_hp_per_floor":[54,54,53,40,25,6,24,29,29,29,24,24,30,30,30,30,61,31,31,31,31,31,0,0],"gold":237,"neow_bonus":"ONE_RARE_RELIC","is_daily":false,"chose_seed":false,"campfire_upgraded":2,"win_rate":0.0,"timestamp":1608717613,"path_taken":["M","?","?","M","M","E","R","?","T","R","E","?","E","?","R","BOSS","M","?","?","?","?","E"],"items_purchased_type":[],"build_version":"2020-12-22","purchased_purges":0,"victory":false,"max_hp_per_floor":[62,62,62,62,62,62,62,67,67,67,67,61,71,71,71,71,71,71,71,71,71,71,71,71],"card_choices":[{"not_picked":["CutThroughFate","WaveOfTheHand"],"picked":"MentalFortress","floor":1},{"not_picked":["SandsOfTime","ClearTheMind"],"picked":"CrushJoints","floor":3},{"not_picked":["TalkToTheHand","Evaluate"],"picked":"EmptyMind","floor":4},{"not_picked":["FollowUp","Consecrate"],"picked":"InnerPeace","floor":5},{"not_picked":["SignatureMove","Fasting2"],"picked":"EmptyFist","floor":6},{"not_picked":["JustLucky","ClearTheMind","EmptyFist"],"picked":"SKIP","floor":11},{"not_picked":["ClearTheMind","Weave"],"picked":"LikeWater","floor":13},{"not_picked":["LessonLearned","Establishment"],"picked":"Omniscience","floor":16},{"not_picked":["EmptyFist","ThirdEye+1"],"picked":"EmptyMind+1","floor":18},{"not_picked":["EmptyFist","EmptyMind"],"picked":"TalkToTheHand","floor":21}],"player_experience":830932,"relics_obtained":[{"floor":6,"key":"Ancient Tea Set"},{"floor":9,"key":"Mummified Hand"},{"floor":11,"key":"Mercury Hourglass"},{"floor":13,"key":"Pear"}],"event_choices":[{"damage_healed":0,"gold_gain":0,"player_choice":"Upgraded","damage_taken":0,"max_hp_gain":0,"max_hp_loss":0,"event_name":"Upgrade Shrine","floor":2,"gold_loss":0,"cards_upgraded":["Eruption"]},{"damage_healed":0,"gold_gain":0,"player_choice":"Donut","damage_taken":0,"max_hp_gain":5,"max_hp_loss":0,"event_name":"Big Fish","floor":8,"gold_loss":0},{"damage_healed":0,"gold_gain":0,"player_choice":"Lose Max HP","damage_taken":0,"relics_obtained":["Golden Idol"],"max_hp_gain":0,"max_hp_loss":6,"event_name":"Golden Idol","floor":12,"gold_loss":0},{"cards_removed":["Defend_P"],"damage_healed":0,"gold_gain":0,"player_choice":"Card Removal","damage_taken":0,"max_hp_gain":0,"max_hp_loss":0,"event_name":"The Cleric","floor":14,"gold_loss":75},{"damage_healed":0,"gold_gain":0,"player_choice":"Read","damage_taken":0,"max_hp_gain":0,"max_hp_loss":0,"event_name":"The Library","floor":19,"gold_loss":0,"cards_obtained":["Tantrum"]},{"damage_healed":0,"gold_gain":0,"cards_transformed":["Strike_P"],"player_choice":"Transformed","damage_taken":0,"max_hp_gain":0,"max_hp_loss":0,"event_name":"Transmorgrifier","floor":20,"gold_loss":0,"cards_obtained":["ReachHeaven"]},{"damage_healed":0,"gold_gain":0,"player_choice":"Obtained Relic","damage_taken":0,"relics_obtained":["CeramicFish"],"max_hp_gain":0,"max_hp_loss":0,"event_name":"Addict","floor":22,"gold_loss":85}],"is_beta":false,"boss_relics":[{"not_picked":["Runic Dome","Runic Pyramid"],"picked":"HolyWater"}],"items_purged_floors":[],"is_endless":false,"potions_floor_spawned":[3,5,11],"killed_by":"Book of Stabbing","ascension_level":19}}