{"host":"rwzz6mk6bpmb57ql","time":1608695311,"event":{"mods":["AchievementEnabler","BaseMod","BetterRewards","Colored Map","Highlight Path","Hubris","Minty Spire (QoL Compilation)","Replay The Spire","StSLib"],"gold_per_floor":[6114,6066,6066,5446,5371,5402,5402,5431,5455,5466,5486,5511,4915,4925,4925,4999,4999,5019,4308,4308,4308,4308,4327,3433,3433,3461,3461,3461,3519,3519,3519,3562,3593,3593,3709,3709,3766,3812,3812,3812,3845,3918,3918,4022,4048,4092,3573,3621,3671,3707,3707,3781,3781,3781,3274,3324,3360],"floor_reached":58,"playtime":2180,"items_purged":["Strike_R","Strike_R","Defend_R","Defend_R","Strike_R"],"score":2330,"play_id":"32a711d7-4518-4ede-8984-76bf16140b0c","local_time":"20201222214831","is_ascension_mode":true,"campfire_choices":[{"data":"True Grit","floor":15,"key":"SMITH"},{"floor":25,"key":"RECALL"},{"data":"Whirlwind","floor":27,"key":"SMITH"},{"data":"Flex","floor":34,"key":"SMITH"},{"data":"Demonic Infusion","floor":43,"key":"SMITH"},{"data":"ReplayTheSpireMod:Strike From Hell","floor":51,"key":"SMITH"},{"floor":54,"key":"REST"}],"circlet_count":0,"master_deck":["AscendersBane","Defend_R+1","Bash","Double Tap","ReplayTheSpireMod:Strike From Hell+1","Sword Boomerang+1","True Grit+1","Replay:Many Hands+1","Spot Weakness+1","Flex+1","ReplayTheSpireMod:Limb From Limb","Defy Death","Whirlwind+1","Demonic Infusion+1","ReplayTheSpireMod:Muscle Training"],"relics":["Burning Blood","Potion Belt","Iron Hammer","Question Card","hubris:MedicalManual","ReplayTheSpireMod:Ninjato","Durian","Chemical X","Bronze Scales","Omamori","Runic Cube","hubris:ChampionShield","CaptainsWheel","Medical Kit","Replay:Bottled Snecko","ReplayTheSpireMod:Lightbulb","TheAbacus","Replay:Bandana","Gremlin Horn","hubris:Towel","Enchiridion","Calling Bell","Molten Egg 2","StoneCalendar","Replay:Mystery Machine","MealTicket","Incense Burner","Nunchaku","Pen Nib","Blue Doll","ClockworkSouvenir","Blood Vial","Bag of Marbles","Simple Rune","Sling"],"acts_visited":["Exordium","TheCity","TheBeyond","TheEnding"],"potions_floor_usage":[12,14,16,26,35,35,38,41,41,42,50,52,52,56,57,57,57,57,57,57],"damage_taken":[{"damage":10,"enemies":"Small Slimes","floor":1,"turns":6},{"damage":16,"enemies":"Gremlin Nob","floor":6,"turns":3},{"damage":40,"enemies":"Lagavulin","floor":8,"turns":5},{"damage":12,"enemies":"Jaw Worm","floor":10,"turns":2},{"damage":0,"enemies":"2 Louse","floor":11,"turns":2},{"damage":32,"enemies":"3 Sentries","floor":12,"turns":6},{"damage":2,"enemies":"Red Slaver","floor":14,"turns":2},{"damage":46,"enemies":"The Guardian","floor":16,"turns":8},{"damage":38,"enemies":"Shell Parasite","floor":18,"turns":4},{"damage":11,"enemies":"Spheric Guardian","floor":23,"turns":3},{"damage":31,"enemies":"Slavers","floor":26,"turns":4},{"damage":0,"enemies":"3 Cultists","floor":29,"turns":2},{"damage":9,"enemies":"Snecko","floor":32,"turns":3},{"damage":0,"enemies":"Snake Plant","floor":33,"turns":2},{"damage":1,"enemies":"hubris:MusketHawk","floor":35,"turns":2},{"damage":13,"enemies":"3 Darklings","floor":37,"turns":2},{"damage":10,"enemies":"3 Shapes","floor":38,"turns":2},{"damage":0,"enemies":"Writhing Mass","floor":41,"turns":1},{"damage":1,"enemies":"Reptomancer","floor":42,"turns":2},{"damage":24,"enemies":"2 Orb Walkers","floor":44,"turns":2},{"damage":13,"enemies":"R_Hoarder","floor":48,"turns":3},{"damage":19,"enemies":"Spire Growth","floor":49,"turns":2},{"damage":0,"enemies":"Transient","floor":50,"turns":5},{"damage":21,"enemies":"Awakened One","floor":52,"turns":4},{"damage":21,"enemies":"Shield and Spear","floor":56,"turns":2},{"damage":34,"enemies":"The Heart","floor":57,"turns":5}],"seed_played":"-8891746309769922922","potions_obtained":[{"floor":10,"key":"SkillPotion"},{"floor":12,"key":"Energy Potion"},{"floor":14,"key":"Strength Potion"},{"floor":16,"key":"EssenceOfSteel"},{"floor":23,"key":"Explosive Potion"},{"floor":26,"key":"Fire Potion"},{"floor":33,"key":"Regen Potion"},{"floor":38,"key":"LiquidMemories"},{"floor":41,"key":"Toxic Potion"},{"floor":46,"key":"BlessingOfTheForge"},{"floor":46,"key":"SteroidPotion"},{"floor":49,"key":"HeartOfIron"},{"floor":50,"key":"BlessingOfTheForge"},{"floor":56,"key":"EntropicBrew"}],"is_trial":false,"path_per_floor":["M","?","?","$","?","E","?","E","T","M","M","E","$","M","R","B",null,"M","$","PTL","PTL","?","M","$","R","E","R","T","M","?","?","M","M","R","B",null,"M","M","?","?","M","E","R","?","T","?","$","E","M","M","R","B",null,"R","$","E","B",null],"character_chosen":"IRONCLAD","items_purchased":["Sword Boomerang+1","Iron Hammer","Question Card","Chemical X","Bronze Scales","Omamori","Block Potion","hubris:ChampionShield","CaptainsWheel","Medical Kit","ReplayTheSpireMod:Limb From Limb","Replay:Bottled Snecko","ReplayTheSpireMod:Lightbulb","TheAbacus","Defy Death","Blue Doll","ClockworkSouvenir","Dexterity Potion","Bag of Marbles","Simple Rune","Sling","LifebloodPotion"],"campfire_rested":1,"item_purchase_floors":[4,4,4,13,13,13,13,19,19,19,24,24,24,24,24,47,47,47,55,55,55,55],"current_hp_per_floor":[134,134,134,134,134,124,124,90,90,84,90,69,69,73,73,33,121,130,130,130,130,130,125,125,125,100,100,100,106,106,85,82,88,88,98,137,130,126,126,126,132,137,137,119,119,70,85,78,67,75,75,62,128,150,150,135,109],"gold":3360,"neow_bonus":"TRANSFORM_CARD","is_daily":false,"chose_seed":false,"campfire_upgraded":5,"win_rate":0.0,"timestamp":1608695311,"path_taken":["M","?","?","$","?","E","?","E","T","M","M","E","$","?","R","BOSS","M","$","PTL","PTL","?","M","$","R","E","R","T","M","?","?","M","M","R","BOSS","M","M","?","?","M","E","R","?","T","?","$","E","M","?","R","BOSS","R","$","E","BOSS"],"items_purchased_type":["Card","Relic","Relic","Relic","Relic","Relic","Potion","Relic","Relic","Relic","Card","Relic","Relic","Relic","Card","Relic","Relic","Potion","Relic","Relic","Relic","Potion"],"build_version":"2020-12-13","purchased_purges":5,"victory":true,"max_hp_per_floor":[145,145,145,145,145,145,145,145,145,145,145,150,150,150,150,150,150,150,150,150,150,150,150,150,150,150,150,150,150,150,150,150,150,150,150,150,150,150,150,150,150,150,150,150,150,150,150,150,150,150,150,150,150,150,150,150,150],"card_choices":[{"not_picked":["hubris:ReadiedAction","Sentinel"],"picked":"ReplayTheSpireMod:Strike From Hell","floor":1},{"not_picked":["Wild Strike","Flame Barrier","Armaments","Blood for Blood"],"picked":"SKIP","floor":6},{"not_picked":["Sword Boomerang","Evolve","Carnage"],"picked":"True Grit","floor":8},{"not_picked":["Replay:Undeath\u0027s Touch","Bludgeon","Heavy Blade","Anger"],"picked":"SKIP","floor":10},{"not_picked":["hubris:CleavingFinish","Havoc","Shrug It Off","Infernal Blade"],"picked":"SKIP","floor":11},{"not_picked":["Flex","Cleave","Clothesline","hubris:CleavingFinish"],"picked":"SKIP","floor":12},{"not_picked":["True Grit","Warcry","Anger","Immolate"],"picked":"SKIP","floor":14},{"not_picked":["Brutality","Fiend Fire","Bludgeon"],"picked":"Replay:Many Hands","floor":16},{"not_picked":["Sentinel","ReplayTheSpireMod:LeadingStrike","Havoc"],"picked":"Spot Weakness+1","floor":18},{"not_picked":["Headbutt","Abandon","Body Slam"],"picked":"Flex","floor":23},{"not_picked":["Replay:Many Hands","Rupture","Rampage"],"picked":"Whirlwind","floor":26},{"not_picked":["Anger","Wild Strike","Twin Strike","Combust"],"picked":"SKIP","floor":29},{"not_picked":["Feel No Pain","Twin Strike","hubris:SharpeningStone","Metallicize"],"picked":"SKIP","floor":32},{"not_picked":["ReplayReversal","Power Through","Dual Wield","hubris:ReadiedAction"],"picked":"SKIP","floor":33},{"not_picked":["Barricade","Double Tap","Brutality"],"picked":"Demonic Infusion","floor":35},{"not_picked":["Battle Trance","Feel No Pain","Thunderclap+1"],"picked":"ReplayTheSpireMod:Muscle Training","floor":37},{"not_picked":["Abandon","ReplayTheSpireMod:Strike From Hell+1","Warcry","Blood for Blood+1"],"picked":"SKIP","floor":38},{"not_picked":["Life Link","Power Through","Flame Barrier+1","Replay:Undeath\u0027s Touch+1"],"picked":"SKIP","floor":41},{"not_picked":["Limit Break","Pommel Strike+1","Rupture","Shrug It Off"],"picked":"SKIP","floor":42},{"not_picked":["Warcry","ReplayTheSpireMod:Strike From Hell+1","Dual Wield","Combust"],"picked":"SKIP","floor":48},{"not_picked":["Feel No Pain+1","Bludgeon+1","Body Slam+1","Havoc+1"],"picked":"SKIP","floor":49},{"not_picked":["Run Through+1","ReplayTheSpireMod:Strike From Hell+1","Heavy Blade+1","Second Wind"],"picked":"SKIP","floor":50},{"not_picked":["ReplayTheSpireMod:Muscle Training","Anger+1","True Grit","Run Through+1"],"picked":"SKIP","floor":56}],"player_experience":85648,"relics_obtained":[{"floor":6,"key":"hubris:MedicalManual"},{"floor":8,"key":"ReplayTheSpireMod:Ninjato"},{"floor":12,"key":"Durian"},{"floor":26,"key":"Replay:Bandana"},{"floor":28,"key":"Gremlin Horn"},{"floor":31,"key":"Enchiridion"},{"floor":36,"key":"Molten Egg 2"},{"floor":36,"key":"StoneCalendar"},{"floor":36,"key":"Replay:Mystery Machine"},{"floor":42,"key":"MealTicket"},{"floor":44,"key":"Incense Burner"},{"floor":45,"key":"Nunchaku"},{"floor":46,"key":"Pen Nib"},{"floor":48,"key":"Blood Vial"}],"event_choices":[{"damage_healed":0,"gold_gain":0,"player_choice":"Left Gold","damage_taken":0,"max_hp_gain":0,"max_hp_loss":0,"event_name":"World of Goop","floor":2,"gold_loss":48},{"damage_healed":0,"gold_gain":0,"player_choice":"Ignored","damage_taken":0,"max_hp_gain":0,"max_hp_loss":0,"event_name":"Liars Game","floor":3,"gold_loss":0},{"cards_removed":["Strike_R"],"damage_healed":0,"gold_gain":0,"player_choice":"Card Removal","damage_taken":0,"max_hp_gain":0,"max_hp_loss":0,"event_name":"The Cleric","floor":5,"gold_loss":75},{"cards_removed":["Defend_R"],"damage_healed":0,"gold_gain":0,"player_choice":"Purged","damage_taken":0,"max_hp_gain":0,"max_hp_loss":0,"event_name":"Purifier","floor":7,"gold_loss":0},{"damage_healed":0,"gold_gain":0,"player_choice":"Obtained Book","damage_taken":21,"max_hp_gain":0,"max_hp_loss":0,"event_name":"Cursed Tome","floor":31,"gold_loss":0},{"damage_healed":0,"gold_gain":0,"player_choice":"Ignored","damage_taken":0,"max_hp_gain":0,"max_hp_loss":0,"event_name":"Tomb of Lord Red Mask","floor":40,"gold_loss":0},{"damage_healed":0,"gold_gain":0,"player_choice":"Fight","damage_taken":0,"max_hp_gain":0,"max_hp_loss":0,"event_name":"Mysterious Sphere","floor":44,"gold_loss":0}],"is_beta":false,"boss_relics":[{"not_picked":["Replay:Drink Me","ChewingGum"],"picked":"Runic Cube"},{"not_picked":["Electric Blood","hubris:CrackedHourglass"],"picked":"Calling Bell"}],"items_purged_floors":[4,13,19,24,47],"is_endless":false,"potions_floor_spawned":[10,12,14,16,23,26,33,38,41,49,50,56],"ascension_level":15}}