{"host":"h5acbxt0wmjo1kpm","time":1608723136,"event":{"mods":["2.2 Compatiblity","Act Like it!","AlwaysNeverKeys","Aspiration","Bartender","BaseMod","Better Third Choice","Colored Map","Elementarium","Gensokyo","GifTheSpireLib","Hallownest","Marisa????????","Minty Spire (QoL Compilation)","Permanent Neow","Potionbrewer","Relic Filter","Replay The Spire","Robot Space Explorer","RumiaBox-????????","Shade Mod","Spicy Shops","StSLib","Strawberry Spire","The Blackbeard","The Dragon Tamer","The Forsaken","The Gatherer","The Problem Sleuth","The Servant 0.9.4","Wandering Minibosses","vexMod"],"gold_per_floor":[115,115,330,157,17,17,45,45,45,45,63,26,45,0,0,103,103,103,103],"floor_reached":18,"playtime":791,"items_purged":["Pain"],"score":232,"play_id":"2576c5e0-5499-4fff-bb7d-c362cab33c4c","local_time":"20201223033216","is_ascension_mode":true,"campfire_choices":[{"data":"Neutralize","floor":6,"key":"SMITH"},{"floor":8,"key":"REST"},{"data":"strawberrySpire:SideSwipe","floor":15,"key":"SMITH"}],"circlet_count":0,"master_deck":["AscendersBane","Strike_G","Strike_G","Defend_G","Defend_G","Defend_G","Defend_G","Defend_G","Neutralize+1","strawberrySpire:SideSwipe+1","Leg Sweep","After Image","Footwork","Gensokyo:ScrapIron","Terror","Bullet Time","Deflect+1","Wraith Form v2+1","Acrobatics+1"],"relics":["Ring of the Snake","aspiration:DSix","Baka","Vampiric Spirits","Gensokyo:Justice","Quantum Egg","Calipers","GodSword3","Gensokyo:NagashiBinaDoll","Astrolabe"],"acts_visited":["Gensokyo:Gensokyo","TheCity"],"potions_floor_usage":[],"damage_taken":[{"damage":11,"enemies":"Gensokyo:Gryphon","floor":1,"turns":5},{"damage":0,"enemies":"Gensokyo:3_Fairies","floor":3,"turns":2},{"damage":40,"enemies":"Gensokyo:Aya","floor":7,"turns":9},{"damage":0,"enemies":"Gensokyo:2_Kodama","floor":11,"turns":5},{"damage":7,"enemies":"Gensokyo:2_Rabbits","floor":13,"turns":5},{"damage":53,"enemies":"Gensokyo:Yukari","floor":16,"turns":15},{"damage":0,"enemies":"2 Thieves","floor":18,"turns":1}],"seed_played":"6028929160494765820","potions_obtained":[{"floor":13,"key":"Reflective Coating"},{"floor":16,"key":"Elixir"}],"is_trial":false,"path_per_floor":["M","?","M","$","?","R","E","R","T","?","M","COS","M","?","R","B",null,"M"],"character_chosen":"THE_SILENT","items_purchased":["Quantum Egg"],"campfire_rested":1,"item_purchase_floors":[4],"current_hp_per_floor":[52,52,55,55,55,55,15,36,36,36,50,50,43,65,65,15,56,57,57],"gold":103,"neow_bonus":"DSIX","is_daily":false,"chose_seed":false,"campfire_upgraded":2,"win_rate":0.0,"timestamp":1608723136,"path_taken":["M","?","?","$","?","R","E","R","T","?","?","COS","M","?","R","BOSS","M"],"items_purchased_type":["Relic"],"build_version":"2020-12-22","purchased_purges":1,"victory":false,"max_hp_per_floor":[70,70,70,70,70,70,70,70,70,70,70,70,70,70,70,70,70,70,70],"card_choices":[{"not_picked":["Blade Dance","Cloak And Dagger"],"picked":"strawberrySpire:SideSwipe","floor":1},{"not_picked":["Acrobatics","Sucker Punch"],"picked":"Leg Sweep","floor":3},{"not_picked":["ReplayTheSpireMod:The Works","strawberrySpire:Pant"],"picked":"After Image","floor":7},{"not_picked":["strawberrySpire:Pant","strawberrySpire:Plunge"],"picked":"Footwork","floor":11},{"not_picked":["Poisoned Stab","strawberrySpire:Fastroyer"],"picked":"Terror","floor":13},{"not_picked":["Poison Darts","ReplayTheSpireMod:From All Sides"],"picked":"Bullet Time","floor":16}],"player_experience":1923386,"relics_obtained":[{"floor":1,"key":"Baka"},{"floor":1,"key":"Vampiric Spirits"},{"floor":7,"key":"GodSword3"}],"event_choices":[],"is_beta":false,"boss_relics":[{"not_picked":["Runic Pyramid","vexMod:CursedCompass"],"picked":"Astrolabe"}],"items_purged_floors":[4],"is_endless":false,"potions_floor_spawned":[13,16],"killed_by":"2 Thieves","ascension_level":10}}