{"host":"nnxvcju6x1qybncj","time":1608754359,"event":{"mods":["BaseMod","Displayed Cursed Tome","Downfall","Jorbs\u0027s Wanderer Trilogy","Minty Spire (QoL Compilation)","Quick Restart","StSLib","The Construct","The Cursed","The Disciple","The Hierophant","The Judge","The Necromancer","The Spell Scribe","TheFirefly"],"gold_per_floor":[99,113,130,130,130,150,177,177,177,56,56,75,75,90,107,208,208,208,41,41,55,55,55,80,97,97,126,126,126,126,143,153,153,153,153],"floor_reached":33,"playtime":1885,"items_purged":[],"score":255,"play_id":"a7915098-b48a-466f-a6b2-c4c9ba2eaf57","local_time":"20201223211239","is_ascension_mode":false,"campfire_choices":[{"data":"Guardian:TwinSlam","floor":1,"key":"SMITH"},{"data":"Guardian:ShieldSpikes","floor":9,"key":"SMITH"},{"data":"Guardian:CurlUp","floor":11,"key":"SMITH"},{"data":"Guardian:SpikerProtocol","floor":13,"key":"SMITH"},{"data":"Guardian:PrismaticBeam","floor":18,"key":"SMITH"},{"data":"Guardian:SpikerProtocol","floor":23,"key":"SMITH"},{"data":"Guardian:SphericShield","floor":26,"key":"SMITH"},{"floor":28,"key":"REST"}],"circlet_count":0,"master_deck":["Guardian:Strike_Guardian","Guardian:Strike_Guardian","Guardian:Strike_Guardian","Guardian:Defend_Guardian","Guardian:Defend_Guardian","Guardian:Defend_Guardian","Guardian:CurlUp+1","Guardian:TwinSlam+1","Guardian:PrimingBeam","Guardian:ShieldSpikes+1","Guardian:SpikerProtocol+1","Guardian:ShieldCharger","Guardian:PrismaticBeam+1","Guardian:Recover","Guardian:ExploitGems","Guardian:RevengeProtocol","Guardian:SphericShield+1","Guardian:SpikerProtocol+1","Guardian:TemporalStrike+1","Guardian:TemporalShield","Guardian:Gem_Fragmented","Guardian:Gem_Red","Guardian:Gem_Fragmented"],"relics":["Guardian:ModeShifterPlus","Happy Flower","Orichalcum","Regal Pillow","Lantern","MutagenicStrength"],"acts_visited":["Exordium","TheCity"],"potions_floor_usage":[16,16,16,27,32,33],"damage_taken":[{"damage":1,"enemies":"Cultist","floor":2,"turns":3},{"damage":0,"enemies":"2 Louse","floor":3,"turns":2},{"damage":0,"enemies":"Small Slimes","floor":6,"turns":3},{"damage":0,"enemies":"downfall:FleeingMerchant","floor":10,"turns":4},{"damage":1,"enemies":"3 Louse","floor":12,"turns":3},{"damage":3,"enemies":"2 Fungi Beasts","floor":14,"turns":3},{"damage":3,"enemies":"3 Louse","floor":15,"turns":2},{"damage":15,"enemies":"downfall:Silent","floor":16,"turns":9},{"damage":4,"enemies":"downfall:FleeingMerchant","floor":19,"turns":4},{"damage":3,"enemies":"Shell Parasite","floor":21,"turns":6},{"damage":7,"enemies":"Spheric Guardian","floor":25,"turns":5},{"damage":33,"enemies":"Slavers","floor":27,"turns":5},{"damage":0,"enemies":"Shelled Parasite and Fungi","floor":31,"turns":5},{"damage":10,"enemies":"Centurion and Healer","floor":32,"turns":12},{"damage":74,"enemies":"downfall:Defect","floor":33,"turns":13}],"seed_played":"2551885939874320530","potions_obtained":[{"floor":3,"key":"Fire Potion"},{"floor":6,"key":"PowerPotion"},{"floor":12,"key":"Weak Potion"},{"floor":21,"key":"Weak Potion"},{"floor":27,"key":"Dexterity Potion"},{"floor":31,"key":"SteroidPotion"}],"is_trial":false,"path_per_floor":["R","M","M","?","?","M","T","?","R","$","R","M","R","M","M","B",null,"R","$","?","M","?","R","T","M","R","E","R","?","?","M","M","B"],"character_chosen":"GUARDIAN","items_purchased":["Guardian:SpikerProtocol","Guardian:ShieldCharger","Regal Pillow"],"campfire_rested":1,"item_purchase_floors":[10,10,19],"current_hp_per_floor":[80,79,79,79,79,79,79,79,79,79,79,78,78,75,72,57,80,80,76,76,73,73,73,73,66,66,33,72,72,72,72,62,0,0,0],"gold":153,"neow_bonus":"RANDOM_COMMON_RELIC","is_daily":false,"chose_seed":false,"campfire_upgraded":7,"win_rate":0.0,"timestamp":1608754359,"path_taken":["R","M","?","?","?","?","T","?","R","$","R","M","R","M","M","BOSS","R","$","?","M","?","R","T","M","R","E","R","?","?","?","M","BOSS"],"items_purchased_type":["Card","Card","Relic"],"build_version":"2020-12-22","purchased_purges":0,"victory":false,"max_hp_per_floor":[80,80,80,80,80,80,80,80,80,80,80,80,80,80,80,80,80,80,80,80,80,80,80,80,80,80,80,80,80,80,80,80,80,80,80],"card_choices":[{"not_picked":["Guardian:Gem_Red","Guardian:GuardianWhirl"],"picked":"Guardian:PrimingBeam","floor":2},{"not_picked":["Guardian:PolyBeam","Guardian:ShieldCharger"],"picked":"Guardian:ShieldSpikes","floor":3},{"not_picked":["Guardian:SentryBeam","Guardian:Gem_Red"],"picked":"Guardian:Gem_White","floor":6},{"not_picked":["Guardian:TemporalShield","Guardian:Planning"],"picked":"Guardian:Gem_Lightblue","floor":10},{"not_picked":["Guardian:TemporalStrike","Guardian:VentSteam"],"picked":"Guardian:PrismaticBeam","floor":12},{"not_picked":["Guardian:Incinerate","Guardian:WalkerClaw"],"picked":"Guardian:Recover","floor":14},{"not_picked":["Guardian:Suspension","Guardian:Gem_Cyan"],"picked":"Guardian:ExploitGems","floor":15},{"not_picked":["Guardian:ExploitGems","Guardian:StasisField"],"picked":"Guardian:RevengeProtocol","floor":16},{"not_picked":["Guardian:Recover","Guardian:Suspension"],"picked":"Guardian:SphericShield","floor":19},{"not_picked":["Guardian:Suspension","Guardian:TemporalShield"],"picked":"Guardian:SpikerProtocol","floor":21},{"not_picked":["Guardian:Planning","Guardian:ChargeCore"],"picked":"Guardian:TemporalStrike+1","floor":25},{"not_picked":["Guardian:CrystalBeam","Guardian:PrismaticBeam"],"picked":"Guardian:TemporalShield","floor":27},{"not_picked":["Guardian:VentSteam+1","Guardian:TemporalStrike"],"picked":"Guardian:Gem_Red","floor":31},{"not_picked":["Guardian:EvasiveProtocol","Guardian:SentryBeam"],"picked":"Guardian:Gem_Fragmented","floor":32}],"player_experience":725206,"relics_obtained":[{"floor":7,"key":"Orichalcum"},{"floor":27,"key":"Lantern"}],"event_choices":[{"cards_removed":["Guardian:Defend_Guardian"],"damage_healed":0,"gold_gain":0,"player_choice":"Offered Basic","damage_taken":0,"max_hp_gain":0,"max_hp_loss":0,"event_name":"Bonfire Elementals","floor":5,"gold_loss":0},{"damage_healed":0,"gold_gain":0,"player_choice":"Ignored","damage_taken":0,"max_hp_gain":0,"max_hp_loss":0,"event_name":"Vampires","floor":20,"gold_loss":0},{"damage_healed":0,"gold_gain":0,"player_choice":"Read","damage_taken":0,"max_hp_gain":0,"max_hp_loss":0,"event_name":"The Library","floor":29,"gold_loss":0,"cards_obtained":["Guardian:Gem_Fragmented"]},{"damage_healed":0,"gold_gain":0,"player_choice":"Inject Mutagens","damage_taken":0,"relics_obtained":["MutagenicStrength"],"max_hp_gain":0,"max_hp_loss":0,"event_name":"Drug Dealer","floor":30,"gold_loss":0}],"is_beta":false,"boss_relics":[{"not_picked":["downfall:Hecktoplasm","Cursed Key"],"picked":"Guardian:ModeShifterPlus"}],"items_purged_floors":[],"is_endless":false,"potions_floor_spawned":[3,6,12,14,21,27,31],"killed_by":"downfall:Defect","ascension_level":0}}