{"host":"9rxgn077cyjlend4","time":1608746317,"event":{"mods":["BaseMod","Minty Spire (QoL Compilation)","StSLib"],"gold_per_floor":[12,12,25,39,50,50,67,95,95,95,121,121,134,10,10,10,10],"floor_reached":16,"playtime":899,"items_purged":[],"score":196,"play_id":"278d549e-c717-4341-a097-4b790f9a6e93","local_time":"20201223175837","is_ascension_mode":true,"campfire_choices":[{"data":"Dagger Throw","floor":6.0,"key":"SMITH"},{"floor":12,"key":"REST"},{"data":"Crippling Poison","floor":15,"key":"SMITH"}],"circlet_count":0,"master_deck":["AscendersBane","Strike_G","Strike_G","Strike_G","Strike_G","Strike_G","Defend_G","Defend_G","Defend_G","Defend_G","Defend_G","Survivor","Neutralize","Die Die Die+1","Calculated Gamble","Dagger Spray","Dagger Throw+1","PiercingWail","Dodge and Roll","Adrenaline+1","Deadly Poison","Crippling Poison+1"],"relics":["Ring of the Snake","Lantern","Peace Pipe","The Courier"],"acts_visited":["Exordium"],"potions_floor_usage":[16,16],"damage_taken":[{"damage":0.0,"enemies":"2 Louse","floor":1.0,"turns":2.0},{"damage":1.0,"enemies":"Cultist","floor":3.0,"turns":3.0},{"damage":0.0,"enemies":"Small Slimes","floor":4.0,"turns":1.0},{"damage":9.0,"enemies":"Blue Slaver","floor":5.0,"turns":4.0},{"damage":0.0,"enemies":"2 Fungi Beasts","floor":7.0,"turns":2.0},{"damage":39.0,"enemies":"Lagavulin","floor":8.0,"turns":8.0},{"damage":6,"enemies":"3 Sentries","floor":11,"turns":6},{"damage":0,"enemies":"Red Slaver","floor":13,"turns":3},{"damage":45,"enemies":"Slime Boss","floor":16,"turns":12}],"seed_played":"-9164208593412738766","potions_obtained":[{"floor":4.0,"key":"CunningPotion"},{"floor":13,"key":"EssenceOfSteel"}],"is_trial":false,"path_per_floor":["M","?","M","M","M","R","M","E","T","?","E","R","M","$","R","B"],"character_chosen":"THE_SILENT","items_purchased":["Crippling Poison","Regen Potion"],"campfire_rested":1,"item_purchase_floors":[14,14],"current_hp_per_floor":[59,59,58,58,49,49,49,10,10,10,4,23,23,23,23,0,0],"gold":10,"neow_bonus":"THREE_RARE_CARDS","is_daily":false,"chose_seed":false,"campfire_upgraded":2,"win_rate":0.0,"timestamp":1608746317,"path_taken":["M","?","M","M","?","R","M","E","T","?","E","R","M","$","R","BOSS"],"items_purchased_type":["Card","Potion"],"build_version":"2020-12-22","purchased_purges":0,"victory":false,"max_hp_per_floor":[66,66,66,66,66,66,66,66,66,66,66,66,66,66,66,66,66],"card_choices":[{"not_picked":["Malaise","Storm of Steel"],"picked":"Die Die Die","floor":0.0},{"not_picked":["Deflect","Blade Dance"],"picked":"Calculated Gamble","floor":1.0},{"not_picked":["PiercingWail","Eviscerate"],"picked":"Dagger Spray","floor":3.0},{"not_picked":["Flying Knee","Outmaneuver"],"picked":"Dagger Throw","floor":4.0},{"not_picked":["Acrobatics","Dagger Spray"],"picked":"PiercingWail","floor":5.0},{"not_picked":["Bane","Blur"],"picked":"Dodge and Roll","floor":7.0},{"not_picked":["Masterful Stab","Flying Knee"],"picked":"Adrenaline","floor":8.0},{"not_picked":["Tools of the Trade","Skewer"],"picked":"Deadly Poison","floor":11},{"not_picked":["Prepared","Slice","Acrobatics"],"picked":"SKIP","floor":13}],"player_experience":667226,"relics_obtained":[{"floor":8.0,"key":"Lantern"},{"floor":9.0,"key":"Peace Pipe"},{"floor":11,"key":"The Courier"}],"event_choices":[{"damage_healed":0.0,"max_hp_gain":0.0,"max_hp_loss":0.0,"gold_gain":0.0,"event_name":"Upgrade Shrine","player_choice":"Upgraded","floor":2.0,"gold_loss":0.0,"damage_taken":0.0,"cards_upgraded":["Die Die Die"]},{"damage_healed":0,"gold_gain":0,"player_choice":"Forge","damage_taken":0,"max_hp_gain":0,"max_hp_loss":0,"event_name":"Accursed Blacksmith","floor":10,"gold_loss":0,"cards_upgraded":["Adrenaline"]}],"is_beta":false,"boss_relics":[],"items_purged_floors":[],"is_endless":false,"potions_floor_spawned":[4,13],"killed_by":"Slime Boss","ascension_level":15}}