{"host":"i0avyit1s6jb1siw","time":1608752338,"event":{"mods":["BaseMod","DeckTracker","Dota2Spire","Highlight Path","Minty Spire (QoL Compilation)","Quick Restart","Replay The Spire","StSLib","SuperFastMode"],"gold_per_floor":[116,86,96,116,126,126,21,56,56,56,68,68,68,87,87,165,165,182,182,194,194,194],"floor_reached":21,"playtime":429,"items_purged":["Strike_G"],"score":362,"play_id":"d69af0e7-f48a-4850-b388-de6f8924ce5a","local_time":"20201223203858","is_ascension_mode":true,"campfire_choices":[{"data":"A Thousand Cuts","floor":6,"key":"SMITH"},{"floor":10,"key":"REST"},{"data":"Noxious Fumes","floor":13,"key":"SMITH"},{"data":"Cloak And Dagger","floor":15,"key":"SMITH"}],"circlet_count":0,"master_deck":["AscendersBane","Strike_G","Strike_G","Defend_G","Defend_G","Defend_G","Defend_G","Defend_G","Survivor","Neutralize+1","Poisoned Stab","Noxious Fumes+1","Blade Dance","A Thousand Cuts+1","Cloak And Dagger+1","Escape Plan","Replay:Bag of Tricks","Burst"],"relics":["Ring of the Snake","Snake Skull","Empty Cage"],"acts_visited":["Exordium","TheCity"],"potions_floor_usage":[5,8,16,20],"damage_taken":[{"damage":2,"enemies":"Small Slimes","floor":1,"turns":5},{"damage":0,"enemies":"Cultist","floor":3,"turns":4},{"damage":1,"enemies":"2 Louse","floor":4,"turns":4},{"damage":0,"enemies":"Gremlin Gang","floor":5,"turns":3},{"damage":36,"enemies":"Gremlin Nob","floor":8,"turns":5},{"damage":3,"enemies":"Blue Slaver","floor":11,"turns":4},{"damage":0,"enemies":"Looter","floor":14,"turns":4},{"damage":15,"enemies":"Slime Boss","floor":16,"turns":7},{"damage":9,"enemies":"Chosen","floor":18,"turns":4},{"damage":10,"enemies":"Shell Parasite","floor":20,"turns":6},{"damage":46,"enemies":"Shelled Parasite and Fungi","floor":21,"turns":4}],"seed_played":"2457934971604985599","potions_obtained":[{"floor":2,"key":"Toxic Potion"},{"floor":2,"key":"Block Potion"},{"floor":5,"key":"Regen Potion"},{"floor":8,"key":"Venom Potion"},{"floor":11,"key":"BlessingOfTheForge"},{"floor":16,"key":"SkillPotion"}],"is_trial":false,"path_per_floor":["M","?","M","M","M","R","$","E","T","R","M","?","R","M","R","B",null,"M","?","M","M"],"character_chosen":"THE_SILENT","items_purchased":["Cloak And Dagger"],"campfire_rested":1,"item_purchase_floors":[7],"current_hp_per_floor":[57,57,57,56,56,56,56,20,20,39,36,36,36,36,36,36,59,50,50,40,0,0],"gold":194,"neow_bonus":"UPGRADE_CARD","is_daily":false,"chose_seed":false,"campfire_upgraded":3,"win_rate":0.0,"timestamp":1608752338,"path_taken":["M","?","M","?","M","R","$","E","T","R","M","?","R","M","R","BOSS","M","?","?","M"],"items_purchased_type":["Card"],"build_version":"2020-12-22","purchased_purges":1,"victory":false,"max_hp_per_floor":[66,66,66,66,66,66,66,66,66,66,66,66,66,66,66,66,66,66,66,66,66,66],"card_choices":[{"not_picked":["Deadly Poison","Flying Knee"],"picked":"Poisoned Stab","floor":1},{"not_picked":["Acrobatics","Skewer"],"picked":"Noxious Fumes","floor":3},{"not_picked":["Quick Slash","Prepared"],"picked":"Blade Dance","floor":4},{"not_picked":["Endless Agony","Setup"],"picked":"A Thousand Cuts","floor":5},{"not_picked":["Bane","Outmaneuver","Terror"],"picked":"SKIP","floor":8},{"not_picked":["Cloak And Dagger","Dagger Spray"],"picked":"Escape Plan","floor":11},{"not_picked":["Terror","Expertise"],"picked":"Replay:Bag of Tricks","floor":14},{"not_picked":["Grand Finale","Atom Bomb"],"picked":"Burst","floor":16},{"not_picked":["Slice","All Out Attack","Sucker Punch"],"picked":"SKIP","floor":18},{"not_picked":["Distraction+1","Tactician","ReplayTheSpireMod:Scrap Shanks"],"picked":"SKIP","floor":20}],"player_experience":2112858,"relics_obtained":[{"floor":8,"key":"Snake Skull"}],"event_choices":[{"damage_healed":0,"gold_gain":0,"player_choice":"Bought 2 Potions","damage_taken":0,"max_hp_gain":0,"max_hp_loss":0,"event_name":"The Woman in Blue","floor":2,"gold_loss":0},{"damage_healed":0,"gold_gain":0,"player_choice":"0 cards matched","damage_taken":0,"max_hp_gain":0,"max_hp_loss":0,"event_name":"Match and Keep!","floor":19,"gold_loss":0,"cards_obtained":[]}],"is_beta":false,"boss_relics":[{"not_picked":["Snecko Heart","Velvet Choker"],"picked":"Empty Cage"}],"items_purged_floors":[7],"is_endless":false,"potions_floor_spawned":[5,8,11,14,16],"killed_by":"Shelled Parasite and Fungi","ascension_level":20}}