{"host":"girf3bnli6r7x4ah","time":1608689187,"event":{"mods":["2.2 Compatiblity","AchievementEnabler","BaseMod","Colored Map","DeckTracker","Highlight Path","Minty Spire (QoL Compilation)","Random Character Button","Rare Cards Sparkle"],"gold_per_floor":[116,116,135,210,224,259,275,275,300,335,335,353,353,367,367,467,467,482,500,127,127,142,241,252,252,321,321,333,366,366,377,377,481,481,499,499,499,12,27,59,59,84,84,84,111,125,137,166,166,166,166,166,46,72,72,72],"floor_reached":55,"playtime":4864,"items_purged":[],"score":883,"play_id":"4fa50214-b281-4871-b7ac-c30ad5ac51ef","local_time":"20201223030627","is_ascension_mode":true,"campfire_choices":[{"floor":8,"key":"REST"},{"floor":13,"key":"REST"},{"floor":15,"key":"RECALL"},{"floor":30,"key":"REST"},{"floor":32,"key":"REST"},{"floor":41,"key":"REST"},{"data":"Accuracy","floor":44,"key":"SMITH"},{"floor":49,"key":"REST"},{"data":"Phantasmal Killer","floor":52,"key":"SMITH"}],"circlet_count":0,"master_deck":["Strike_G","Strike_G","Strike_G","Strike_G","Defend_G+1","Defend_G+1","Defend_G","Defend_G","Defend_G","Survivor","Neutralize","Footwork","Sucker Punch","Sucker Punch","Doppelganger","Masterful Stab","Die Die Die","Blur","Accuracy+1","Blade Dance","Cloak And Dagger+1","Accuracy+1","Malaise","Blade Dance","Accuracy","Blind","Terror","Phantasmal Killer+1","Blade Dance+1","Accuracy","Accuracy"],"relics":["Ring of the Snake","NeowsBlessing","Orichalcum","Boot","War Paint","WristBlade","Bronze Scales","Toolbox","Kunai","Mummified Hand","Philosopher\u0027s Stone","Paper Crane","Tingsha","Blood Vial","Ninja Scroll","Ice Cream","Toxic Egg 2","Pantograph"],"acts_visited":["Exordium","TheCity","TheBeyond","TheEnding"],"potions_floor_usage":[10,10,14,14,16,22,29,29,42,46,50,50,50,54,55],"damage_taken":[{"damage":0,"enemies":"Small Slimes","floor":1,"turns":1},{"damage":0,"enemies":"2 Louse","floor":3,"turns":1},{"damage":0,"enemies":"Cultist","floor":5,"turns":1},{"damage":39,"enemies":"3 Sentries","floor":6,"turns":13},{"damage":0,"enemies":"2 Fungi Beasts","floor":7,"turns":3},{"damage":2,"enemies":"Lagavulin","floor":10,"turns":6},{"damage":2,"enemies":"Red Slaver","floor":12,"turns":6},{"damage":8,"enemies":"Large Slime","floor":14,"turns":7},{"damage":33,"enemies":"Slime Boss","floor":16,"turns":20},{"damage":6,"enemies":"3 Byrds","floor":18,"turns":6},{"damage":15,"enemies":"Spheric Guardian","floor":19,"turns":7},{"damage":1,"enemies":"Cultist and Chosen","floor":22,"turns":5},{"damage":13,"enemies":"3 Cultists","floor":24,"turns":6},{"damage":8,"enemies":"Sentry and Sphere","floor":28,"turns":4},{"damage":28,"enemies":"Gremlin Leader","floor":29,"turns":5},{"damage":9,"enemies":"Snake Plant","floor":31,"turns":3},{"damage":35,"enemies":"Champ","floor":33,"turns":15},{"damage":11,"enemies":"3 Darklings","floor":35,"turns":5},{"damage":0,"enemies":"3 Shapes","floor":39,"turns":4},{"damage":14,"enemies":"Reptomancer","floor":40,"turns":7},{"damage":0,"enemies":"Giant Head","floor":42,"turns":7},{"damage":0,"enemies":"Nemesis","floor":45,"turns":3},{"damage":17,"enemies":"Transient","floor":46,"turns":5},{"damage":0,"enemies":"Jaw Worm Horde","floor":47,"turns":2},{"damage":10,"enemies":"Reptomancer","floor":48,"turns":4},{"damage":42,"enemies":"Donu and Deca","floor":50,"turns":8},{"damage":53,"enemies":"Shield and Spear","floor":54,"turns":6},{"damage":58,"enemies":"The Heart","floor":55,"turns":3}],"seed_played":"1439339113190609069","potions_obtained":[{"floor":5,"key":"EssenceOfSteel"},{"floor":7,"key":"SkillPotion"},{"floor":11,"key":"AttackPotion"},{"floor":11,"key":"Regen Potion"},{"floor":11,"key":"CultistPotion"},{"floor":14,"key":"SkillPotion"},{"floor":24,"key":"Explosive Potion"},{"floor":33,"key":"Ancient Potion"},{"floor":39,"key":"Weak Potion"},{"floor":40,"key":"SkillPotion"},{"floor":42,"key":"SkillPotion"},{"floor":48,"key":"Strength Potion"},{"floor":54,"key":"SkillPotion"}],"is_trial":false,"path_per_floor":["M","?","M","?","M","E","M","R","T","E","?","M","R","M","R","B",null,"M","M","$","?","M","?","M","?","T","?","M","E","R","M","R","B",null,"M","?","?","$","M","E","R","E","T","R","E","M","M","E","R","B",null,"R","$","E","B"],"character_chosen":"THE_SILENT","items_purchased":["Bronze Scales","Toolbox","CunningPotion","Blade Dance","Accuracy","Paper Crane","Blind","Accuracy","Weak Potion"],"campfire_rested":6,"item_purchase_floors":[20,20,20,38,38,38,38,53,53],"current_hp_per_floor":[70,58,58,47,47,8,8,29,29,27,27,25,46,43,43,10,70,64,49,49,49,48,48,35,58,58,58,50,22,43,34,55,20,70,59,59,59,59,59,45,64,64,64,64,66,49,51,43,62,22,66,66,66,13,0,0],"gold":72,"neow_bonus":"THREE_ENEMY_KILL","is_daily":false,"chose_seed":false,"campfire_upgraded":2,"win_rate":0.0,"timestamp":1608689187,"path_taken":["M","?","M","?","M","E","M","R","T","E","?","M","R","M","R","BOSS","M","?","$","?","?","?","M","?","T","?","M","E","R","?","R","BOSS","M","?","?","$","M","E","R","E","T","R","E","?","M","E","R","BOSS","R","$","E","BOSS"],"items_purchased_type":["Relic","Relic","Potion","Card","Card","Relic","Card","Card","Potion"],"build_version":"2020-12-13","purchased_purges":0,"victory":false,"max_hp_per_floor":[70,70,70,70,70,70,70,70,70,70,70,70,70,70,70,70,70,70,70,70,70,70,70,70,70,70,70,70,70,70,70,70,70,70,70,66,66,66,66,66,66,66,66,66,66,66,66,66,66,66,66,66,66,66,66,66],"card_choices":[{"not_picked":["Bane","Eviscerate"],"picked":"Footwork","floor":1},{"not_picked":["Dagger Spray","Underhanded Strike","PiercingWail"],"picked":"SKIP","floor":3},{"not_picked":["Infinite Blades","Acrobatics"],"picked":"Sucker Punch","floor":5},{"not_picked":["Quick Slash","Blade Dance"],"picked":"Sucker Punch","floor":6},{"not_picked":["Predator","Deadly Poison","Deflect"],"picked":"SKIP","floor":7},{"not_picked":["Deadly Poison","Slice"],"picked":"Doppelganger","floor":10},{"not_picked":["Acrobatics","Caltrops","Deflect"],"picked":"SKIP","floor":12},{"not_picked":["Riddle With Holes","PiercingWail"],"picked":"Masterful Stab","floor":14},{"not_picked":["Night Terror","Storm of Steel"],"picked":"Die Die Die","floor":16},{"not_picked":["Noxious Fumes","Bane+1"],"picked":"Blur","floor":18},{"not_picked":["Prepared","Flechettes"],"picked":"Accuracy","floor":19},{"not_picked":["Acrobatics","Dagger Throw+1","Deadly Poison"],"picked":"SKIP","floor":22},{"not_picked":["Underhanded Strike","Cloak And Dagger"],"picked":"Blade Dance","floor":24},{"not_picked":["Die Die Die","Deadly Poison"],"picked":"Cloak And Dagger+1","floor":28},{"not_picked":["Blur","Deflect+1","Quick Slash+1"],"picked":"SKIP","floor":29},{"not_picked":["Underhanded Strike+1","Doppelganger"],"picked":"Accuracy","floor":31},{"not_picked":["After Image","Envenom"],"picked":"Malaise","floor":33},{"not_picked":["All Out Attack","Reflex","Backstab"],"picked":"SKIP","floor":35},{"not_picked":["Flying Knee","Slice+1","Prepared+1"],"picked":"SKIP","floor":39},{"not_picked":["Corpse Explosion","Well Laid Plans","Reflex+1"],"picked":"SKIP","floor":40},{"not_picked":["Blade Dance+1","All Out Attack"],"picked":"Terror","floor":42},{"not_picked":["All Out Attack+1","Footwork"],"picked":"Phantasmal Killer","floor":45},{"not_picked":["Backstab","Caltrops+1"],"picked":"Blade Dance+1","floor":46},{"not_picked":["Sucker Punch+1","Deadly Poison+1"],"picked":"Accuracy","floor":47},{"not_picked":["Dodge and Roll+1","Blur+1","Quick Slash+1"],"picked":"SKIP","floor":48},{"not_picked":["Endless Agony+1","Quick Slash","Poisoned Stab"],"picked":"SKIP","floor":54}],"player_experience":77204,"relics_obtained":[{"floor":6,"key":"Boot"},{"floor":10,"key":"War Paint"},{"floor":26,"key":"Kunai"},{"floor":29,"key":"Mummified Hand"},{"floor":40,"key":"Tingsha"},{"floor":42,"key":"Blood Vial"},{"floor":43,"key":"Ninja Scroll"},{"floor":45,"key":"Ice Cream"},{"floor":48,"key":"Toxic Egg 2"},{"floor":54,"key":"Pantograph"}],"event_choices":[{"damage_healed":0,"gold_gain":0,"player_choice":"Success","damage_taken":12,"relics_obtained":["Orichalcum"],"max_hp_gain":0,"max_hp_loss":0,"event_name":"Scrap Ooze","floor":2,"gold_loss":0},{"damage_healed":0,"gold_gain":75,"player_choice":"Gather Gold","damage_taken":11,"max_hp_gain":0,"max_hp_loss":0,"event_name":"World of Goop","floor":4,"gold_loss":0},{"damage_healed":0,"gold_gain":0,"player_choice":"Got Potions","damage_taken":0,"max_hp_gain":0,"max_hp_loss":0,"event_name":"Lab","floor":11,"gold_loss":0},{"damage_healed":0,"gold_gain":0,"player_choice":"Upgraded","damage_taken":0,"max_hp_gain":0,"max_hp_loss":0,"event_name":"Upgrade Shrine","floor":21,"gold_loss":0,"cards_upgraded":["Accuracy"]},{"damage_healed":0,"gold_gain":99,"player_choice":"Stole From Cult","damage_taken":0,"max_hp_gain":0,"max_hp_loss":0,"event_name":"Nest","floor":23,"gold_loss":0},{"damage_healed":23,"gold_gain":0,"player_choice":"Heal","damage_taken":0,"max_hp_gain":0,"max_hp_loss":0,"event_name":"The Library","floor":25,"gold_loss":0},{"cards_removed":["Strike_G"],"damage_healed":0,"gold_gain":0,"player_choice":"Purged","damage_taken":0,"max_hp_gain":0,"max_hp_loss":0,"event_name":"Purifier","floor":27,"gold_loss":0},{"damage_healed":0,"gold_gain":0,"player_choice":"Max HP","damage_taken":0,"max_hp_gain":0,"max_hp_loss":4,"event_name":"Winding Halls","floor":36,"gold_loss":0},{"damage_healed":0,"gold_gain":0,"player_choice":"Ignored","damage_taken":0,"max_hp_gain":0,"max_hp_loss":0,"event_name":"Tomb of Lord Red Mask","floor":37,"gold_loss":0}],"is_beta":false,"boss_relics":[{"not_picked":["Sozu","Empty Cage"],"picked":"WristBlade"},{"not_picked":["Velvet Choker","Runic Dome"],"picked":"Philosopher\u0027s Stone"}],"items_purged_floors":[],"is_endless":false,"potions_floor_spawned":[5,7,14,24,33,39,40,42,48,54],"killed_by":"The Heart","ascension_level":1}}