{"host":"wg33yb1rgt3nbe17","time":1608696901,"event":{"mods":["AchievementEnabler","BaseMod","Colored Map","Minty Spire (QoL Compilation)","Permanent Neow","Relic Stats","StSLib"],"gold_per_floor":[12,12,12,22,36,36,48,48,94,13,13,47,47,79,79,183,183,217,127,140,40,60,60,150,161,187,187,7,51,74,98,107,214,223,245,1262,53,53,80,80,80,0,27,27,27,27,71,50,50,50],"floor_reached":51,"playtime":1974,"items_purged":["Strike_B","Normality"],"score":897,"play_id":"3a820e8c-be1d-49e3-b123-848903f1dc4c","local_time":"20201222231501","is_ascension_mode":false,"campfire_choices":[{"data":"Capacitor","floor":6,"key":"SMITH"},{"floor":13,"key":"REST"},{"floor":15,"key":"REST"},{"data":"Capacitor","floor":23,"key":"SMITH"},{"data":"Redo","floor":27,"key":"SMITH"},{"floor":32,"key":"REST"},{"data":"Storm","floor":40,"key":"SMITH"},{"data":"Storm","floor":41,"key":"SMITH"},{"data":"White Noise","floor":45,"key":"SMITH"},{"data":"White Noise","floor":49,"key":"SMITH"}],"circlet_count":0,"master_deck":["Strike_B","Strike_B","Defend_B","Defend_B+1","Defend_B","Defend_B+1","Zap+1","Dualcast","Auto Shields","Sweeping Beam","Capacitor+1","Rip and Tear","Defragment+1","Cold Snap","Capacitor+1","Thunder Strike","Coolheaded+1","Leap+1","Cold Snap","Glacier","Redo+1","Ball Lightning","Chill+1","Ball Lightning","BootSequence+1","Ball Lightning","Electrodynamics","CurseOfTheBell","Static Discharge+1","Normality","Heatsinks","Storm+1","Self Repair","Capacitor","Heatsinks","Static Discharge","Storm+1","Heatsinks","Self Repair","White Noise+1","White Noise+1","Hello World","Defragment","Defragment","Buffer","Capacitor","Heatsinks","Capacitor","Self Repair","Chill+1","Capacitor"],"relics":["Cracked Core","Du-Vu Doll","Happy Flower","Bag of Preparation","Thread and Needle","DataDisk","SlaversCollar","MealTicket","CeramicFish","Dream Catcher","Calling Bell","Juzu Bracelet","The Courier","WingedGreaves","PreservedInsect","Boot","Red Mask","Toy Ornithopter","Symbiotic Virus"],"acts_visited":["Exordium","TheCity","TheBeyond"],"potions_floor_usage":[14,18,22,25,29,29,47,50,50],"damage_taken":[{"damage":7,"enemies":"Small Slimes","floor":1,"turns":3},{"damage":0,"enemies":"Jaw Worm","floor":4,"turns":2},{"damage":0,"enemies":"Cultist","floor":5,"turns":3},{"damage":16,"enemies":"Exordium Wildlife","floor":7,"turns":3},{"damage":16,"enemies":"3 Sentries","floor":12,"turns":6},{"damage":8,"enemies":"Gremlin Nob","floor":14,"turns":4},{"damage":20,"enemies":"The Guardian","floor":16,"turns":10},{"damage":12,"enemies":"3 Byrds","floor":18,"turns":4},{"damage":8,"enemies":"Chosen","floor":20,"turns":5},{"damage":0,"enemies":"Centurion and Healer","floor":22,"turns":12},{"damage":0,"enemies":"Sentry and Sphere","floor":25,"turns":8},{"damage":16,"enemies":"Slavers","floor":29,"turns":4},{"damage":1,"enemies":"Snake Plant","floor":30,"turns":4},{"damage":0,"enemies":"Snecko","floor":31,"turns":5},{"damage":0,"enemies":"Champ","floor":33,"turns":9},{"damage":0,"enemies":"Orb Walker","floor":35,"turns":4},{"damage":0,"enemies":"Reptomancer","floor":47,"turns":3},{"damage":56,"enemies":"Time Eater","floor":50,"turns":6}],"seed_played":"-6503654804247925176","potions_obtained":[{"floor":1,"key":"ColorlessPotion"},{"floor":7,"key":"EntropicBrew"},{"floor":12,"key":"SpeedPotion"},{"floor":16,"key":"ColorlessPotion"},{"floor":18,"key":"SteroidPotion"},{"floor":20,"key":"EssenceOfSteel"},{"floor":31,"key":"BlessingOfTheForge"},{"floor":33,"key":"Dexterity Potion"},{"floor":47,"key":"SneckoOil"}],"is_trial":false,"path_per_floor":["M","?","?","M","M","R","M","?","T","$","?","E","R","E","R","B",null,"M","?","M","$","M","R","?","M","T","R","$","E","M","M","R","B",null,"M","?","$","?","T","R","R","?","T","$","R","?","E","$","R","B",null],"character_chosen":"DEFECT","items_purchased":["Defragment","Cold Snap","Ball Lightning","CeramicFish","PreservedInsect","Heatsinks","Storm","Self Repair","Capacitor","Heatsinks","Static Discharge","Storm","Heatsinks","Self Repair","White Noise","White Noise","Hello World","Defragment","Defragment","Buffer","Capacitor","Heatsinks","Capacitor","Self Repair","Capacitor"],"campfire_rested":3,"item_purchase_floors":[10,21,28,28,37,37,37,37,37,37,37,37,37,37,37,37,37,37,37,37,37,37,37,37,48],"current_hp_per_floor":[68,68,61,61,61,61,45,45,45,45,30,14,36,28,50,30,75,63,63,55,55,55,55,43,43,43,43,58,42,41,41,63,63,75,75,75,75,75,75,75,75,75,75,75,75,71,71,71,71,34],"gold":50,"neow_bonus":"ONE_RARE_RELIC","is_daily":false,"chose_seed":false,"campfire_upgraded":7,"win_rate":0.0,"timestamp":1608696901,"path_taken":["M","?","?","M","M","R","M","?","T","?","?","E","R","E","R","BOSS","M","?","?","$","M","R","?","M","T","R","$","E","?","M","R","BOSS","M","?","$","?","?","R","R","?","T","$","R","?","E","$","R","BOSS"],"items_purchased_type":["Card","Card","Card","Relic","Relic","Card","Card","Card","Card","Card","Card","Card","Card","Card","Card","Card","Card","Card","Card","Card","Card","Card","Card","Card","Card"],"build_version":"2020-12-13","purchased_purges":2,"victory":true,"max_hp_per_floor":[75,75,75,75,75,75,75,75,75,75,75,75,75,75,75,75,75,75,75,75,75,75,75,75,75,75,75,75,75,75,75,75,75,75,75,75,75,75,75,75,75,75,75,75,75,71,71,71,71,71],"relic_stats":{"Dream Catcher":1,"Happy Flower":[30],"counters":[18,95],"CeramicFish":270,"MealTicket":15,"PreservedInsect":60,"Bag of Preparation":[28],"Juzu Bracelet":1,"Boot":[0],"obtain_stats":[{"Happy Flower":3,"CeramicFish":28,"Thread and Needle":12,"The Courier":34,"PreservedInsect":37,"Bag of Preparation":9,"Juzu Bracelet":34,"Boot":39,"Du-Vu Doll":0,"Calling Bell":34,"SlaversCollar":17,"DataDisk":14,"Dream Catcher":29,"MealTicket":26,"WingedGreaves":34,"Red Mask":42,"Cracked Core":0,"Symbiotic Virus":47,"Toy Ornithopter":43},{"Happy Flower":1,"CeramicFish":11,"Thread and Needle":5,"The Courier":15,"PreservedInsect":16,"Bag of Preparation":4,"Juzu Bracelet":15,"Boot":16,"Du-Vu Doll":0,"Calling Bell":15,"SlaversCollar":7,"DataDisk":6,"Dream Catcher":12,"MealTicket":11,"WingedGreaves":15,"Red Mask":16,"Cracked Core":0,"Symbiotic Virus":17,"Toy Ornithopter":16},{"Happy Flower":3,"CeramicFish":60,"Thread and Needle":17,"The Courier":82,"PreservedInsect":86,"Bag of Preparation":11,"Juzu Bracelet":82,"Boot":86,"Du-Vu Doll":0,"Calling Bell":82,"SlaversCollar":31,"DataDisk":21,"Dream Catcher":64,"MealTicket":60,"WingedGreaves":82,"Red Mask":86,"Cracked Core":0,"Symbiotic Virus":89,"Toy Ornithopter":86}],"Toy Ornithopter":10},"card_choices":[{"not_picked":["Streamline","Steam"],"picked":"Auto Shields","floor":1},{"not_picked":["Go for the Eyes","Auto Shields"],"picked":"Sweeping Beam","floor":4},{"not_picked":["Barrage","Leap"],"picked":"Capacitor","floor":5},{"not_picked":["Cold Snap","Stack"],"picked":"Rip and Tear","floor":7},{"not_picked":["Barrage","Sweeping Beam"],"picked":"Cold Snap","floor":12},{"not_picked":["Force Field","Ball Lightning"],"picked":"Capacitor","floor":14},{"not_picked":["Amplify","Rainbow"],"picked":"Thunder Strike","floor":16},{"not_picked":["Tempest+1","Rip and Tear"],"picked":"Coolheaded+1","floor":18},{"not_picked":["Beam Cell","Stack"],"picked":"Leap+1","floor":20},{"not_picked":["Turbo","Sweeping Beam"],"picked":"Glacier","floor":22},{"not_picked":["Conserve Battery+1","All For One"],"picked":"Redo","floor":25},{"not_picked":["Auto Shields","Compile Driver"],"picked":"Chill+1","floor":29},{"not_picked":["Coolheaded+1","Sweeping Beam+1"],"picked":"Ball Lightning","floor":30},{"not_picked":["Beam Cell+1","Streamline"],"picked":"BootSequence+1","floor":31},{"not_picked":["Rebound+1","Go for the Eyes"],"picked":"Ball Lightning","floor":32},{"not_picked":["Amplify","Buffer"],"picked":"Electrodynamics","floor":33},{"not_picked":["Leap","Rip and Tear"],"picked":"Static Discharge+1","floor":35},{"not_picked":["Scrape+1","Cold Snap+1"],"picked":"Chill+1","floor":47}],"player_experience":534974,"relics_obtained":[{"floor":9,"key":"Bag of Preparation"},{"floor":12,"key":"Thread and Needle"},{"floor":14,"key":"DataDisk"},{"floor":26,"key":"MealTicket"},{"floor":29,"key":"Dream Catcher"},{"floor":34,"key":"Juzu Bracelet"},{"floor":34,"key":"The Courier"},{"floor":34,"key":"WingedGreaves"},{"floor":39,"key":"Boot"},{"floor":43,"key":"Toy Ornithopter"},{"floor":47,"key":"Symbiotic Virus"}],"event_choices":[{"damage_healed":0,"gold_gain":0,"player_choice":"Grow","damage_taken":0,"max_hp_gain":0,"max_hp_loss":0,"event_name":"Living Wall","floor":2,"gold_loss":0,"cards_upgraded":["Zap"]},{"damage_healed":0,"gold_gain":0,"player_choice":"Success","damage_taken":7,"relics_obtained":["Happy Flower"],"max_hp_gain":0,"max_hp_loss":0,"event_name":"Scrap Ooze","floor":3,"gold_loss":0},{"damage_healed":0,"gold_gain":0,"player_choice":"Leave","damage_taken":0,"max_hp_gain":0,"max_hp_loss":0,"event_name":"The Cleric","floor":8,"gold_loss":0},{"damage_healed":0,"gold_gain":0,"player_choice":"Entered Light","damage_taken":15,"max_hp_gain":0,"max_hp_loss":0,"event_name":"Shining Light","floor":11,"gold_loss":0,"cards_upgraded":["Defend_B","Defend_B"]},{"cards_removed":["Strike_B"],"damage_healed":0,"gold_gain":0,"player_choice":"Upgrade and Remove","damage_taken":0,"max_hp_gain":0,"max_hp_loss":0,"event_name":"Designer","floor":19,"gold_loss":90,"cards_upgraded":["Defragment"]},{"damage_healed":0,"gold_gain":90,"player_choice":"GOLD ","damage_taken":12,"max_hp_gain":0,"max_hp_loss":0,"event_name":"Knowing Skull","floor":24,"potions_obtained":[],"gold_loss":0,"cards_obtained":[]},{"damage_healed":0,"gold_gain":999,"player_choice":"Gold","damage_taken":0,"max_hp_gain":0,"max_hp_loss":0,"event_name":"MindBloom","floor":36,"gold_loss":0,"cards_obtained":["Normality","Normality"]},{"damage_healed":0,"gold_gain":0,"player_choice":"Memory 1","damage_taken":0,"max_hp_gain":0,"max_hp_loss":0,"event_name":"SensoryStone","floor":38,"gold_loss":0},{"damage_healed":0,"gold_gain":0,"player_choice":"Paid","damage_taken":0,"relics_obtained":["Red Mask"],"max_hp_gain":0,"max_hp_loss":0,"event_name":"Tomb of Lord Red Mask","floor":42,"gold_loss":80},{"damage_healed":0,"gold_gain":0,"player_choice":"Max HP","damage_taken":0,"max_hp_gain":0,"max_hp_loss":4,"event_name":"Winding Halls","floor":46,"gold_loss":0}],"is_beta":false,"boss_relics":[{"not_picked":["Astrolabe","Velvet Choker"],"picked":"SlaversCollar"},{"not_picked":["Runic Pyramid","Black Star"],"picked":"Calling Bell"}],"items_purged_floors":[21,37],"is_endless":false,"potions_floor_spawned":[1,7,12,16,18,20,31,33,47],"ascension_level":0}}