{"host":"iw0syt1icqzwzkkt","time":1608688425,"event":{"mods":["ATMod(阿瑾Mod)","Act Like it!","BaseMod","Better Vampires","Challenge The Spire","Conspire","Dota2Spire","Downfall","Gensokyo","GungeonMod","Hallownest","Hunter 猎人","KinomotoSakuraMod(木之本樱)","Luminous","Minty Spire (QoL Compilation)","Permanent Neow","Reimu（博丽灵梦）","Relic Stats","Replay The Spire","RumiaBox-露米娅的神秘盒子","SIMod","Spicy Shops","StSLib","TestMod","The Animator","The Cursed","The Hierophant","The Servant 0.9.4","UnlockEverythingMod","Waifu the Spire","WarShipGirlsR/战舰少女R mod","[地精首领爬塔]The Maniac","noobMod","vexMod","【东方二次创作】八云紫mod","【遗物卡牌】REMEMod","篝火指南"],"gold_per_floor":[111,111,0,13,29,29,4,4,83,83,112,112,124,59,59,162,162,172,172,192,207,607,640,640,630,654,132,142,174,174,189,253,356,356,372,383,383,397,397,397,431,431,431,25,60,60,72,84,96,108],"floor_reached":51,"playtime":2296,"items_purged":["Moondial","Hallownest:curseDreamersLament"],"score":934,"play_id":"f774d0a6-d227-46b3-ab82-ad676e05c5fa","local_time":"20201223095345","is_ascension_mode":false,"campfire_choices":[{"data":"AT_FamilyPortrait","floor":6,"key":"SMITH"},{"data":"rmod:garrisonisland","floor":8,"key":"SMITH"},{"data":"rmod:basicallowance","floor":10,"key":"SMITH"},{"data":"rmod:luckystar","floor":15,"key":"SMITH"},{"data":"rmod:windflower","floor":24,"key":"SMITH"},{"data":"Replay:SS_forest_2","floor":40,"key":"SMITH"},{"data":"rmod:salvage","floor":42,"key":"SMITH"}],"circlet_count":0,"master_deck":["rmod:strick","rmod:strick","rmod:strick","rmod:defend","rmod:defend","rmod:defend","rmod:defend","rmod:basicallowance+1","rmod:maingunfire","AT_FamilyPortrait+1","rmod:garrisonisland+1","rmod:launchingtorpedo","rmod:goodfighter","rmod:intelligenceanalysis","rmod:intelligenceanalysis","rmod:tearstotiara","rmod:heivgo","rmod:luckystar+1","rmod:garrisonisland","rmod:windflower+1","rmod:chargemoney","Night Terror","rmod:ammunitionsupply","rmod:mineteam","rmod:luckystar","expansioncontent:Corrupt","testmod-Mystery","Replay:SS_forest_2+1","Gensokyo:MenInBlack","rmod:selfconfidence","rmod:fuelsupply+1","rmod:selfconfidence+1","rmod:supriseattacks","rmod:fuelsupply+1","rmod:victimresponsibility","rmod:strick","rmod:salvage+1","rmod:ridicule","rmod:bulid","rmod:spoils"],"relics":["rmod:firstchargereward","ice","REME_ComplimentaryCards","testmod-ChristmasGift","AT_BellowingDragoncrestRing","Dota2Spire:MonkeyKingBar","ReplayTheSpireMod:CursedCoin","DemoMod:GnawedKey","Snecko Eye","DemoMod:GundromedaStrain","Dota2Spire:UrnOfShadows","ReplayTheSpireMod:ShopPack","Strange Spoon","DemoMod:NanoMachines","testmod-LifeArmor","REME_ChargedStone","Dota2Spire:Vanguard","ReplayTheSpireMod:Shallot","Dota2Spire:BattleFury","Chemical X","DemoMod:GlassGuonStoneRelic","CeramicFish","MawBank","DemoMod:JetPack","Gensokyo:DualWield"],"acts_visited":["Gensokyo:Gensokyo","Gensokyo:Gensokyoer","Gensokyo:Gensokyoest"],"potions_floor_usage":[11,11,13,16,16,29,29,29,29,29,33,33,33,33,33,33,45,45,45,45],"damage_taken":[{"damage":1,"enemies":"Gensokyo:Gryphon","floor":1,"turns":3},{"damage":0,"enemies":"Gensokyo:2_Kodama","floor":4,"turns":2},{"damage":0,"enemies":"Gensokyo:Python","floor":5,"turns":2},{"damage":11,"enemies":"Gensokyo:Cirno","floor":11,"turns":5},{"damage":0,"enemies":"Gensokyo:3_Kodama","floor":13,"turns":2},{"damage":26,"enemies":"Gensokyo:Yukari","floor":16,"turns":9},{"damage":4,"enemies":"Gensokyo:3_Dogs","floor":18,"turns":2},{"damage":4,"enemies":"Gensokyo:CosmicMonolith","floor":20,"turns":2},{"damage":21,"enemies":"Gensokyo:Slime_Group","floor":21,"turns":3},{"damage":14,"enemies":"Gensokyo:Reisen","floor":23,"turns":3},{"damage":0,"enemies":"Gensokyo:3_Gloops","floor":28,"turns":1},{"damage":2,"enemies":"Gensokyo:Koishi","floor":29,"turns":5},{"damage":0,"enemies":"Gensokyo:Monolith_and_Dog","floor":31,"turns":2},{"damage":82,"enemies":"Gensokyo:Kaguya","floor":33,"turns":8},{"damage":0,"enemies":"Gensokyo:3_Boulders","floor":35,"turns":1},{"damage":0,"enemies":"Gensokyo:3_Bats","floor":36,"turns":1},{"damage":0,"enemies":"Gensokyo:AtlasGolem","floor":38,"turns":2},{"damage":1,"enemies":"conspire:MimicChest","floor":41,"turns":3},{"damage":0,"enemies":"Gensokyo:Marisa","floor":45,"turns":2},{"damage":0,"enemies":"Gensokyo:Yuyuko","floor":50,"turns":1}],"seed_played":"7180798374776649766","potions_obtained":[{"floor":11,"key":"Toxic Potion"},{"floor":16,"key":"Explosive Potion"},{"floor":21,"key":"DemoMod:LeadSkinPotion"},{"floor":23,"key":"DistilledChaos"},{"floor":36,"key":"ZuzhouPotion:ReiMu"},{"floor":45,"key":"BlessingOfTheForge"}],"is_trial":false,"path_per_floor":["M","?","$","M","M","R","?","R","T","R","E","$","M","$","R","B",null,"M","?","M","M","?","E","R","?","T","COS","M","E","?","M","R","B",null,"M","M","?","M","?","R","?","R","T","$","E","?","?","T","R","B",null],"character_chosen":"PRAEFECT","items_purchased":["rmod:intelligenceanalysis","ReplayTheSpireMod:CursedCoin","DemoMod:GnawedKey","Dota2Spire:BattleFury","Chemical X"],"campfire_rested":0,"item_purchase_floors":[3,14,14,44,44],"current_hp_per_floor":[67,67,67,68,69,69,69,69,69,69,60,60,61,61,61,51,89,85,77,74,57,57,52,52,52,52,52,53,66,66,66,66,65,83,83,83,83,83,83,83,86,86,86,86,87,87,87,87,87,87],"gold":120,"neow_bonus":"TWENTY_PERCENT_HP_BONUS","is_daily":false,"chose_seed":false,"campfire_upgraded":7,"win_rate":0.0,"timestamp":1608688425,"path_taken":["M","?","?","M","?","R","?","R","T","R","E","?","?","$","R","BOSS","M","?","?","M","?","E","R","?","T","COS","?","E","?","M","R","BOSS","M","M","?","?","?","R","?","R","T","?","E","?","?","?","R","BOSS"],"items_purchased_type":["Card","Relic","Relic","Relic","Relic"],"build_version":"2020-12-13","purchased_purges":2,"victory":true,"max_hp_per_floor":[89,89,89,89,89,89,89,89,89,89,89,89,89,89,89,89,89,89,89,89,89,89,89,89,89,89,89,89,89,82,82,82,83,83,83,83,83,83,83,83,87,87,87,87,93,93,93,93,93,94],"relic_stats":{"Strange Spoon":[14],"counters":[20,59],"CeramicFish":9,"Snecko Eye":[56,65,48,57],"Chemical X":[1],"MawBank":60,"obtain_stats":[{"AT_ATBox":0,"CeramicFish":45,"REME_ChargedStone":34,"DemoMod:GlassGuonStoneRelic":1,"testmod-LifeArmor":30,"Dota2Spire:Vanguard":41,"ice":0,"Gensokyo:DualWield":49,"Frozen Eye":29,"DemoMod:GnawedKey":14,"Chemical X":44,"testmod-ChristmasGift":0,"DemoMod:JetPack":48,"DemoMod:Armor":29,"testmod-TestBox":0,"Dota2Spire:UrnOfShadows":26,"ReplayTheSpireMod:CursedCoin":14,"Dota2Spire:BattleFury":44,"MawBank":46,"Strange Spoon":27,"AT_BellowingDragoncrestRing":9,"DemoMod:GundromedaStrain":23,"ReplayTheSpireMod:Shallot":43,"Snecko Eye":17,"DemoMod:NanoMachines":29,"rmod:firstchargereward":0,"Dota2Spire:MonkeyKingBar":11,"REME_ComplimentaryCards":0,"ReplayTheSpireMod:ShopPack":27},{"AT_ATBox":0,"CeramicFish":19,"REME_ChargedStone":14,"DemoMod:GlassGuonStoneRelic":1,"testmod-LifeArmor":12,"Dota2Spire:Vanguard":18,"ice":0,"Gensokyo:DualWield":19,"Frozen Eye":11,"DemoMod:GnawedKey":5,"Chemical X":18,"testmod-ChristmasGift":0,"DemoMod:JetPack":19,"DemoMod:Armor":12,"testmod-TestBox":0,"Dota2Spire:UrnOfShadows":10,"ReplayTheSpireMod:CursedCoin":5,"Dota2Spire:BattleFury":18,"MawBank":19,"Strange Spoon":10,"AT_BellowingDragoncrestRing":3,"DemoMod:GundromedaStrain":10,"ReplayTheSpireMod:Shallot":18,"Snecko Eye":6,"DemoMod:NanoMachines":12,"rmod:firstchargereward":0,"Dota2Spire:MonkeyKingBar":4,"REME_ComplimentaryCards":0,"ReplayTheSpireMod:ShopPack":10},{"AT_ATBox":0,"CeramicFish":58,"REME_ChargedStone":49,"DemoMod:GlassGuonStoneRelic":3,"testmod-LifeArmor":39,"Dota2Spire:Vanguard":56,"ice":0,"Gensokyo:DualWield":58,"Frozen Eye":34,"DemoMod:GnawedKey":14,"Chemical X":56,"testmod-ChristmasGift":0,"DemoMod:JetPack":58,"DemoMod:Armor":39,"testmod-TestBox":0,"Dota2Spire:UrnOfShadows":33,"ReplayTheSpireMod:CursedCoin":14,"Dota2Spire:BattleFury":56,"MawBank":58,"Strange Spoon":33,"AT_BellowingDragoncrestRing":7,"DemoMod:GundromedaStrain":33,"ReplayTheSpireMod:Shallot":56,"Snecko Eye":23,"DemoMod:NanoMachines":39,"rmod:firstchargereward":0,"Dota2Spire:MonkeyKingBar":12,"REME_ComplimentaryCards":0,"ReplayTheSpireMod:ShopPack":33}]},"card_choices":[{"not_picked":["rmod:salvage","rmod:fletcherpendant"],"picked":"rmod:garrisonisland","floor":1},{"not_picked":["rmod:unsinkable","rmod:aviationdawn"],"picked":"rmod:launchingtorpedo","floor":2},{"not_picked":["rmod:goodsister","rmod:rockthrower"],"picked":"rmod:goodfighter","floor":2},{"not_picked":["rmod:fletcherpendant","rmod:victimresponsibility"],"picked":"rmod:tearstotiara","floor":4},{"not_picked":["rmod:intelligenceanalysis","rmod:victimresponsibility"],"picked":"rmod:heivgo","floor":5},{"not_picked":["rmod:launchingtorpedo","rmod:ring"],"picked":"rmod:luckystar","floor":11},{"not_picked":["rmod:capitalist","rmod:luckystar"],"picked":"rmod:garrisonisland","floor":13},{"not_picked":["rmod:u235","rmod:saltedfish"],"picked":"rmod:windflower","floor":16},{"not_picked":["rmod:victimresponsibility","rmod:capitalist"],"picked":"rmod:chargemoney","floor":18},{"not_picked":["rmod:aviationdawn","rmod:circuitoustactics"],"picked":"rmod:ammunitionsupply","floor":20},{"not_picked":["rmod:intelligenceanalysis","rmod:diamondstrike"],"picked":"rmod:mineteam","floor":21},{"not_picked":["rmod:ammunitionsupply","rmod:diamondstrike"],"picked":"rmod:luckystar","floor":23},{"not_picked":["testmod-PowerStrike","REME_HeartOfCthun"],"picked":"expansioncontent:Corrupt","floor":27},{"not_picked":["expansioncontent:Torchfire","Replay:Sssssssssstrike"],"picked":"testmod-Mystery","floor":27},{"not_picked":["REME_ProfessionalPlagiarism","Good Instincts"],"picked":"Replay:SS_forest_2","floor":27},{"not_picked":["rmod:aluminumsupply","rmod:smokecover"],"picked":"rmod:selfconfidence","floor":28},{"not_picked":["rmod:intelligenceanalysis","rmod:aggressivemary"],"picked":"rmod:fuelsupply+1","floor":29},{"not_picked":["rmod:circuitoustactics","rmod:fletcherpendant"],"picked":"rmod:selfconfidence+1","floor":31},{"not_picked":["rmod:u235","rmod:fletcher"],"picked":"rmod:supriseattacks","floor":33},{"not_picked":["rmod:aviationdawn","rmod:robin+1"],"picked":"rmod:fuelsupply+1","floor":35},{"not_picked":["rmod:fuelsupply+1","rmod:robin+1"],"picked":"rmod:victimresponsibility","floor":36},{"not_picked":["rmod:circuitoustactics","rmod:diamondstrike+1"],"picked":"rmod:salvage","floor":38},{"not_picked":["rmod:aggressivemary","rmod:steelsupply+1"],"picked":"rmod:bulid","floor":41},{"not_picked":["rmod:bulid+1","rmod:gendarmerie"],"picked":"rmod:spoils","floor":45}],"player_experience":556550,"relics_obtained":[{"floor":9,"key":"AT_BellowingDragoncrestRing"},{"floor":11,"key":"Dota2Spire:MonkeyKingBar"},{"floor":23,"key":"DemoMod:GundromedaStrain"},{"floor":26,"key":"Dota2Spire:UrnOfShadows"},{"floor":29,"key":"DemoMod:NanoMachines"},{"floor":41,"key":"Dota2Spire:Vanguard"},{"floor":43,"key":"ReplayTheSpireMod:Shallot"},{"floor":45,"key":"CeramicFish"},{"floor":48,"key":"DemoMod:JetPack"}],"event_choices":[{"damage_healed":0,"gold_gain":400,"player_choice":"Sell","damage_taken":0,"max_hp_gain":0,"max_hp_loss":0,"event_name":"恩洛斯的盘子","floor":22,"relics_lost":["testmod-TestBox"],"gold_loss":0},{"damage_healed":0,"gold_gain":0,"player_choice":"Swap Relic","damage_taken":0,"relics_obtained":["MawBank"],"max_hp_gain":0,"max_hp_loss":0,"event_name":"给自己的盒子","floor":46,"relics_lost":["AT_ATBox"],"gold_loss":0}],"is_beta":false,"boss_relics":[{"not_picked":["Coffee Dripper","testmod-DreamHouse"],"picked":"Snecko Eye"},{"not_picked":["testmod-IncinerationGenerator","Busted Crown"],"picked":"REME_ChargedStone"}],"items_purged_floors":[3,14],"is_endless":false,"potions_floor_spawned":[11,16,21,23,28,31,36,45],"ascension_level":0}}