{"host":"porgtwlvhh3hs75v","time":1608730460,"event":{"mods":["ATMod(°¢èªMod)","Act Like it!","BaseMod","GifTheSpireLib","Minty Spire (QoL Compilation)","StSLib"],"gold_per_floor":[15,27,43,43,59,59,78,78,78,103,103,113,123,149,149,225,225,237,0,0,50,61,95,108,134,134,168,168,168,168,185,185,260,260,274,293,193,208,208,237,253,280,304,304,304,29,75,117,117,117,117,117,117,83,114,114],"floor_reached":57,"playtime":3245,"items_purged":["Lockon","Chaos"],"score":3045,"play_id":"a6c2a3d0-90e0-4308-af04-601a3aaa001b","local_time":"20201223213420","is_ascension_mode":true,"campfire_choices":[{"data":"Recycle","floor":6.0,"key":"SMITH"},{"data":"Loop","floor":11.0,"key":"SMITH"},{"data":"AT_EssenceShift","floor":15.0,"key":"SMITH"},{"data":"Heatsinks","floor":30.0,"key":"SMITH"},{"data":"AT_WarpDrive","floor":32.0,"key":"SMITH"},{"data":"Turbo","floor":44,"key":"SMITH"},{"floor":49,"key":"RECALL"},{"data":"AT_StudyProgram","floor":53,"key":"SMITH"}],"circlet_count":0,"master_deck":["AscendersBane","AT_EssenceShift+1","Hologram","Sunder+1","Loop+1","Recycle+1","Meteor Strike","Self Repair","All For One","Reinforced Body","Scrape","Ball Lightning","Heatsinks+1","Conserve Battery","AT_RobotInSpace+1","Electrodynamics","AT_HeatAcrobatics","Glacier","AT_WarpDrive+1","Doom and Gloom","Barrage","AT_WaterDrop","Decay","AT_StudyProgram+1","Turbo+1","Skim","Decay","White Noise","Skim","Capacitor"],"relics":["Cracked Core","AT_ATBox","Incense Burner","Meat on the Bone","Dead Branch","Bird Faced Urn","Gremlin Horn","Pandora\u0027s Box","OrangePellets","Juzu Bracelet","DataDisk","Lizard Tail","Centennial Puzzle","Cursed Key","AT_RedTearstoneRing","Girya","Mummified Hand","AT_Kusabimaru","CeramicFish","AT_SpeedBoots"],"acts_visited":["Exordium","TheCity","TheBeyond","TheEnding"],"potions_floor_usage":[],"damage_taken":[{"damage":4.0,"enemies":"Small Slimes","floor":1.0,"turns":3.0},{"damage":0.0,"enemies":"Cultist","floor":2.0,"turns":3.0},{"damage":2.0,"enemies":"Jaw Worm","floor":3.0,"turns":3.0},{"damage":2.0,"enemies":"2 Fungi Beasts","floor":5.0,"turns":3.0},{"damage":9.0,"enemies":"Blue Slaver","floor":7.0,"turns":4.0},{"damage":17.0,"enemies":"Gremlin Nob","floor":10.0,"turns":4.0},{"damage":7.0,"enemies":"Looter","floor":12.0,"turns":4.0},{"damage":0.0,"enemies":"2 Fungi Beasts","floor":13.0,"turns":2.0},{"damage":4.0,"enemies":"3 Sentries","floor":14.0,"turns":7.0},{"damage":28.0,"enemies":"The Guardian","floor":16.0,"turns":10.0},{"damage":6.0,"enemies":"Chosen","floor":18.0,"turns":6.0},{"damage":27.0,"enemies":"Spheric Guardian","floor":22.0,"turns":4.0},{"damage":40.0,"enemies":"Book of Stabbing","floor":23.0,"turns":7.0},{"damage":36.0,"enemies":"Snake Plant","floor":24.0,"turns":5.0},{"damage":28.0,"enemies":"Gremlin Leader","floor":25.0,"turns":8.0},{"damage":57.0,"enemies":"Book of Stabbing","floor":27.0,"turns":7.0},{"damage":2.0,"enemies":"Chosen and Byrds","floor":31.0,"turns":5.0},{"damage":25.0,"enemies":"Automaton","floor":33.0,"turns":5.0},{"damage":16.0,"enemies":"3 Darklings","floor":35.0,"turns":4.0},{"damage":11.0,"enemies":"Orb Walker","floor":36.0,"turns":2.0},{"damage":0.0,"enemies":"Maw","floor":38.0,"turns":4.0},{"damage":0.0,"enemies":"Reptomancer","floor":40.0,"turns":3.0},{"damage":57.0,"enemies":"Transient","floor":41.0,"turns":6.0},{"damage":28.0,"enemies":"Nemesis","floor":42.0,"turns":11.0},{"damage":32,"enemies":"2 Orb Walkers","floor":47,"turns":4},{"damage":16,"enemies":"Reptomancer","floor":48,"turns":2},{"damage":0,"enemies":"Time Eater","floor":50,"turns":5},{"damage":39,"enemies":"Donu and Deca","floor":51,"turns":4},{"damage":0,"enemies":"Shield and Spear","floor":55,"turns":2},{"damage":46,"enemies":"The Heart","floor":56,"turns":7}],"seed_played":"3585984455833791426","potions_obtained":[{"floor":5.0,"key":"FocusPotion"},{"floor":10.0,"key":"AttackPotion"},{"floor":16.0,"key":"Swift Potion"},{"floor":24.0,"key":"EntropicBrew"},{"floor":27.0,"key":"FearPotion"},{"floor":33.0,"key":"ColorlessPotion"},{"floor":38.0,"key":"SteroidPotion"},{"floor":40.0,"key":"FairyPotion"},{"floor":47,"key":"Swift Potion"}],"is_trial":false,"path_per_floor":["M","M","M","?","M","R","M","?","T","E","R","M","M","E","R","B",null,"M","$","?","?","M","E","M","E","T","E","?","?","R","M","R","B",null,"M","M","$","M","?","E","M","E","T","R","?","$","?","E","R","B","B",null,"R","$","E","B",null],"character_chosen":"DEFECT","items_purchased":["OrangePellets","Mummified Hand","Capacitor"],"campfire_rested":0,"item_purchase_floors":[19,46,54],"current_hp_per_floor":[60,60,58,58,56,56,47,42,42,37,37,46,48,52,52,53,67,71,71,71,71,55,48,43,50,50,22,22,22,22,43,43,51,66,64,71,71,71,71,71,45,48,48,48,48,48,53,66,66,71,71,71,71,71,71,71],"gold":114,"neow_bonus":"ONE_RARE_RELIC","is_daily":false,"chose_seed":false,"campfire_upgraded":7,"win_rate":0.0,"timestamp":1608730460,"path_taken":["M","M","M","?","?","R","M","?","T","E","R","M","M","E","R","BOSS","M","$","?","?","M","E","M","E","T","E","?","?","R","M","R","BOSS","M","M","$","M","?","E","M","E","T","R","?","$","?","E","R","BOSS","BOSS","R","$","E","BOSS"],"items_purchased_type":["Relic","Relic","Card"],"build_version":"2020-12-22","purchased_purges":2,"victory":true,"max_hp_per_floor":[71,71,71,71,71,71,71,71,71,71,71,71,71,71,71,71,71,71,71,71,71,71,71,71,71,71,71,71,71,71,71,71,71,71,71,71,71,71,71,71,71,71,71,71,71,71,71,71,71,71,71,71,71,71,71,71],"card_choices":[{"not_picked":["Stack","AT_HeatAcrobatics"],"picked":"Hologram","floor":1.0},{"not_picked":["Auto Shields","AT_HeatAcrobatics"],"picked":"Sunder","floor":2.0},{"not_picked":["Conserve Battery","Cold Snap"],"picked":"Loop","floor":3.0},{"not_picked":["Steam","AT_HeatAcrobatics"],"picked":"Recycle","floor":5.0},{"not_picked":["Leap","Gash","Compile Driver"],"picked":"SKIP","floor":7.0},{"not_picked":["Leap","Chaos"],"picked":"Meteor Strike","floor":10.0},{"not_picked":["Barrage","FTL","Compile Driver"],"picked":"SKIP","floor":12.0},{"not_picked":["Blizzard","BootSequence"],"picked":"Ball Lightning","floor":13.0},{"not_picked":["Reprogram","Streamline"],"picked":"Self Repair","floor":14.0},{"not_picked":["Thunder Strike","Seek"],"picked":"All For One","floor":16.0},{"not_picked":["Aggregate","Doom and Gloom"],"picked":"AT_RobotInSpace+1","floor":18.0},{"not_picked":["Redo","Beam Cell","Go for the Eyes"],"picked":"SKIP","floor":22.0},{"not_picked":["Turbo","Streamline"],"picked":"Electrodynamics","floor":23.0},{"not_picked":["Auto Shields","Compile Driver"],"picked":"AT_HeatAcrobatics","floor":24.0},{"not_picked":["Barrage","Darkness"],"picked":"Glacier","floor":25.0},{"not_picked":["Reinforced Body","Melter"],"picked":"AT_WarpDrive","floor":27.0},{"not_picked":["Stack","Conserve Battery+1","Compile Driver+1"],"picked":"SKIP","floor":31.0},{"not_picked":["Fission","Buffer"],"picked":"AT_WaterDrop","floor":33.0},{"not_picked":["AT_HeatAcrobatics","Steam","Rebound+1"],"picked":"SKIP","floor":35.0},{"not_picked":["Steam Power","Self Repair","Force Field+1"],"picked":"SKIP","floor":36.0},{"not_picked":["Cold Snap","Rebound","AT_HeatAcrobatics"],"picked":"SKIP","floor":38.0},{"not_picked":["Cold Snap+1","Barrage"],"picked":"AT_StudyProgram","floor":40.0},{"not_picked":["Sunder+1","Self Repair"],"picked":"Turbo","floor":41.0},{"not_picked":["Steam Power+1","Buffer"],"picked":"Skim","floor":42.0},{"not_picked":["Conserve Battery","Fusion"],"picked":"White Noise","floor":47},{"not_picked":["Compile Driver","Tempest"],"picked":"Skim","floor":48},{"not_picked":["Steam Power","Gash","Static Discharge"],"picked":"SKIP","floor":55}],"player_experience":485693,"relics_obtained":[{"floor":9.0,"key":"Dead Branch"},{"floor":10.0,"key":"Bird Faced Urn"},{"floor":14.0,"key":"Gremlin Horn"},{"floor":23.0,"key":"Juzu Bracelet"},{"floor":25.0,"key":"DataDisk"},{"floor":26.0,"key":"Lizard Tail"},{"floor":27.0,"key":"Centennial Puzzle"},{"floor":40.0,"key":"AT_RedTearstoneRing"},{"floor":42.0,"key":"Girya"},{"floor":47,"key":"AT_Kusabimaru"},{"floor":48,"key":"CeramicFish"},{"floor":55,"key":"AT_SpeedBoots"}],"event_choices":[{"damage_healed":0.0,"max_hp_gain":0.0,"max_hp_loss":0.0,"gold_gain":0.0,"event_name":"Accursed Blacksmith","player_choice":"Forge","floor":4.0,"gold_loss":0.0,"damage_taken":0.0,"cards_upgraded":["Sunder"]},{"damage_healed":0.0,"max_hp_gain":0.0,"max_hp_loss":0.0,"gold_gain":0.0,"event_name":"Scrap Ooze","player_choice":"Success","floor":8.0,"gold_loss":0.0,"damage_taken":5.0,"relics_obtained":["Meat on the Bone"]},{"damage_healed":0.0,"max_hp_gain":0.0,"max_hp_loss":0.0,"gold_gain":50.0,"event_name":"Nest","player_choice":"Stole From Cult","floor":21.0,"gold_loss":0.0,"damage_taken":0.0},{"cards_removed":["Cold Snap"],"damage_healed":0.0,"max_hp_gain":0.0,"max_hp_loss":0.0,"gold_gain":0.0,"event_name":"Back to Basics","player_choice":"Elegance","floor":28.0,"gold_loss":0.0,"damage_taken":0.0},{"damage_healed":0.0,"max_hp_gain":0.0,"max_hp_loss":0.0,"gold_gain":0.0,"cards_transformed":["Zap","Dualcast"],"event_name":"Drug Dealer","player_choice":"Became Test Subject","floor":29.0,"gold_loss":0.0,"damage_taken":0.0,"cards_obtained":["Doom and Gloom","Barrage"]},{"damage_healed":0.0,"max_hp_gain":0.0,"max_hp_loss":0.0,"gold_gain":0.0,"event_name":"Wheel of Change","player_choice":"Cursed","floor":39.0,"gold_loss":0.0,"damage_taken":0.0,"cards_obtained":["Decay"]},{"cards_removed":["Ball Lightning"],"damage_healed":0,"gold_gain":0,"player_choice":"Removed Attack","damage_taken":0,"max_hp_gain":0,"max_hp_loss":0,"event_name":"Falling","floor":45,"gold_loss":0},{"damage_healed":0,"gold_gain":0,"player_choice":"Fight","damage_taken":0,"max_hp_gain":0,"max_hp_loss":0,"event_name":"Mysterious Sphere","floor":47,"gold_loss":0}],"is_beta":false,"boss_relics":[{"not_picked":["Sozu","Fusion Hammer"],"picked":"Pandora\u0027s Box"},{"not_picked":["Tiny House","Inserter"],"picked":"Cursed Key"}],"items_purged_floors":[19,37],"is_endless":false,"potions_floor_spawned":[5,10,12,16,24,27,31,33,38,40,41,47],"ascension_level":20}}