{"host":"ktoxvvst1mwxww91","time":1608707658,"event":{"mods":["BaseMod","Hermit","Minty Spire (QoL Compilation)","StSLib","The Hierophant","The Mystic","The Necromancer"],"gold_per_floor":[109,109,34,34,34,69,69,98,143,159,159,190,115,128,128,203,203,163,53,68,79,79,79,79,114,177,202,114,114,114,126,126,126,126],"floor_reached":33,"playtime":1008,"items_purged":["Strike_B","Writhe"],"score":612,"play_id":"adeb8c24-13cc-42d4-a614-5a1214e55e8b","local_time":"20201223081418","is_ascension_mode":true,"campfire_choices":[{"data":"Melter","floor":7.0,"key":"SMITH"},{"data":"Go for the Eyes","floor":15.0,"key":"SMITH"},{"data":"Beam Cell","floor":23.0,"key":"SMITH"},{"floor":30.0,"key":"REST"},{"floor":32.0,"key":"REST"}],"circlet_count":0,"master_deck":["AscendersBane","Strike_B+1","Strike_B+1","Defend_B","Defend_B","Defend_B","Defend_B","Conserve Battery+1","Melter+1","Beam Cell","Go for the Eyes+1","Conserve Battery","Beam Cell+1","Sweeping Beam","Gash+1","Cold Snap","BootSequence+1","FTL","Steam","Chaos","Electrodynamics"],"relics":["FrozenCore","NeowsBlessing","Question Card","Kunai","Bag of Preparation","Boot","Potion Belt","Mummified Hand","MawBank","PreservedInsect"],"acts_visited":["Exordium","TheCity"],"potions_floor_usage":[33],"damage_taken":[{"damage":0.0,"enemies":"Cultist","floor":1.0,"turns":1.0},{"damage":0.0,"enemies":"Lagavulin","floor":6.0,"turns":2.0},{"damage":0.0,"enemies":"3 Sentries","floor":8.0,"turns":1.0},{"damage":0.0,"enemies":"2 Louse","floor":10.0,"turns":2.0},{"damage":17.0,"enemies":"Lagavulin","floor":12.0,"turns":5.0},{"damage":0.0,"enemies":"Jaw Worm","floor":14.0,"turns":3.0},{"damage":6.0,"enemies":"Hexaghost","floor":16.0,"turns":11.0},{"damage":14.0,"enemies":"2 Thieves","floor":18.0,"turns":5.0},{"damage":0.0,"enemies":"Chosen","floor":20.0,"turns":4.0},{"damage":0.0,"enemies":"Sentry and Sphere","floor":21.0,"turns":3.0},{"damage":37.0,"enemies":"Gremlin Leader","floor":25.0,"turns":10.0},{"damage":1.0,"enemies":"Centurion and Healer","floor":27.0,"turns":8.0},{"damage":5.0,"enemies":"Snecko","floor":31.0,"turns":8.0},{"damage":81,"enemies":"Collector","floor":33,"turns":8}],"seed_played":"-3306856551536164416","potions_obtained":[{"floor":1.0,"key":"PowerPotion"},{"floor":8.0,"key":"ColorlessPotion"},{"floor":10.0,"key":"FearPotion"},{"floor":14.0,"key":"DistilledChaos"},{"floor":20.0,"key":"FairyPotion"},{"floor":27.0,"key":"DistilledChaos"},{"floor":31.0,"key":"EssenceOfDarkness"}],"is_trial":false,"path_per_floor":["M","?","$","?","$","E","R","E","T","M","?","E","?","M","R","B",null,"M","?","M","M","?","R","?","E","T","M","$","?","R","M","R","B"],"character_chosen":"DEFECT","items_purchased":[],"campfire_rested":2,"item_purchase_floors":[],"current_hp_per_floor":[64,43,43,38,38,38,38,38,38,38,61,44,44,44,44,38,63,49,49,49,49,49,49,49,12,12,11,11,11,32,27,48,0,0],"gold":126,"neow_bonus":"THREE_ENEMY_KILL","is_daily":false,"chose_seed":false,"campfire_upgraded":3,"win_rate":0.0,"timestamp":1608707658,"path_taken":["M","?","$","?","$","E","R","E","T","M","?","E","?","M","R","BOSS","M","?","M","?","?","R","?","E","T","M","$","?","R","M","R","BOSS"],"items_purchased_type":[],"build_version":"2020-12-22","purchased_purges":2,"victory":false,"max_hp_per_floor":[71,71,71,71,71,71,71,71,71,71,71,71,71,71,71,71,71,71,71,71,71,71,71,71,71,71,71,71,71,71,71,71,71,71],"card_choices":[{"not_picked":["Skim","Storm"],"picked":"Conserve Battery","floor":1.0},{"not_picked":["Stack","Hello World","Auto Shields"],"picked":"Melter","floor":6.0},{"not_picked":["Chaos","Leap","Coolheaded"],"picked":"Beam Cell","floor":8.0},{"not_picked":["Sweeping Beam","Rebound","Turbo"],"picked":"Go for the Eyes","floor":10.0},{"not_picked":["Multi-Cast","Blizzard","Double Energy"],"picked":"Conserve Battery","floor":12.0},{"not_picked":["Stack","Hologram","Tempest"],"picked":"Beam Cell","floor":14.0},{"not_picked":["Echo Form","Hyperbeam","Creative AI"],"picked":"Rainbow","floor":16.0},{"not_picked":["Compile Driver","Storm","Genetic Algorithm"],"picked":"Sweeping Beam","floor":18.0},{"not_picked":["Self Repair","Beam Cell","Streamline"],"picked":"Gash+1","floor":20.0},{"not_picked":["Sweeping Beam","Steam+1","Conserve Battery"],"picked":"Cold Snap","floor":21.0},{"not_picked":["Rebound","Undo","Aggregate"],"picked":"BootSequence+1","floor":25.0},{"not_picked":["Beam Cell","Compile Driver","Hologram"],"picked":"FTL","floor":27.0},{"not_picked":["Compile Driver","Barrage","Steam"],"picked":"Electrodynamics","floor":31.0}],"player_experience":919864,"relics_obtained":[{"floor":6.0,"key":"Kunai"},{"floor":8.0,"key":"Bag of Preparation"},{"floor":9.0,"key":"Boot"},{"floor":12.0,"key":"Potion Belt"},{"floor":25.0,"key":"MawBank"},{"floor":26.0,"key":"PreservedInsect"}],"event_choices":[{"damage_healed":0.0,"max_hp_gain":0.0,"max_hp_loss":0.0,"gold_gain":0.0,"event_name":"Shining Light","player_choice":"Entered Light","floor":2.0,"gold_loss":0.0,"damage_taken":21.0,"cards_upgraded":["Strike_B","Strike_B"]},{"damage_healed":0.0,"max_hp_gain":0.0,"max_hp_loss":0.0,"gold_gain":0.0,"event_name":"Scrap Ooze","player_choice":"Success","floor":4.0,"gold_loss":0.0,"damage_taken":5.0,"relics_obtained":["Question Card"]},{"damage_healed":23.0,"max_hp_gain":0.0,"max_hp_loss":0.0,"gold_gain":0.0,"event_name":"Big Fish","player_choice":"Banana","floor":11.0,"gold_loss":0.0,"damage_taken":0.0},{"cards_removed":["Strike_B"],"damage_healed":0.0,"max_hp_gain":0.0,"max_hp_loss":0.0,"gold_gain":0.0,"event_name":"The Cleric","player_choice":"Card Removal","floor":13.0,"gold_loss":75.0,"damage_taken":0.0},{"cards_removed":["Zap"],"damage_healed":0.0,"max_hp_gain":0.0,"max_hp_loss":0.0,"gold_gain":0.0,"event_name":"Designer","player_choice":"Upgrade and Remove","floor":19.0,"gold_loss":110.0,"damage_taken":0.0,"cards_upgraded":["Conserve Battery"]},{"damage_healed":0.0,"max_hp_gain":0.0,"max_hp_loss":0.0,"gold_gain":0.0,"event_name":"Vampires","player_choice":"Ignored","floor":22.0,"gold_loss":0.0,"damage_taken":0.0},{"damage_healed":0.0,"max_hp_gain":0.0,"max_hp_loss":0.0,"gold_gain":0.0,"event_name":"The Mausoleum","player_choice":"Opened","floor":24.0,"gold_loss":0.0,"damage_taken":0.0,"relics_obtained":["Mummified Hand"],"cards_obtained":["Writhe"]},{"damage_healed":0.0,"max_hp_gain":0.0,"max_hp_loss":0.0,"gold_gain":0.0,"cards_transformed":["Rainbow","Dualcast"],"event_name":"Drug Dealer","player_choice":"Became Test Subject","floor":29.0,"gold_loss":0.0,"damage_taken":0.0,"cards_obtained":["Steam","Chaos"]}],"is_beta":false,"boss_relics":[{"not_picked":["Runic Dome","Black Star"],"picked":"FrozenCore"}],"items_purged_floors":[3,28],"is_endless":false,"potions_floor_spawned":[1,8,10,14,20,27,31],"killed_by":"Collector","ascension_level":17}}