{"host":"solomon","time":1608692563,"event":{"mods":["Act Like it!","BaseMod","Library of Ruina","Library of Ruina Extra","Luminous","Minty Spire (QoL Compilation)","Robot Space Explorer","StSLib","The Dragon Tamer","【东方二次创作】八云紫mod","残留之物"],"gold_per_floor":[111,125,95,113,130,164,174,174,174],"floor_reached":8,"playtime":455,"items_purged":[],"score":63,"play_id":"3b2c7416-8930-4edf-84bb-cfff1f75c635","local_time":"20201223110243","is_ascension_mode":true,"campfire_choices":[],"circlet_count":0,"master_deck":["PlaceholderMod:BaseStrike","PlaceholderMod:BaseStrike","PlaceholderMod:BaseStrike","PlaceholderMod:BaseStrike","PlaceholderMod:BaseStrike","PlaceholderMod:BaseDefend","PlaceholderMod:BaseDefend","PlaceholderMod:BaseDefend","PlaceholderMod:BaseDefend","PlaceholderMod:BaseDefend","PlaceholderMod:Crystal","PlaceholderMod:PoisonWhip","Secret Technique","PlaceholderMod:StressReaction","PlaceholderMod:SelectReaction","PlaceholderMod:MultiReaction"],"relics":["PlaceholderMod:Tancle","Mummified Hand"],"acts_visited":["Exordium"],"potions_floor_usage":[6,6],"damage_taken":[{"damage":0,"enemies":"Jaw Worm","floor":1,"turns":4},{"damage":1,"enemies":"Cultist","floor":2,"turns":3},{"damage":0,"enemies":"Small Slimes","floor":4,"turns":4},{"damage":5,"enemies":"2 Fungi Beasts","floor":5,"turns":4},{"damage":11,"enemies":"Lagavulin","floor":6,"turns":5},{"damage":6,"enemies":"Gremlin Gang","floor":7,"turns":8},{"damage":0,"enemies":"3 Sentries","floor":8,"turns":1}],"seed_played":"-7444475485122086428","potions_obtained":[{"floor":2,"key":"AttackPotion"},{"floor":3,"key":"ColorlessPotion"},{"floor":3,"key":"ColorlessPotion"}],"is_trial":false,"path_per_floor":["M","M","?","M","M","E","M","E"],"character_chosen":"THE_PLACEHOLDER","items_purchased":[],"campfire_rested":0,"item_purchase_floors":[],"current_hp_per_floor":[57,56,56,56,51,40,34,34,34],"gold":174,"neow_bonus":"RANDOM_COLORLESS_2","is_daily":false,"chose_seed":false,"campfire_upgraded":0,"win_rate":0.0,"timestamp":1608692563,"path_taken":["M","M","?","M","?","E","?","E"],"items_purchased_type":[],"build_version":"2020-12-18","purchased_purges":0,"victory":false,"max_hp_per_floor":[78,78,78,78,78,78,78,78,78],"card_choices":[{"not_picked":["Violence","Panache"],"picked":"Secret Technique","floor":0},{"not_picked":["PlaceholderMod:AngryAttack","PlaceholderMod:ContinueSpray"],"picked":"PlaceholderMod:StressReaction","floor":1},{"not_picked":["PlaceholderMod:PoisonExcitation","PlaceholderMod:HardStinger","PlaceholderMod:Turn"],"picked":"SKIP","floor":2},{"not_picked":["PlaceholderMod:SpinBlade","PlaceholderMod:Polyp","PlaceholderMod:DirectingGroup"],"picked":"SKIP","floor":4},{"not_picked":["PlaceholderMod:FastReaction","PlaceholderMod:Internalization"],"picked":"PlaceholderMod:SelectReaction","floor":5},{"not_picked":["PlaceholderMod:CycleAttack","PlaceholderMod:Internalization"],"picked":"PlaceholderMod:MultiReaction","floor":6},{"not_picked":["PlaceholderMod:SprayAttack","PlaceholderMod:PoisonAbsorb","PlaceholderMod:TriggerStrike"],"picked":"SKIP","floor":7},{"not_picked":["PlaceholderMod:SprayAttack","PlaceholderMod:PoisonAbsorb","PlaceholderMod:TriggerStrike"],"picked":"SKIP","floor":7}],"player_experience":419224,"relics_obtained":[{"floor":6,"key":"Mummified Hand"}],"event_choices":[{"damage_healed":0,"gold_gain":0,"player_choice":"Bought 2 Potions","damage_taken":0,"max_hp_gain":0,"max_hp_loss":0,"event_name":"The Woman in Blue","floor":3,"gold_loss":0}],"is_beta":true,"boss_relics":[],"items_purged_floors":[],"is_endless":false,"potions_floor_spawned":[2,4],"killed_by":"3 Sentries","ascension_level":1}}