{"host":"dvpvhz1t6etneyb3","time":1608763997,"event":{"mods":["AchievementEnabler","BaseMod","Colored Map","Highlight Path","Minty Spire (QoL Compilation)","Permanent Neow","Quick Restart"],"gold_per_floor":[116,126,47,0,18,49,49,83,83,83,29,51,86,135,135,135,135],"floor_reached":16,"playtime":572,"items_purged":[],"score":232,"play_id":"aa6fc001-1960-4d6b-8e02-0f5b0f3e279c","local_time":"20201223175317","is_ascension_mode":true,"campfire_choices":[{"floor":7.0,"key":"REST"},{"data":"Footwork","floor":10.0,"key":"SMITH"},{"floor":15.0,"key":"REST"}],"circlet_count":0,"master_deck":["AscendersBane","Strike_G","Strike_G","Strike_G","Strike_G","Strike_G","Defend_G","Defend_G","Defend_G","Defend_G","Defend_G","Survivor","Neutralize","Dash","Predator","Noxious Fumes","Dodge and Roll","Footwork+1","Dagger Spray","Deadly Poison"],"relics":["Ring of the Snake","Anchor","Ornamental Fan","Akabeko","Odd Mushroom","MealTicket","Ancient Tea Set"],"acts_visited":["Exordium"],"potions_floor_usage":[16],"damage_taken":[{"damage":1.0,"enemies":"2 Louse","floor":1.0,"turns":3.0},{"damage":3.0,"enemies":"Jaw Worm","floor":2.0,"turns":4.0},{"damage":0.0,"enemies":"Small Slimes","floor":5.0,"turns":2.0},{"damage":20.0,"enemies":"Gremlin Nob","floor":6.0,"turns":4.0},{"damage":18.0,"enemies":"3 Sentries","floor":8.0,"turns":9.0},{"damage":0.0,"enemies":"The Mushroom Lair","floor":12.0,"turns":1.0},{"damage":31.0,"enemies":"Gremlin Nob","floor":13.0,"turns":5.0},{"damage":34,"enemies":"Slime Boss","floor":16,"turns":9}],"seed_played":"-8022701373208379700","potions_obtained":[{"floor":1.0,"key":"Explosive Potion"},{"floor":2.0,"key":"Fire Potion"},{"floor":13.0,"key":"SneckoOil"}],"is_trial":false,"path_per_floor":["M","M","$","?","M","E","R","E","T","R","$","?","E","T","R","B"],"character_chosen":"THE_SILENT","items_purchased":["Noxious Fumes","Dagger Spray"],"campfire_rested":2,"item_purchase_floors":[3,11],"current_hp_per_floor":[64,61,61,61,61,41,62,44,44,44,44,44,13,13,34,0,0],"gold":135,"neow_bonus":"TEN_PERCENT_HP_BONUS","is_daily":false,"chose_seed":false,"campfire_upgraded":1,"win_rate":0.0,"timestamp":1608763997,"path_taken":["M","M","$","?","M","E","R","E","T","R","$","?","E","?","R","BOSS"],"items_purchased_type":["Card","Card"],"build_version":"2020-12-22","purchased_purges":0,"victory":false,"max_hp_per_floor":[72,72,72,72,72,72,72,72,72,72,72,72,72,72,72,72,72],"card_choices":[{"not_picked":["PiercingWail","Setup"],"picked":"Dash","floor":1.0},{"not_picked":["Leg Sweep","Dagger Throw"],"picked":"Predator","floor":2.0},{"not_picked":["Caltrops","Prepared","Underhanded Strike"],"picked":"SKIP","floor":5.0},{"not_picked":["Deflect","Grand Finale"],"picked":"Dodge and Roll","floor":6.0},{"not_picked":["Deadly Poison","PiercingWail"],"picked":"Footwork","floor":8.0},{"not_picked":["Dagger Throw","Prepared"],"picked":"Deadly Poison","floor":12.0},{"not_picked":["Sucker Punch","Bane","Escape Plan"],"picked":"SKIP","floor":13.0}],"player_experience":1947235,"relics_obtained":[{"floor":6.0,"key":"Anchor"},{"floor":8.0,"key":"Ornamental Fan"},{"floor":9.0,"key":"Akabeko"},{"floor":12.0,"key":"Odd Mushroom"},{"floor":13.0,"key":"MealTicket"},{"floor":14.0,"key":"Ancient Tea Set"}],"event_choices":[{"damage_healed":0.0,"max_hp_gain":0.0,"max_hp_loss":0.0,"gold_gain":0.0,"event_name":"World of Goop","player_choice":"Left Gold","floor":4.0,"gold_loss":47.0,"damage_taken":0.0},{"damage_healed":0.0,"max_hp_gain":0.0,"max_hp_loss":0.0,"gold_gain":0.0,"event_name":"Mushrooms","player_choice":"Fought Mushrooms","floor":12.0,"gold_loss":0.0,"damage_taken":0.0}],"is_beta":false,"boss_relics":[],"items_purged_floors":[],"is_endless":false,"potions_floor_spawned":[1,2,13],"killed_by":"Slime Boss","ascension_level":20}}