{"host":"ruzbe9usp9zhw4m7","time":1608714892,"event":{"mods":["BaseMod","Colored Map","Downfall","Googly Eyes","Hermit","Marisa????????","Minty Spire (QoL Compilation)","Replay The Spire","StSLib","The Bug Knight","The Cursed","The Disciple","The Servant 0.9.4"],"gold_per_floor":[114,131,141,141,155,155,165,179,179,179,179,179,199,47,47,47,47],"floor_reached":16,"playtime":699,"items_purged":[],"score":94,"play_id":"20ec224a-1358-4cd4-92b4-89ddf6a90f12","local_time":"20201223031452","is_ascension_mode":false,"campfire_choices":[{"data":"Bouncing Flask","floor":6,"key":"SMITH"},{"data":"Catalyst","floor":10,"key":"SMITH"},{"data":"Toxin Wave","floor":15,"key":"SMITH"}],"circlet_count":0,"master_deck":["Strike_G","Strike_G","Strike_G","Strike_G","Strike_G","Defend_G","Defend_G","Defend_G","Defend_G","Defend_G","Survivor","Neutralize+1","Toxin Wave+1","Bouncing Flask+1","Catalyst+1","Outmaneuver"],"relics":["Ring of the Snake","Mirror","Golden Idol","Tiny Chest"],"acts_visited":["Exordium"],"potions_floor_usage":[5,13,13],"damage_taken":[{"damage":1,"enemies":"Cultist","floor":1,"turns":4},{"damage":0,"enemies":"2 Louse","floor":2,"turns":3},{"damage":2,"enemies":"Small Slimes","floor":3,"turns":4},{"damage":0,"enemies":"Gremlin Gang","floor":5,"turns":2},{"damage":4,"enemies":"Looter","floor":7,"turns":3},{"damage":15,"enemies":"Exordium Wildlife","floor":8,"turns":3},{"damage":0,"enemies":"Red Slaver","floor":13,"turns":3},{"damage":58,"enemies":"Fading Forest","floor":16,"turns":8}],"seed_played":"-4445103922572251056","potions_obtained":[{"floor":1,"key":"Toxic Potion"},{"floor":3,"key":"Block Potion"},{"floor":7,"key":"SteroidPotion"}],"is_trial":false,"path_per_floor":["M","M","M","?","M","R","M","M","T","R","?","?","M","$","R","B"],"character_chosen":"THE_SILENT","items_purchased":["Tiny Chest"],"campfire_rested":0,"item_purchase_floors":[14],"current_hp_per_floor":[76,76,74,74,74,74,70,55,55,55,55,55,55,55,55,0,0],"gold":47,"neow_bonus":"TEN_PERCENT_HP_BONUS","is_daily":false,"chose_seed":false,"campfire_upgraded":3,"win_rate":0.0,"timestamp":1608714892,"path_taken":["M","M","?","?","M","R","M","M","T","R","?","?","?","?","R","BOSS"],"items_purchased_type":["Relic"],"build_version":"2020-12-22","purchased_purges":0,"victory":false,"max_hp_per_floor":[77,77,77,77,77,77,77,77,77,77,71,71,71,71,71,71,71],"card_choices":[{"not_picked":["Dagger Spray","Backflip"],"picked":"Eviscerate","floor":1},{"not_picked":["Skewer","Noxious Fumes","Predator"],"picked":"SKIP","floor":2},{"not_picked":["PiercingWail","Poisoned Stab"],"picked":"Toxin Wave","floor":3},{"not_picked":["Blade Dance","Deadly Poison"],"picked":"Bouncing Flask","floor":5},{"not_picked":["Cloak And Dagger","Distraction"],"picked":"Catalyst","floor":7},{"not_picked":["Underhanded Strike","Masterful Stab"],"picked":"Outmaneuver","floor":8},{"not_picked":["Grand Finale","PiercingWail","Acrobatics"],"picked":"SKIP","floor":13}],"player_experience":662579,"relics_obtained":[{"floor":9,"key":"Mirror"}],"event_choices":[{"damage_healed":0,"gold_gain":0,"player_choice":"Lose Max HP","damage_taken":0,"relics_obtained":["Golden Idol"],"max_hp_gain":0,"max_hp_loss":6,"event_name":"Golden Idol","floor":11,"gold_loss":0},{"cards_removed":["Eviscerate"],"damage_healed":0,"gold_gain":0,"player_choice":"Purged","damage_taken":0,"max_hp_gain":0,"max_hp_loss":0,"event_name":"Purifier","floor":12,"gold_loss":0}],"is_beta":false,"boss_relics":[],"items_purged_floors":[],"is_endless":false,"potions_floor_spawned":[1,3,7],"killed_by":"Fading Forest","ascension_level":0}}