{"host":"flm17o2q7bfjyna6","time":1608750344,"event":{"mods":["2.2 Compatiblity","Act Like it!","BaseMod","Better Altar","Better Match","Better Note","Better Sensory Stone","Better Skull","Better Third Choice","Better Vampires","Colored Map","Colored Powertips","DeckTracker","Hermit","Minty Spire (QoL Compilation)","Quick Restart","Replay The Spire","Reworked Bosses","Spicy Shops","StSLib","Wandering Minibosses"],"gold_per_floor":[116,127,127,153,168,168,168],"floor_reached":6,"playtime":96,"items_purged":[],"score":54,"play_id":"a9cfa8ae-f978-4ab6-b06f-ef29c74913f1","local_time":"20201223140544","is_ascension_mode":true,"campfire_choices":[],"circlet_count":0,"master_deck":["AscendersBane","Strike_G","Strike_G","Strike_G","Strike_G","Strike_G","Defend_G","Defend_G","Defend_G","Defend_G","Defend_G","Survivor","Neutralize","ReplayTheSpireMod:Speed Training","ReplayTheSpireMod:Scrap Shanks","Good Instincts","Dagger Spray"],"relics":["Ring of the Snake","NeowsBlessing","Replay:Mystery Machine"],"acts_visited":["Exordium"],"potions_floor_usage":[6],"damage_taken":[{"damage":0,"enemies":"Jaw Worm","floor":1,"turns":1},{"damage":0,"enemies":"2 Louse","floor":2,"turns":1},{"damage":2,"enemies":"Small Slimes","floor":5,"turns":2},{"damage":71,"enemies":"Gremlin Nob","floor":6,"turns":5}],"seed_played":"1387757433269046400","potions_obtained":[{"floor":1,"key":"SpeedPotion"},{"floor":2,"key":"BlessingOfTheForge"}],"is_trial":false,"path_per_floor":["M","M","?","T","M","E"],"character_chosen":"THE_SILENT","items_purchased":[],"campfire_rested":0,"item_purchase_floors":[],"current_hp_per_floor":[63,63,63,63,61,0,0],"gold":168,"neow_bonus":"THREE_ENEMY_KILL","is_daily":false,"chose_seed":false,"campfire_upgraded":0,"win_rate":0.0,"timestamp":1608750344,"path_taken":["M","M","?","?","M","E"],"items_purchased_type":[],"build_version":"2020-12-22","purchased_purges":0,"victory":false,"max_hp_per_floor":[70,70,70,70,70,70,70],"card_choices":[{"not_picked":["Reflex","Distraction"],"picked":"ReplayTheSpireMod:Speed Training","floor":1},{"not_picked":["Outmaneuver","Bane"],"picked":"ReplayTheSpireMod:Scrap Shanks","floor":2},{"not_picked":["Madness","Poisoned Strike"],"picked":"Good Instincts","floor":3},{"not_picked":["Acrobatics","Quick Slash"],"picked":"Dagger Spray","floor":5}],"player_experience":1609722,"relics_obtained":[{"floor":4,"key":"Replay:Mystery Machine"}],"event_choices":[{"damage_healed":0,"gold_gain":1,"player_choice":"1","damage_taken":0,"max_hp_gain":0,"max_hp_loss":0,"event_name":"betterStone:BetterStone","floor":3,"gold_loss":0}],"is_beta":false,"boss_relics":[],"items_purged_floors":[],"is_endless":false,"potions_floor_spawned":[1,2],"killed_by":"Gremlin Nob","ascension_level":10}}