{"host":"7qwh44rcs0e87z6o","time":1608761301,"event":{"mods":["AchievementEnabler","BaseMod","Better-Laid Plans","Card Forge","Colored Powertips","Curses Come First","DeckTracker","Gold Saver","Minty Spire (QoL Compilation)","Quick Restart","StSLib"],"gold_per_floor":[936,764,839,853,866,896,896,912,989,1009,787,817,817,842,842,944,944,955,573,583,595,695,729,741,741,823,854,877,889,932,944,956,1073,1085,1115,1142,913,913,462,495,495,495,548,548,548],"floor_reached":44,"playtime":2059,"items_purged":[],"score":723,"play_id":"9c1a8147-ba21-4c76-ad31-9b636fd9209e","local_time":"20201223170821","is_ascension_mode":true,"campfire_choices":[{"floor":7,"key":"REST"},{"floor":13,"key":"REST"},{"floor":15,"key":"REST"},{"floor":25,"key":"REST"},{"floor":29,"key":"REST"},{"floor":32,"key":"REST"},{"floor":42,"key":"REST"}],"circlet_count":0,"master_deck":["Defend_R+1","Defend_R+1","Defend_R+1","Defend_R+1","Bash+1","Barricade+1","Combust+1","Dual Wield+1","Entrench+1","Flame Barrier+1","Impervious+1","Metallicize+1","Juggernaut+1","Barricade+1","Dual Wield+1","Entrench+1","Impervious+1","Juggernaut+1","Metallicize+1","Seeing Red+1","Entrench+1","Impervious+1","Juggernaut+1","Metallicize+1","Seeing Red+1","Mayhem+1","Mayhem+1","Combust+1","Mayhem+1","Rupture+1","Body Slam+1","Berserk+1","Discovery+1","Mayhem+1","Writhe","Good Instincts","Impatience","Dramatic Entrance"],"relics":["Burning Blood","Hammer of Thor","Seething Fire","Anvil of the Gods","Peace Pipe","Darkstone Periapt","PreservedInsect","Bag of Marbles","Gremlin Horn","Philosopher\u0027s Stone","MealTicket","Eternal Feather","Bottled Flame","MawBank","Potion Belt","Runic Cube","DollysMirror","Pantograph","Lee\u0027s Waffle","Bottled Lightning","Pen Nib"],"acts_visited":["Exordium","TheCity","TheBeyond"],"potions_floor_usage":[33],"damage_taken":[{"damage":16,"enemies":"Small Slimes","floor":1,"turns":2},{"damage":7,"enemies":"2 Louse","floor":4,"turns":4},{"damage":8,"enemies":"Cultist","floor":5,"turns":4},{"damage":8,"enemies":"Gremlin Nob","floor":6,"turns":5},{"damage":13,"enemies":"Blue Slaver","floor":8,"turns":3},{"damage":34,"enemies":"Exordium Thugs","floor":10,"turns":5},{"damage":7,"enemies":"3 Sentries","floor":12,"turns":4},{"damage":13,"enemies":"Gremlin Nob","floor":14,"turns":4},{"damage":6,"enemies":"Slime Boss","floor":16,"turns":7},{"damage":13,"enemies":"Spheric Guardian","floor":18,"turns":5},{"damage":13,"enemies":"Chosen","floor":20,"turns":5},{"damage":3,"enemies":"Snake Plant","floor":21,"turns":4},{"damage":45,"enemies":"Slavers","floor":23,"turns":5},{"damage":16,"enemies":"Centurion and Healer","floor":24,"turns":6},{"damage":19,"enemies":"Gremlin Leader","floor":27,"turns":6},{"damage":2,"enemies":"Sentry and Sphere","floor":28,"turns":6},{"damage":36,"enemies":"Slavers","floor":30,"turns":3},{"damage":47,"enemies":"Collector","floor":33,"turns":7},{"damage":29,"enemies":"3 Shapes","floor":35,"turns":3},{"damage":35,"enemies":"Orb Walker","floor":36,"turns":4},{"damage":27,"enemies":"Giant Head","floor":40,"turns":6},{"damage":94,"enemies":"4 Shapes","floor":44,"turns":4}],"seed_played":"-3481870734230971529","potions_obtained":[{"floor":27,"key":"BloodPotion"}],"is_trial":false,"path_per_floor":["M","$","?","M","M","E","R","M","T","M","$","E","R","E","R","B",null,"M","$","M","M","?","E","M","R","T","E","M","R","E","?","R","B",null,"M","M","$","?","$","E","?","R","T","M"],"character_chosen":"IRONCLAD","items_purchased":["Mayhem","PreservedInsect","Combust","MealTicket","Mayhem","Rupture","Discovery","DollysMirror","Pantograph","Lee\u0027s Waffle","BloodPotion"],"campfire_rested":7,"item_purchase_floors":[2,11,11,19,19,19,37,37,39,39,39],"current_hp_per_floor":[70,70,59,58,56,54,78,71,71,43,43,42,66,59,80,80,80,73,73,66,69,69,30,20,62,62,49,53,80,50,50,80,55,80,57,28,43,69,93,72,62,93,93,0,0],"gold":548,"neow_bonus":"HUNDRED_GOLD","is_daily":false,"chose_seed":false,"campfire_upgraded":0,"win_rate":0.0,"timestamp":1608761301,"path_taken":["M","$","?","M","M","E","R","M","T","M","$","E","R","E","R","BOSS","M","$","M","M","?","E","?","R","T","E","M","R","E","?","R","BOSS","M","M","$","?","$","E","?","R","T","M"],"items_purchased_type":["Card","Relic","Card","Relic","Card","Card","Card","Relic","Relic","Relic","Potion"],"build_version":"2020-12-22","purchased_purges":0,"victory":false,"max_hp_per_floor":[80,80,80,80,80,80,80,80,80,80,80,80,80,80,80,80,80,80,80,80,80,80,80,80,80,80,80,80,80,80,80,80,80,80,80,80,80,86,93,93,93,93,93,93,93],"card_choices":[{"not_picked":["Sentinel","Pommel Strike","Shrug It Off"],"picked":"SKIP","floor":1},{"not_picked":["True Grit","Shrug It Off","Cleave"],"picked":"SKIP","floor":4},{"not_picked":["Bloodletting","Headbutt","Dark Embrace"],"picked":"SKIP","floor":5},{"not_picked":["Bludgeon","Rage","Perfected Strike"],"picked":"SKIP","floor":6},{"not_picked":["Headbutt","Rage","Armaments"],"picked":"SKIP","floor":8},{"not_picked":["Headbutt","Infernal Blade","Pommel Strike"],"picked":"SKIP","floor":10},{"not_picked":["Thunderclap","Sword Boomerang","Shockwave"],"picked":"SKIP","floor":12},{"not_picked":["Sever Soul","Pommel Strike","Disarm"],"picked":"SKIP","floor":14},{"not_picked":["Pommel Strike","Wild Strike","Ghostly Armor+1"],"picked":"SKIP","floor":18},{"not_picked":["Feel No Pain+1","Twin Strike"],"picked":"Body Slam","floor":20},{"not_picked":["Sword Boomerang+1","Rage","Clothesline"],"picked":"SKIP","floor":21},{"not_picked":["Clash","Feed","Battle Trance+1"],"picked":"SKIP","floor":23},{"not_picked":["Clash","Armaments","Shrug It Off+1"],"picked":"SKIP","floor":24},{"not_picked":["Evolve","Perfected Strike","Infernal Blade"],"picked":"SKIP","floor":27},{"not_picked":["Reckless Charge","Hemokinesis","Intimidate"],"picked":"SKIP","floor":28},{"not_picked":["Twin Strike+1","Clothesline","Burning Pact"],"picked":"SKIP","floor":30},{"not_picked":["Corruption","Feed"],"picked":"Berserk","floor":33},{"not_picked":["Whirlwind+1","Pommel Strike","Clash"],"picked":"SKIP","floor":35},{"not_picked":["Battle Trance","Flex+1","Anger+1"],"picked":"SKIP","floor":36},{"not_picked":["Offering","Clothesline","Cleave+1"],"picked":"SKIP","floor":40},{"not_picked":["Dramatic Entrance","Swift Strike"],"picked":"Good Instincts","floor":41},{"not_picked":["Secret Weapon","Purity"],"picked":"Impatience","floor":41},{"not_picked":["Apotheosis","Violence"],"picked":"Dramatic Entrance","floor":41}],"player_experience":14703,"relics_obtained":[{"floor":6,"key":"Peace Pipe"},{"floor":9,"key":"Darkstone Periapt"},{"floor":12,"key":"Bag of Marbles"},{"floor":14,"key":"Gremlin Horn"},{"floor":23,"key":"Eternal Feather"},{"floor":26,"key":"Bottled Flame"},{"floor":27,"key":"MawBank"},{"floor":30,"key":"Potion Belt"},{"floor":40,"key":"Bottled Lightning"},{"floor":43,"key":"Pen Nib"}],"event_choices":[{"damage_healed":0,"gold_gain":75,"player_choice":"Gather Gold","damage_taken":11,"max_hp_gain":0,"max_hp_loss":0,"event_name":"World of Goop","floor":3,"gold_loss":0},{"damage_healed":0,"gold_gain":100,"player_choice":"Pray","damage_taken":0,"max_hp_gain":0,"max_hp_loss":0,"event_name":"Golden Shrine","floor":22,"gold_loss":0},{"damage_healed":0,"gold_gain":0,"player_choice":"Ignored","damage_taken":0,"max_hp_gain":0,"max_hp_loss":0,"event_name":"NoteForYourself","floor":31,"gold_loss":0},{"damage_healed":20,"gold_gain":0,"player_choice":"Writhe","damage_taken":0,"max_hp_gain":0,"max_hp_loss":0,"event_name":"Winding Halls","floor":38,"gold_loss":0,"cards_obtained":["Writhe"]},{"damage_healed":0,"gold_gain":0,"player_choice":"Memory 3","damage_taken":10,"max_hp_gain":0,"max_hp_loss":0,"event_name":"SensoryStone","floor":41,"gold_loss":0}],"is_beta":false,"boss_relics":[{"not_picked":["Tiny House","Coffee Dripper"],"picked":"Philosopher\u0027s Stone"},{"not_picked":["Sozu","Runic Dome"],"picked":"Runic Cube"}],"items_purged_floors":[],"is_endless":false,"potions_floor_spawned":[1,14,16,18,23,27,28,33],"killed_by":"4 Shapes","ascension_level":2}}