{"host":"ashh977dctw2auk3","time":1608737301,"event":{"mods":["BaseMod","ChefMod","Downfall","Friendly Minions","Glutton Mod","Hubris","Infinite Spire","Marisa????????","Minty Spire (QoL Compilation)","Potionbrewer","Replay The Spire","Ruin Mod","Shop Mod","StSLib","The Cursed","The Dragon Tamer","The Marked","The Sage","The Servant 0.9.4","The Spell Scribe","Transform Curses","Waifu the Spire"],"gold_per_floor":[111,131,145,157,157,157,174,174,174,188,188,188,207,221,221,322,322,336,336,261,279,279,290,307,307,377,405,405,425,439,467,467,568,568,588,588,598,611,611,611,624,624,624,624,644,644,644,644,644,644,644,644,644,644],"floor_reached":52,"playtime":4192,"items_purged":[],"score":538,"play_id":"7515e0d1-f2fc-438a-a60a-a6568116fbc0","local_time":"20201223072821","is_ascension_mode":false,"metric_token":1427,"campfire_choices":[{"data":"DTMod:SwitchingTactic","floor":6,"key":"SMITH"},{"data":"DTMod:BlazingStrike","floor":8,"key":"SMITH"},{"data":"DTMod:ForkedFire","floor":12,"key":"SMITH"},{"data":"DTMod:BurningForce","floor":15,"key":"SMITH"},{"floor":28,"key":"REST"},{"data":"DTMod:LightShield","floor":32,"key":"SMITH"},{"data":"DTMod:SealedStrike+1","floor":40,"key":"SMITH"},{"data":"DTMod:SealedStrike+2","floor":42,"key":"SMITH"},{"data":"DTMod:SealedStrike+3","floor":44,"key":"SMITH"},{"data":"DTMod:SealedStrike+4","floor":48,"key":"SMITH"},{"floor":49,"key":"REST"},{"floor":51,"key":"REST"}],"dtmod_dragon_data":[33,56,0,1,12,8],"circlet_count":0,"master_deck":["DTMod:Strike+1","DTMod:Strike+1","DTMod:DoubleHit+1","DTMod:TargetDefense+1","DTMod:TargetDefense+1","DTMod:TargetDefense+1","DTMod:TargetDefense+1","DTMod:SwitchingTactic+1","DTMod:DragonDance+1","DTMod:TagTeam+1","DTMod:Threaten+1","DTMod:BlazingStrike+1","DTMod:ForkedFire+1","DTMod:BizarreTactic+1","DTMod:BurningForce+1","DTMod:LightShield+1","DTMod:CleansingStrike+1","DTMod:ExcessFootwork+1","DTMod:CleansingStrike+1","DTMod:Weaken+1","DTMod:RecklessFlurry+1","DTMod:ComboAttack+1","DTMod:Inferno+1","DTMod:Coolant+1","DTMod:SealedStrike+5","DTMod:DragonDance+1","Parasite","DTMod:BlazingStrike+1","DTMod:HeadStart+1"],"relics":["DTMod:PactStone","NeowsBlessing","ReplayTheSpireMod:Ring of Collecting","Kunai","ReplayTheSpireMod:Ring of Addiction","hubris:EmptyBottle","SacredBark","sagemod:Falmels_Amulet","Ring of Peace","Meat on the Bone","Chameleon Ring","WingedGreaves","Velvet Choker","hubris:Towel","Eternal Feather","ReplayTheSpireMod:Ring of Challenge"],"acts_visited":["Exordium","TheCity","TheBeyond"],"potions_floor_usage":[14,16,16,16,16,16,21,24,27,30,33,37,38,45,45,52],"damage_taken":[{"damage":0,"enemies":"Jaw Worm","floor":1,"turns":1},{"damage":0,"enemies":"2 Louse","floor":2,"turns":1},{"damage":0,"enemies":"Cultist","floor":3,"turns":1},{"damage":0,"enemies":"3 Louse","floor":4,"turns":4},{"damage":5,"enemies":"Large Slime","floor":7,"turns":7},{"damage":6,"enemies":"Looter","floor":10,"turns":3},{"damage":0,"enemies":"2 Fungi Beasts","floor":13,"turns":1},{"damage":0,"enemies":"Lots of Slimes","floor":14,"turns":3},{"damage":0,"enemies":"The Guardian","floor":16,"turns":9},{"damage":0,"enemies":"2 Thieves","floor":18,"turns":2},{"damage":0,"enemies":"3 Byrds","floor":21,"turns":5},{"damage":5,"enemies":"3 Cultists","floor":23,"turns":4},{"damage":0,"enemies":"Centurion and Healer","floor":24,"turns":5},{"damage":10,"enemies":"Nightmare","floor":27,"turns":8},{"damage":0,"enemies":"Shelled Parasite and Fungi","floor":29,"turns":6},{"damage":0,"enemies":"3 Cultists","floor":30,"turns":2},{"damage":4,"enemies":"Gremlin Leader","floor":31,"turns":6},{"damage":4,"enemies":"hubris:MusketHawk","floor":33,"turns":9},{"damage":0,"enemies":"3 Shapes","floor":35,"turns":3},{"damage":0,"enemies":"3 Darklings","floor":37,"turns":3},{"damage":0,"enemies":"Writhing Mass","floor":38,"turns":5},{"damage":0,"enemies":"Jaw Worm Horde","floor":41,"turns":4},{"damage":12,"enemies":"Sphere and 2 Shapes","floor":45,"turns":10},{"damage":38,"enemies":"hubris:GrandSnecko","floor":52,"turns":9}],"seed_played":"-565091972078188943","potions_obtained":[{"floor":1,"key":"potionbrewer:AcidPotion"},{"floor":4,"key":"FearPotion"},{"floor":7,"key":"Reflective Coating"},{"floor":9,"key":"Toxic Potion"},{"floor":9,"key":"potionbrewer:EndurancePotion"},{"floor":14,"key":"potionbrewer:AcidPotion"},{"floor":18,"key":"Flashbang"},{"floor":21,"key":"Block Potion"},{"floor":27,"key":"Swift Potion"},{"floor":29,"key":"infinitespire:BlackPotion"},{"floor":41,"key":"SkillPotion"},{"floor":45,"key":"Block Potion"}],"is_trial":false,"path_per_floor":["M","M","M","M","?","R","M","R","T","M","?","R","M","M","R","B",null,"M","?","?","M","?","M","M","?","T","NM","R","M","M","E","R","B",null,"M","?","M","M","?","R","M","R","T","R","M","PTL","PTL","R","R","?","R","B"],"character_chosen":"THE_DT","items_purchased":[],"campfire_rested":3,"item_purchase_floors":[],"current_hp_per_floor":[45,45,45,45,45,45,40,40,40,34,34,34,34,34,34,34,43,43,43,41,41,41,36,36,36,36,26,38,38,38,34,34,30,41,41,41,39,39,39,39,39,37,37,37,23,23,23,35,33,33,33,0,0,0],"gold":644,"neow_bonus":"THREE_ENEMY_KILL","is_daily":false,"chose_seed":false,"campfire_upgraded":9,"win_rate":0.0,"timestamp":1608737301,"path_taken":["M","M","M","M","?","R","M","R","T","M","?","R","M","?","R","BOSS","M","?","?","M","?","M","M","?","T","NM","R","M","M","E","R","BOSS","M","?","M","?","?","R","M","R","T","R","M","PTL","PTL","R","R","?","R","BOSS"],"items_purchased_type":[],"build_version":"2020-12-22","purchased_purges":0,"victory":false,"max_hp_per_floor":[45,45,45,45,45,45,45,45,45,45,45,45,43,43,43,43,43,43,43,41,41,41,41,41,41,41,41,41,41,41,41,41,41,41,41,41,39,39,39,39,39,37,37,37,35,35,35,35,33,33,33,31,31,31],"card_choices":[{"not_picked":["DTMod:Observe","DTMod:Threaten"],"picked":"DTMod:DragonDance","floor":1},{"not_picked":["DTMod:Shift","DTMod:GhostSkin","DTMod:Coolant"],"picked":"SKIP","floor":2},{"not_picked":["DTMod:Coolant","DTMod:Punisher"],"picked":"DTMod:TagTeam","floor":3},{"not_picked":["DTMod:Shift","DTMod:BizarreTactic"],"picked":"DTMod:Threaten","floor":4},{"not_picked":["DTMod:Punisher","DTMod:Dissolve"],"picked":"DTMod:BlazingStrike","floor":7},{"not_picked":["DTMod:LowKick","DTMod:LastStand"],"picked":"DTMod:ForkedFire","floor":10},{"not_picked":["DTMod:ResonanceForm","DTMod:MagicField"],"picked":"DTMod:BurningForce","floor":13},{"not_picked":["DTMod:FlameSlash","DTMod:Hide"],"picked":"DTMod:HeatWave","floor":14},{"not_picked":["DTMod:ExcessFootwork","DTMod:ResonanceForm"],"picked":"DTMod:LightShield","floor":16},{"not_picked":["DTMod:CrossStep","DTMod:FlameSlash+1"],"picked":"DTMod:CleansingStrike+1","floor":18},{"not_picked":["DTMod:Adaptation","DTMod:Cover"],"picked":"DTMod:CleansingStrike+1","floor":21},{"not_picked":["DTMod:Hide","DTMod:Threaten"],"picked":"DTMod:Weaken+1","floor":23},{"not_picked":["DTMod:RepeatStrike","DTMod:CleansingStrike+1"],"picked":"DTMod:RecklessFlurry","floor":24},{"not_picked":["DTMod:MasterPlan","DTMod:BreakAttack+1"],"picked":"DTMod:ComboAttack+1","floor":27},{"not_picked":["DTMod:Training","DTMod:QuickFly"],"picked":"DTMod:Inferno","floor":29},{"not_picked":["DTMod:MasterPlan","DTMod:BreakAttack+1","DTMod:Punisher"],"picked":"SKIP","floor":30},{"not_picked":["DTMod:BurningEnergy","DTMod:Adaptation+1"],"picked":"DTMod:Coolant+1","floor":31},{"not_picked":["DTMod:ShadowImage","DTMod:RepeatStrike"],"picked":"DTMod:SealedStrike","floor":33},{"not_picked":["DTMod:QuickFly","DTMod:Feint+1","DTMod:HeatWave+1"],"picked":"SKIP","floor":35},{"not_picked":["DTMod:Cover+1","DTMod:CrossStep+1"],"picked":"DTMod:DragonDance+1","floor":37},{"not_picked":["DTMod:MagicField","DTMod:Training","DTMod:QuickFly+1"],"picked":"SKIP","floor":38},{"not_picked":["DTMod:LastStand+1","DTMod:SneakAttack"],"picked":"DTMod:BlazingStrike","floor":41},{"not_picked":["DTMod:HeatWave","DTMod:Threaten"],"picked":"DTMod:HeadStart","floor":45}],"player_experience":307871,"relics_obtained":[{"floor":5,"key":"ReplayTheSpireMod:Ring of Collecting"},{"floor":9,"key":"Kunai"},{"floor":9,"key":"ReplayTheSpireMod:Ring of Addiction"},{"floor":9,"key":"hubris:EmptyBottle"},{"floor":9,"key":"SacredBark"},{"floor":26,"key":"Ring of Peace"},{"floor":26,"key":"Meat on the Bone"},{"floor":27,"key":"Chameleon Ring"},{"floor":31,"key":"WingedGreaves"},{"floor":43,"key":"Eternal Feather"},{"floor":43,"key":"ReplayTheSpireMod:Ring of Challenge"}],"event_choices":[{"damage_healed":0,"gold_gain":0,"cards_transformed":["Amnesia"],"player_choice":"Transformed","damage_taken":0,"max_hp_gain":0,"max_hp_loss":0,"event_name":"Transmorgrifier","floor":11,"gold_loss":0,"cards_obtained":["DTMod:BizarreTactic"]},{"damage_healed":0,"gold_gain":0,"cards_transformed":["DTMod:Strike","DTMod:Strike"],"player_choice":"Became Test Subject","damage_taken":0,"max_hp_gain":0,"max_hp_loss":0,"event_name":"Drug Dealer","floor":19,"gold_loss":0,"cards_obtained":["DTMod:ExcessFootwork","DTMod:GhostSkin"]},{"cards_removed":["DTMod:GhostSkin"],"damage_healed":0,"gold_gain":0,"player_choice":"Gave Gold","damage_taken":0,"max_hp_gain":0,"max_hp_loss":0,"event_name":"Beggar","floor":20,"gold_loss":75},{"damage_healed":0,"gold_gain":0,"player_choice":"Ignored","damage_taken":0,"max_hp_gain":0,"max_hp_loss":0,"event_name":"Ghosts","floor":25,"gold_loss":0},{"damage_healed":0,"gold_gain":0,"player_choice":"Upgraded","damage_taken":0,"max_hp_gain":0,"max_hp_loss":0,"event_name":"Upgrade Shrine","floor":36,"gold_loss":0,"cards_upgraded":["DTMod:SealedStrike"]},{"cards_removed":["DTMod:HeatWave"],"damage_healed":0,"gold_gain":0,"player_choice":"Removed Attack","damage_taken":0,"max_hp_gain":0,"max_hp_loss":0,"event_name":"Falling","floor":50,"gold_loss":0}],"is_beta":false,"boss_relics":[{"not_picked":["Black Star","hubris:CrackedHourglass"],"picked":"sagemod:Falmels_Amulet"},{"not_picked":["infinitespire:Cupcake","Coffee Dripper"],"picked":"Velvet Choker"}],"items_purged_floors":[],"is_endless":true,"potions_floor_spawned":[1,4,7,10,14,18,21,27,29,41,45],"killed_by":"hubris:GrandSnecko","ascension_level":0}}