{"host":"3y2rtlgteqp2nuo3","time":1608713779,"event":{"mods":["2.2 Compatiblity","AchievementEnabler","BaseMod","Colored Map","DeckTracker","Highlight Path","Keyboard Shortcuts","Minty Spire (QoL Compilation)","Permanent Neow","Quick Restart","StSLib","SuperFastMode","everything is the same but u backflip on backflip"],"gold_per_floor":[13,26,38,54,73,73,84,84,166,230,230,249,249,26,26,124,124,138,153,163,63,74,107,124,124,170,170,200,213,213,248,248,347,347,362,103,150,166,20,20,51,51,51,51,51,51,63,82,82,82],"floor_reached":51,"playtime":1668,"items_purged":["Strike_B","Rainbow"],"score":788,"play_id":"4facefbc-60b1-47df-9e99-22bd14e1e8b5","local_time":"20201223175619","is_ascension_mode":true,"campfire_choices":[{"data":"Tempest","floor":6.0,"key":"SMITH"},{"data":"Zap","floor":8.0,"key":"SMITH"},{"data":"Dualcast","floor":11.0,"key":"SMITH"},{"floor":13.0,"key":"REST"},{"data":"Turbo","floor":15.0,"key":"SMITH"},{"floor":25.0,"key":"REST"},{"data":"Defragment","floor":27.0,"key":"SMITH"},{"floor":30.0,"key":"REST"},{"data":"Coolheaded","floor":32.0,"key":"SMITH"},{"data":"Echo Form","floor":40.0,"key":"SMITH"},{"floor":42.0,"key":"REST"},{"data":"Reinforced Body","floor":44.0,"key":"SMITH"},{"floor":49,"key":"REST"}],"circlet_count":0,"master_deck":["Zap+1","Dualcast+1","Streamline","Sweeping Beam","Conserve Battery","Coolheaded+1","Tempest+1","Ball Lightning","Turbo+1","Electrodynamics","Streamline+1","Reboot","Defragment+1","Sunder+1","Core Surge","Rainbow","FTL","Conserve Battery+1","Skim+1","Reinforced Body+1","Reinforced Body","White Noise","Self Repair+1","Steam","Hologram+1","Echo Form+1","Leap+1","Defragment+1","White Noise+1","Madness","Madness"],"relics":["Cracked Core","CaptainsWheel","White Beast Statue","Question Card","OrangePellets","Pandora\u0027s Box","Du-Vu Doll","Pen Nib","Strawberry","Whetstone","Nuclear Battery","Gremlin Horn","Mango","DataDisk","Art of War","Shuriken"],"acts_visited":["Exordium","TheCity","TheBeyond"],"potions_floor_usage":[50,50,50,50,50,50],"damage_taken":[{"damage":1.0,"enemies":"Cultist","floor":1.0,"turns":4.0},{"damage":0.0,"enemies":"2 Louse","floor":2.0,"turns":3.0},{"damage":0.0,"enemies":"Small Slimes","floor":3.0,"turns":3.0},{"damage":2.0,"enemies":"Blue Slaver","floor":4.0,"turns":4.0},{"damage":8.0,"enemies":"Exordium Thugs","floor":5.0,"turns":4.0},{"damage":9.0,"enemies":"3 Louse","floor":7.0,"turns":3.0},{"damage":13.0,"enemies":"3 Sentries","floor":10.0,"turns":3.0},{"damage":14.0,"enemies":"Gremlin Gang","floor":12.0,"turns":3.0},{"damage":31.0,"enemies":"The Guardian","floor":16.0,"turns":10.0},{"damage":10.0,"enemies":"Chosen","floor":18.0,"turns":2.0},{"damage":13.0,"enemies":"2 Thieves","floor":19.0,"turns":3.0},{"damage":16.0,"enemies":"Cultist and Chosen","floor":20.0,"turns":3.0},{"damage":5.0,"enemies":"Centurion and Healer","floor":22.0,"turns":4.0},{"damage":8.0,"enemies":"Gremlin Leader","floor":23.0,"turns":5.0},{"damage":8.0,"enemies":"Snake Plant","floor":24.0,"turns":3.0},{"damage":2.0,"enemies":"Book of Stabbing","floor":28.0,"turns":4.0},{"damage":20.0,"enemies":"Chosen and Byrds","floor":29.0,"turns":4.0},{"damage":25.0,"enemies":"Slavers","floor":31.0,"turns":3.0},{"damage":41.0,"enemies":"Champ","floor":33.0,"turns":10.0},{"damage":0.0,"enemies":"3 Shapes","floor":35.0,"turns":3.0},{"damage":31.0,"enemies":"2 Orb Walkers","floor":37.0,"turns":4.0},{"damage":0.0,"enemies":"3 Darklings","floor":38.0,"turns":1.0},{"damage":39.0,"enemies":"Giant Head","floor":41.0,"turns":9.0},{"damage":7.0,"enemies":"Writhing Mass","floor":47.0,"turns":6.0},{"damage":4,"enemies":"Spire Growth","floor":48,"turns":4},{"damage":47,"enemies":"Awakened One","floor":50,"turns":12}],"seed_played":"8816979323629847029","potions_obtained":[{"floor":1.0,"key":"DuplicationPotion"},{"floor":7.0,"key":"Swift Potion"},{"floor":10.0,"key":"FearPotion"},{"floor":12.0,"key":"Fire Potion"},{"floor":16.0,"key":"Swift Potion"},{"floor":18.0,"key":"Fruit Juice"},{"floor":19.0,"key":"Weak Potion"},{"floor":23.0,"key":"Energy Potion"},{"floor":28.0,"key":"PowerPotion"},{"floor":29.0,"key":"Fire Potion"},{"floor":33.0,"key":"DistilledChaos"},{"floor":47.0,"key":"FocusPotion"},{"floor":48,"key":"EntropicBrew"}],"is_trial":false,"path_per_floor":["M","M","M","M","M","R","M","R","T","?","R","M","R","$","R","B",null,"M","M","M","$","M","E","M","R","T","R","E","M","R","E","R","B",null,"M","$","?","M","$","R","E","R","T","R","?","?","M","M","R","B",null],"character_chosen":"DEFECT","items_purchased":["OrangePellets","Gremlin Horn","DataDisk"],"campfire_rested":5,"item_purchase_floors":[14,36,39],"current_hp_per_floor":[74,74,74,72,64,64,55,55,55,42,42,28,50,50,50,19,75,65,57,41,41,36,28,20,44,44,44,49,39,65,50,50,19,87,87,87,80,80,80,80,51,81,81,81,68,68,71,67,97,50],"gold":82,"neow_bonus":"ONE_RARE_RELIC","is_daily":false,"chose_seed":false,"campfire_upgraded":8,"win_rate":0.0,"timestamp":1608713779,"path_taken":["M","M","M","M","M","R","M","R","T","?","R","M","R","$","R","BOSS","M","M","M","$","M","E","M","R","T","R","E","M","R","E","R","BOSS","M","$","?","M","$","R","E","R","T","R","?","?","M","?","R","BOSS"],"items_purchased_type":["Relic","Relic","Relic"],"build_version":"2020-12-22","purchased_purges":2,"victory":true,"max_hp_per_floor":[75,75,75,75,75,75,75,75,75,75,75,75,75,75,75,75,75,75,80,80,80,80,80,80,80,80,80,87,87,87,87,87,87,87,87,87,101,101,101,101,101,101,101,101,101,101,101,101,101,101],"card_choices":[{"not_picked":["Chaos","Beam Cell"],"picked":"Streamline","floor":1.0},{"not_picked":["Darkness","Static Discharge"],"picked":"Sweeping Beam","floor":2.0},{"not_picked":["Streamline","Go for the Eyes"],"picked":"Conserve Battery","floor":3.0},{"not_picked":["Beam Cell","Blizzard"],"picked":"Coolheaded","floor":4.0},{"not_picked":["Coolheaded","Stack"],"picked":"Tempest","floor":5.0},{"not_picked":["Compile Driver","Gash"],"picked":"Rainbow","floor":7.0},{"not_picked":["Defragment","Darkness"],"picked":"Ball Lightning","floor":10.0},{"not_picked":["Streamline","Loop","Hyperbeam"],"picked":"Turbo","floor":12.0},{"not_picked":["Rainbow","Creative AI","Hyperbeam"],"picked":"Electrodynamics","floor":16.0},{"not_picked":["Gash","Barrage","Compile Driver"],"picked":"Conserve Battery+1","floor":18.0},{"not_picked":["Tempest","Barrage","Conserve Battery"],"picked":"Skim+1","floor":19.0},{"not_picked":["Gash","Fission","Barrage"],"picked":"Reinforced Body","floor":20.0},{"not_picked":["Redo+1","Ball Lightning","Cold Snap"],"picked":"Reinforced Body","floor":22.0},{"not_picked":["Leap","Compile Driver","Rainbow"],"picked":"White Noise","floor":23.0},{"not_picked":["Reinforced Body","Darkness","Redo","Scrape"],"picked":"SKIP","floor":24.0},{"not_picked":["Compile Driver","Barrage","Capacitor"],"picked":"Self Repair+1","floor":28.0},{"not_picked":["Hologram","Cold Snap+1","Gash"],"picked":"Steam","floor":29.0},{"not_picked":["Coolheaded","Beam Cell+1","Storm+1"],"picked":"Hologram+1","floor":31.0},{"not_picked":["Machine Learning","Amplify","Buffer"],"picked":"Echo Form","floor":33.0},{"not_picked":["Barrage+1","Loop","Rebound+1"],"picked":"Leap+1","floor":35.0},{"not_picked":["Double Energy+1","Streamline","Chill+1"],"picked":"Defragment+1","floor":38.0},{"not_picked":["Chaos+1","Barrage","Rebound"],"picked":"White Noise+1","floor":41.0},{"not_picked":["Barrage+1","Gash","Coolheaded+1","Redo+1"],"picked":"SKIP","floor":47.0},{"not_picked":["Streamline","Leap+1","Chaos+1","Storm"],"picked":"SKIP","floor":48}],"player_experience":641178,"relics_obtained":[{"floor":9.0,"key":"White Beast Statue"},{"floor":10.0,"key":"Question Card"},{"floor":23.0,"key":"Du-Vu Doll"},{"floor":26.0,"key":"Pen Nib"},{"floor":28.0,"key":"Strawberry"},{"floor":31.0,"key":"Whetstone"},{"floor":37.0,"key":"Mango"},{"floor":41.0,"key":"Art of War"},{"floor":43.0,"key":"Shuriken"}],"event_choices":[{"damage_healed":0.0,"max_hp_gain":0.0,"max_hp_loss":0.0,"gold_gain":30.0,"event_name":"Dead Adventurer","player_choice":"Searched \u00272\u0027 times","floor":10.0,"gold_loss":0.0,"damage_taken":0.0},{"damage_healed":0.0,"max_hp_gain":0.0,"max_hp_loss":0.0,"gold_gain":0.0,"event_name":"Mysterious Sphere","player_choice":"Fight","floor":37.0,"gold_loss":0.0,"damage_taken":0.0},{"damage_healed":0.0,"max_hp_gain":0.0,"max_hp_loss":0.0,"gold_gain":0.0,"event_name":"Winding Halls","player_choice":"Embrace Madness","floor":45.0,"gold_loss":0.0,"damage_taken":13.0,"cards_obtained":["Madness","Madness"]},{"damage_healed":0.0,"max_hp_gain":0.0,"max_hp_loss":0.0,"gold_gain":0.0,"event_name":"SecretPortal","player_choice":"Ignored","floor":46.0,"gold_loss":0.0,"damage_taken":0.0}],"is_beta":false,"boss_relics":[{"not_picked":["Runic Dome","Snecko Eye"],"picked":"Pandora\u0027s Box"},{"not_picked":["Inserter","Runic Pyramid"],"picked":"Nuclear Battery"}],"items_purged_floors":[14,21],"is_endless":false,"potions_floor_spawned":[1,7,10,12,16,18,19,20,22,23,24,28,29,31,33,35,37,38,41,47,48],"ascension_level":1}}