{"host":"1tkoe3l8wf0xx8if","time":1608749960,"event":{"mods":["AchievementEnabler","BaseMod","Colored Map","Minty Spire (QoL Compilation)","Quick Restart","StSLib","SuperFastMode"],"gold_per_floor":[110,122,122,138,156,156,188,188,188,188,223,148,98,124,124,219,219,234,245,265,265,165,165,165,165],"floor_reached":24,"playtime":938,"items_purged":["Strike_B","Defend_B"],"score":287,"play_id":"55a59655-8d52-44fd-b279-a6ea6e844a1d","local_time":"20201224035920","is_ascension_mode":true,"campfire_choices":[{"data":"Dualcast","floor":6,"key":"SMITH"},{"data":"Zap","floor":8,"key":"SMITH"},{"data":"Capacitor","floor":10,"key":"SMITH"},{"data":"Glacier","floor":15,"key":"SMITH"},{"data":"1","floor":23,"key":"LIFT"}],"circlet_count":0,"master_deck":["Strike_B","Strike_B","Strike_B","Defend_B","Zap+1","Dualcast+1","Conserve Battery","Glacier+1","Cold Snap","Static Discharge","Capacitor+1","Compile Driver","Multi-Cast+1","Leap+1","Barrage"],"relics":["Cracked Core","NeowsBlessing","Kunai","Calipers","Girya","Toxic Egg 2","Inserter"],"acts_visited":["Exordium","TheCity"],"potions_floor_usage":[7,11,20,24],"damage_taken":[{"damage":0,"enemies":"Small Slimes","floor":1,"turns":1},{"damage":0,"enemies":"2 Louse","floor":2,"turns":1},{"damage":0,"enemies":"Jaw Worm","floor":4,"turns":1},{"damage":1,"enemies":"Red Slaver","floor":5,"turns":4},{"damage":5,"enemies":"3 Sentries","floor":7,"turns":7},{"damage":27,"enemies":"Gremlin Nob","floor":11,"turns":5},{"damage":0,"enemies":"Lagavulin","floor":14,"turns":8},{"damage":25,"enemies":"Slime Boss","floor":16,"turns":15},{"damage":0,"enemies":"Spheric Guardian","floor":18,"turns":8},{"damage":9,"enemies":"Shell Parasite","floor":19,"turns":8},{"damage":26,"enemies":"Snake Plant","floor":20,"turns":4},{"damage":45,"enemies":"Gremlin Leader","floor":24,"turns":6}],"seed_played":"3649349221220623589","potions_obtained":[{"floor":2,"key":"Strength Potion"},{"floor":4,"key":"AttackPotion"},{"floor":5,"key":"GamblersBrew"},{"floor":11,"key":"EssenceOfSteel"},{"floor":18,"key":"Energy Potion"}],"is_trial":false,"path_per_floor":["M","M","?","M","M","R","E","R","T","R","E","$","?","E","R","B",null,"M","M","M","?","$","R","E"],"character_chosen":"DEFECT","items_purchased":[],"campfire_rested":0,"item_purchase_floors":[],"current_hp_per_floor":[75,75,68,68,67,67,62,62,62,62,35,35,35,35,35,10,75,75,66,40,40,40,40,0,0],"gold":165,"neow_bonus":"THREE_ENEMY_KILL","is_daily":false,"chose_seed":false,"campfire_upgraded":4,"win_rate":0.0,"timestamp":1608749960,"path_taken":["M","M","?","M","M","R","E","R","T","R","E","$","?","E","R","BOSS","M","M","M","?","$","R","E"],"items_purchased_type":[],"build_version":"2020-12-22","purchased_purges":2,"victory":false,"max_hp_per_floor":[75,75,75,75,75,75,75,75,75,75,75,75,75,75,75,75,75,75,75,75,75,75,75,75,75],"card_choices":[{"not_picked":["Steam","Recycle"],"picked":"Conserve Battery","floor":1},{"not_picked":["Rebound","Sweeping Beam"],"picked":"Glacier","floor":2},{"not_picked":["Force Field","Leap"],"picked":"Cold Snap","floor":4},{"not_picked":["Darkness","Force Field"],"picked":"Static Discharge","floor":5},{"not_picked":["Hologram","Skim"],"picked":"Capacitor","floor":7},{"not_picked":["Heatsinks","Leap"],"picked":"Compile Driver","floor":11},{"not_picked":["Reinforced Body+1","Ball Lightning","Fusion+1"],"picked":"SKIP","floor":14},{"not_picked":["Creative AI","Rainbow+1"],"picked":"Multi-Cast+1","floor":16},{"not_picked":["Coolheaded+1","Rebound"],"picked":"Leap+1","floor":18},{"not_picked":["FTL","Go for the Eyes","Gash"],"picked":"SKIP","floor":19},{"not_picked":["Go for the Eyes","Gash+1"],"picked":"Barrage","floor":20}],"player_experience":310247,"relics_obtained":[{"floor":7,"key":"Kunai"},{"floor":9,"key":"Calipers"},{"floor":11,"key":"Girya"},{"floor":14,"key":"Toxic Egg 2"}],"event_choices":[{"cards_removed":["Defend_B"],"damage_healed":0,"gold_gain":0,"player_choice":"Card Removal","damage_taken":7,"max_hp_gain":0,"max_hp_loss":0,"event_name":"Golden Wing","floor":3,"gold_loss":0},{"cards_removed":["Defend_B"],"damage_healed":0,"gold_gain":0,"player_choice":"Card Removal","damage_taken":0,"max_hp_gain":0,"max_hp_loss":0,"event_name":"The Cleric","floor":13,"gold_loss":50},{"damage_healed":0,"gold_gain":0,"player_choice":"Ignored","damage_taken":0,"max_hp_gain":0,"max_hp_loss":0,"event_name":"Vampires","floor":21,"gold_loss":0}],"is_beta":false,"boss_relics":[{"not_picked":["Pandora\u0027s Box","Fusion Hammer"],"picked":"Inserter"}],"items_purged_floors":[12,22],"is_endless":false,"potions_floor_spawned":[2,4,5,11,18],"killed_by":"Gremlin Leader","ascension_level":4}}