{"host":"dh4nu8nelr2izibb","time":1608762456,"event":{"mods":["Act Like it!","BaseMod","Better Third Choice","Card Forge","Displayed Cursed Tome","HololiveMod","Marisa????????","Minty Spire (QoL Compilation)","Puzzle Mod","Quick Restart","Relic Filter","StSLib","The Marked","The Poker Player","The Servant 0.9.4","WarShipGirlsR/????R mod","???????????mod"],"gold_per_floor":[109,127,143,160,174,174,184,204,204,204,204,220,220,238,238,335,335,349,349,369,40,40,40,75,75,75,94,109,109,126,153,153,255,255,275,275,286,286,286,286],"floor_reached":39,"playtime":1588,"items_purged":["Strike_MRS"],"score":607,"play_id":"f0103e10-6473-435a-86ee-17477c53d360","local_time":"20201223172736","is_ascension_mode":true,"campfire_choices":[{"data":"MasterSpark","floor":6.0,"key":"SMITH"},{"data":"SporeBomb","floor":10.0,"key":"SMITH"},{"data":"AsteroidBelt","floor":13.0,"key":"SMITH"},{"data":"GrandCross","floor":15.0,"key":"SMITH"},{"data":"GalacticHalo","floor":23.0,"key":"SMITH"},{"data":"Acceleration","floor":25.0,"key":"SMITH"},{"data":"GalacticHalo","floor":29.0,"key":"SMITH"},{"floor":32.0,"key":"REST"}],"circlet_count":0,"master_deck":["Strike_MRS","Strike_MRS","Defend_MRS","Defend_MRS+1","Defend_MRS+1","Defend_MRS","MasterSpark+1","UpSweep","AsteroidBelt+1","PowerUp","SporeBomb+1","ShootingEcho","6A","GrandCross+1","StarBarrage","EnergyFlow+1","BinaryStars","PulseMagic+1","GalacticHalo+1","GalacticHalo+1","Acceleration+1","GalacticHalo","EnergyFlow+1","AbsoluteMagnitude","MagicAbsorber+1"],"relics":["MiniHakkero","Hammer of Thor","Seething Fire","Anvil of the Gods","Frozen Egg 2","Hololive_Finger","Lee\u0027s Waffle","Ancient Tea Set","War Paint","Busted Crown"],"acts_visited":["Exordium","TheCity","TheBeyond"],"potions_floor_usage":[33],"damage_taken":[{"damage":10.0,"enemies":"Small Slimes","floor":1.0,"turns":3.0},{"damage":1.0,"enemies":"Cultist","floor":2.0,"turns":3.0},{"damage":4.0,"enemies":"2 Louse","floor":3.0,"turns":3.0},{"damage":1.0,"enemies":"2 Fungi Beasts","floor":4.0,"turns":2.0},{"damage":0.0,"enemies":"Blue Slaver","floor":5.0,"turns":3.0},{"damage":7.0,"enemies":"Exordium Thugs","floor":7.0,"turns":4.0},{"damage":3.0,"enemies":"Looter","floor":8.0,"turns":2.0},{"damage":12.0,"enemies":"Large Slime","floor":12.0,"turns":3.0},{"damage":8.0,"enemies":"Exordium Wildlife","floor":14.0,"turns":4.0},{"damage":33.0,"enemies":"Slime Boss","floor":16.0,"turns":6.0},{"damage":19.0,"enemies":"Spheric Guardian","floor":18.0,"turns":4.0},{"damage":4.0,"enemies":"Chosen","floor":20.0,"turns":4.0},{"damage":0.0,"enemies":"Gremlin Leader","floor":24.0,"turns":5.0},{"damage":8.0,"enemies":"Snake Plant","floor":27.0,"turns":2.0},{"damage":15.0,"enemies":"Centurion and Healer","floor":28.0,"turns":6.0},{"damage":3.0,"enemies":"3 Cultists","floor":30.0,"turns":6.0},{"damage":49.0,"enemies":"Slavers","floor":31.0,"turns":7.0},{"damage":20,"enemies":"Champ","floor":33,"turns":8},{"damage":0,"enemies":"Orb Walker","floor":35,"turns":4},{"damage":26,"enemies":"3 Darklings","floor":37,"turns":6},{"damage":63,"enemies":"Transient","floor":39,"turns":5}],"seed_played":"7225337203828995383","potions_obtained":[{"floor":3.0,"key":"Fire Potion"},{"floor":4.0,"key":"SmokeBomb"},{"floor":7.0,"key":"Regen Potion"},{"floor":8.0,"key":"Ancient Potion"},{"floor":16.0,"key":"LiquidBronze"},{"floor":27.0,"key":"Weak Potion"},{"floor":30.0,"key":"ColorlessPotion"},{"floor":31.0,"key":"StarNLove"},{"floor":33,"key":"LiquidBronze"},{"floor":37,"key":"EssenceOfSteel"}],"is_trial":false,"path_per_floor":["M","M","M","M","M","R","M","M","T","R","?","M","R","M","R","B",null,"M","$","M","$","?","R","E","R","T","M","M","R","M","E","R","B",null,"M","?","M","?","M"],"character_chosen":"MARISA","items_purchased":["Lee\u0027s Waffle","GalacticHalo","Acceleration"],"campfire_rested":1,"item_purchase_floors":[21,21,21],"current_hp_per_floor":[65,64,60,59,59,59,52,49,49,49,49,37,37,29,29,11,64,45,45,41,89,89,89,89,89,89,81,66,66,63,14,40,20,72,72,72,46,46,0,0],"gold":286,"neow_bonus":"TEN_PERCENT_HP_BONUS","is_daily":false,"chose_seed":false,"campfire_upgraded":7,"win_rate":0.0,"timestamp":1608762456,"path_taken":["M","M","M","M","M","R","M","M","T","R","?","M","R","?","R","BOSS","M","$","?","$","?","R","E","R","T","M","M","R","M","E","R","BOSS","M","?","M","?","M"],"items_purchased_type":["Relic","Card","Card"],"build_version":"2020-12-22","purchased_purges":1,"victory":false,"max_hp_per_floor":[82,82,82,82,82,82,82,82,82,82,82,82,82,82,82,82,82,82,82,82,89,89,89,89,89,89,89,89,89,89,89,89,89,89,89,89,89,89,89,89],"card_choices":[{"not_picked":["DragonMeteor","OneTimeOff"],"picked":"AsteroidBelt","floor":1.0},{"not_picked":["LuminesStrike","OneTimeOff"],"picked":"PowerUp","floor":2.0},{"not_picked":["OneTimeOff","MysteriousBeam"],"picked":"SporeBomb","floor":3.0},{"not_picked":["Occultation","PowerUp"],"picked":"ShootingEcho","floor":4.0},{"not_picked":["NonDirectionalLaser","DeepEcoloBomb"],"picked":"6A","floor":5.0},{"not_picked":["MilkyWay","Acceleration"],"picked":"GrandCross","floor":7.0},{"not_picked":["PowerUp","6A"],"picked":"StarBarrage","floor":8.0},{"not_picked":["AsteroidBelt","MilkyWay"],"picked":"EnergyFlow+1","floor":12.0},{"not_picked":["MysteriousBeam","BigCrunch","LuminesStrike"],"picked":"SKIP","floor":14.0},{"not_picked":["SuperNova+1","JA"],"picked":"BinaryStars","floor":16.0},{"not_picked":["Orbital","PropBag"],"picked":"PulseMagic+1","floor":18.0},{"not_picked":["DoubleSpark","EnergyRecoil+1"],"picked":"GalacticHalo","floor":20.0},{"not_picked":["GravityBeat","FinalSpark"],"picked":"GalacticHalo","floor":24.0},{"not_picked":["Acceleration","PulseMagic"],"picked":"EnergyFlow+1","floor":27.0},{"not_picked":["DC","MeteoricShower","IllusionStar+1"],"picked":"SKIP","floor":28.0},{"not_picked":["WitchLeyline","JA","StarlightTyphoon"],"picked":"SKIP","floor":30.0},{"not_picked":["WitchLeyline+1","DragonMeteor","WitchOfGreed+1"],"picked":"SKIP","floor":31.0},{"not_picked":["CasketOfStar+1","SuperNova+1"],"picked":"AbsoluteMagnitude","floor":33},{"not_picked":[],"picked":"MagicAbsorber+1","floor":35},{"not_picked":["DarkMatter"],"picked":"SKIP","floor":37}],"player_experience":1109996,"relics_obtained":[{"floor":9.0,"key":"Frozen Egg 2"},{"floor":24.0,"key":"Ancient Tea Set"},{"floor":31.0,"key":"War Paint"}],"event_choices":[{"damage_healed":0.0,"max_hp_gain":0.0,"max_hp_loss":0.0,"gold_gain":0.0,"event_name":"Lab","player_choice":"Got Potions","floor":11.0,"gold_loss":0.0,"damage_taken":0.0},{"cards_removed":["Strike_MRS"],"damage_healed":0,"gold_gain":0,"player_choice":"Removed Attack","damage_taken":0,"max_hp_gain":0,"max_hp_loss":0,"event_name":"Falling","floor":36,"gold_loss":0},{"damage_healed":0,"gold_gain":0,"player_choice":"Ignored","damage_taken":0,"max_hp_gain":0,"max_hp_loss":0,"event_name":"OrinTheCat","floor":38,"gold_loss":0}],"is_beta":false,"boss_relics":[{"not_picked":["Fusion Hammer","BewitchedHakkero"],"picked":"Hololive_Finger"},{"not_picked":["ExperimentalFamiliar","SlaversCollar"],"picked":"Busted Crown"}],"items_purged_floors":[21],"is_endless":false,"potions_floor_spawned":[3,4,7,8,16,20,27,30,31,33,37],"killed_by":"Transient","ascension_level":6}}