{"host":"60d5wzi2cpvs73ka","time":1608722195,"event":{"mods":["Abigail Mod","AchievementEnabler","Act Like it!","BaseMod","Friendly Minions","Gensokyo","Infinite Spire","Minty Spire (QoL Compilation)","Shop Mod","StSLib","The Dragon Tamer","The Hierophant"],"gold_per_floor":[117,292,312,312,68,102,102,138,138,138,157,170,170,219,219,237,237],"floor_reached":16,"playtime":1645,"items_purged":[],"score":133,"play_id":"cf015d34-cadb-4cbd-a288-a88abd319ae1","local_time":"20201223201635","is_ascension_mode":false,"campfire_choices":[{"data":"hierophant:TollTheBells","floor":7,"key":"SMITH"},{"data":"hierophant:Patience","floor":10,"key":"SMITH"},{"data":"hierophant:HolyVerse","floor":13,"key":"SMITH"},{"floor":15,"key":"REST"}],"circlet_count":0,"master_deck":["hierophant:Strike_Hierophant","hierophant:Strike_Hierophant","hierophant:Strike_Hierophant","hierophant:Strike_Hierophant","hierophant:Punish+1","hierophant:Defend_Hierophant","hierophant:Defend_Hierophant","hierophant:Defend_Hierophant","hierophant:Defend_Hierophant","hierophant:ChurchCoffers","hierophant:Patience+1","Doubt","hierophant:Smite","hierophant:TollTheBells+1","hierophant:HolyVerse+1","hierophant:SealAway","hierophant:Flagellation"],"relics":["hierophant:PropheticMaskRelic","NeowsBlessing","Gremlin Horn","infinitespire:Midas Blood","Bag of Preparation","Ornamental Fan","White Beast Statue"],"acts_visited":["Exordium"],"potions_floor_usage":[8,14,16,16],"damage_taken":[{"damage":0,"enemies":"Small Slimes","floor":1,"turns":1},{"damage":0,"enemies":"Jaw Worm","floor":3,"turns":1},{"damage":0,"enemies":"Gremlin Nob","floor":6,"turns":1},{"damage":49,"enemies":"Lagavulin","floor":8,"turns":8},{"damage":0,"enemies":"Cultist","floor":11,"turns":2},{"damage":0,"enemies":"Blue Slaver","floor":12,"turns":1},{"damage":6,"enemies":"Gremlin Nob","floor":14,"turns":3},{"damage":56,"enemies":"The Guardian","floor":16,"turns":6}],"seed_played":"-9000370957011718303","potions_obtained":[{"floor":1,"key":"SkillPotion"},{"floor":6,"key":"Weak Potion"},{"floor":11,"key":"Energy Potion"},{"floor":14,"key":"PowerPotion"}],"is_trial":false,"path_per_floor":["M","?","M","?","$","E","R","E","T","R","M","M","R","?","R","B"],"character_chosen":"HIEROPHANT","items_purchased":["Gremlin Horn"],"campfire_rested":1,"item_purchase_floors":[5],"current_hp_per_floor":[75,75,75,75,75,75,75,26,26,26,26,26,26,20,42,0,0],"gold":237,"neow_bonus":"THREE_ENEMY_KILL","is_daily":false,"chose_seed":false,"campfire_upgraded":3,"win_rate":0.0,"timestamp":1608722195,"path_taken":["M","?","M","?","$","E","R","E","T","R","?","M","R","?","R","BOSS"],"items_purchased_type":["Relic"],"build_version":"2020-12-22","purchased_purges":0,"victory":false,"max_hp_per_floor":[75,75,75,75,75,75,75,75,75,75,75,75,75,75,75,75,75],"card_choices":[{"not_picked":["hierophant:Refuge","hierophant:Shelter"],"picked":"hierophant:Patience","floor":1},{"not_picked":["hierophant:Shelter","hierophant:Doubloon"],"picked":"hierophant:Smite","floor":3},{"not_picked":["hierophant:Glossolalia","hierophant:AuricBeam"],"picked":"hierophant:TollTheBells","floor":6},{"not_picked":["hierophant:TollTheBells","hierophant:SolarFlare"],"picked":"hierophant:HolyVerse","floor":8},{"not_picked":["hierophant:Community","hierophant:Smite","hierophant:FlamingChariot"],"picked":"SKIP","floor":11},{"not_picked":["hierophant:Chorus","hierophant:ThreeLashes"],"picked":"hierophant:SealAway","floor":12},{"not_picked":["hierophant:Encroach","hierophant:Empathy"],"picked":"hierophant:Flagellation","floor":14}],"player_experience":220093,"relics_obtained":[{"floor":6,"key":"infinitespire:Midas Blood"},{"floor":8,"key":"Bag of Preparation"},{"floor":9,"key":"Ornamental Fan"}],"event_choices":[{"damage_healed":0,"gold_gain":175,"player_choice":"AGREE","damage_taken":0,"max_hp_gain":0,"max_hp_loss":0,"event_name":"Liars Game","floor":2,"gold_loss":0,"cards_obtained":["Doubt"]},{"damage_healed":0,"gold_gain":0,"player_choice":"Upgraded","damage_taken":0,"max_hp_gain":0,"max_hp_loss":0,"event_name":"Upgrade Shrine","floor":4,"gold_loss":0,"cards_upgraded":["hierophant:Punish"]},{"damage_healed":0,"gold_gain":0,"player_choice":"Searched \u00272\u0027 times","damage_taken":0,"relics_obtained":["White Beast Statue"],"max_hp_gain":0,"max_hp_loss":0,"event_name":"Dead Adventurer","floor":14,"gold_loss":0}],"is_beta":false,"boss_relics":[],"items_purged_floors":[],"is_endless":false,"potions_floor_spawned":[1,6,11,14],"killed_by":"The Guardian","ascension_level":0}}