{"host":"qa8cj4hae9rrz4qd","time":1608691214,"event":{"mods":["BaseMod","Colored Map","Conspire","Energized Spire","Halation","Hubris","Infinite Spire","Minty Spire (QoL Compilation)","Replay The Spire","StSLib","The Construct","The Hierophant","The Jungle","The Runesmith","The Servant 0.9.4","TheBandit","vexMod"],"gold_per_floor":[19,19,31,31,31,31,48,48,72,84,84,84,84,84,84,187,187,203,203,223,223,239,239,239,255,255,255,255],"floor_reached":27,"playtime":2462,"items_purged":[],"score":201,"play_id":"d1d2564c-43a3-4cf2-a23a-1a13829a1f26","local_time":"20201223024014","is_ascension_mode":false,"campfire_choices":[{"data":"Runesmith:EnergizedChisel","floor":6,"key":"SMITH"},{"data":"Runesmith:HammerThrow","floor":8,"key":"SMITH"},{"data":"Runesmith:GoWithTheFlow","floor":12,"key":"SMITH"},{"data":"Runesmith:EnergizedChisel","floor":15,"key":"SMITH"},{"floor":23,"key":"REST"}],"circlet_count":0,"master_deck":["Runesmith:Strike_RS","Runesmith:Strike_RS","Runesmith:Defend_RS","Runesmith:Defend_RS","Runesmith:Defend_RS","Runesmith:Defend_RS","Runesmith:CraftFirestone","Runesmith:Fortify","Runesmith:EnergizedChisel+1","Runesmith:HammerThrow+1","Runesmith:GoWithTheFlow+1","Runesmith:EnergizedChisel+1","Runesmith:CraftMedicinae","Runesmith:PerfectChisel+1","Runesmith:HammerAndChisel+1","Runesmith:Attraction"],"relics":["Runesmith:BrokenRuby","Bag of Preparation","Matryoshka","Empty Cage","conspire:BottledYoYo","Sundial"],"acts_visited":["Exordium","theJungle:Jungle"],"potions_floor_usage":[],"damage_taken":[{"damage":1,"enemies":"Cultist","floor":1,"turns":3},{"damage":1,"enemies":"Jaw Worm","floor":3,"turns":4},{"damage":0,"enemies":"2 Louse","floor":7,"turns":3},{"damage":1,"enemies":"Blue Slaver","floor":10,"turns":3},{"damage":19,"enemies":"The Guardian","floor":16,"turns":12},{"damage":13,"enemies":"theJungle:MUSHROOMGANG","floor":18,"turns":7},{"damage":12,"enemies":"theJungle:GiantWrat","floor":20,"turns":7},{"damage":42,"enemies":"theJungle:JungleHuntersEncounter","floor":22,"turns":7},{"damage":17,"enemies":"theJungle:SlimyTreeVines","floor":25,"turns":8},{"damage":38,"enemies":"theJungle:2_Snecko_Cultists","floor":27,"turns":4}],"seed_played":"-4203769031559039662","potions_obtained":[{"floor":7,"key":"EssenceOfSteel"},{"floor":16,"key":"LiquidBronze"},{"floor":18,"key":"SpeedPotion"}],"is_trial":false,"path_per_floor":["M","$","M","?","$","R","M","R","T","M","T","R","$","?","R","B",null,"M","$","M","?","M","R","?","M","T","M"],"character_chosen":"RUNESMITH_CLASS","items_purchased":[],"campfire_rested":1,"item_purchase_floors":[],"current_hp_per_floor":[83,83,82,82,82,82,82,82,82,81,81,81,81,73,73,54,84,71,71,59,59,17,42,42,31,31,0,0],"gold":255,"neow_bonus":"TWENTY_PERCENT_HP_BONUS","is_daily":false,"chose_seed":false,"campfire_upgraded":4,"win_rate":0.0,"timestamp":1608691214,"path_taken":["M","$","M","?","$","R","M","R","T","?","?","R","?","?","R","BOSS","M","$","?","?","?","R","?","M","T","M"],"items_purchased_type":[],"build_version":"2020-12-13","purchased_purges":0,"victory":false,"max_hp_per_floor":[84,84,84,84,84,84,84,84,84,84,84,84,84,84,84,84,84,84,84,84,84,84,84,84,84,84,84,84],"card_choices":[{"not_picked":["Runesmith:BackupBattery","Runesmith:WhiteBalance"],"picked":"Runesmith:EnergizedChisel","floor":1},{"not_picked":["Runesmith:Overpower","Runesmith:HammerAndChisel"],"picked":"Runesmith:HammerThrow","floor":3},{"not_picked":["Runesmith:HammerThrow","Runesmith:LithiumIon"],"picked":"Runesmith:GoWithTheFlow","floor":7},{"not_picked":["Runesmith:Repurpose","Runesmith:Discharge"],"picked":"Runesmith:EnergizedChisel","floor":10},{"not_picked":["Runesmith:DuctTape","Runesmith:FissionHammer"],"picked":"Runesmith:CraftMedicinae","floor":16},{"not_picked":["Runesmith:EnergizedChisel","Runesmith:CraftProtectio"],"picked":"Runesmith:PerfectChisel","floor":18},{"not_picked":["Runesmith:EnergizedChisel","Runesmith:ShiftingStrike"],"picked":"Runesmith:HammerAndChisel+1","floor":20},{"not_picked":["Runesmith:Overpower+1","Runesmith:Accelerate"],"picked":"Runesmith:Attraction","floor":22},{"not_picked":["Runesmith:StaticCage+1","Runesmith:RuneHurl+1","Runesmith:Overpower+1"],"picked":"SKIP","floor":25}],"player_experience":316494,"relics_obtained":[{"floor":9,"key":"Bag of Preparation"},{"floor":11,"key":"Matryoshka"},{"floor":26,"key":"conspire:BottledYoYo"},{"floor":26,"key":"Sundial"}],"event_choices":[{"damage_healed":0,"gold_gain":0,"player_choice":"Ignored","damage_taken":0,"max_hp_gain":0,"max_hp_loss":0,"event_name":"NoteForYourself","floor":4,"gold_loss":0},{"damage_healed":0,"gold_gain":0,"player_choice":"Damaged","damage_taken":8,"max_hp_gain":0,"max_hp_loss":0,"event_name":"Wheel of Change","floor":14,"gold_loss":0},{"damage_healed":0,"gold_gain":0,"player_choice":"Forge","damage_taken":0,"max_hp_gain":0,"max_hp_loss":0,"event_name":"Accursed Blacksmith","floor":21,"gold_loss":0,"cards_upgraded":["Runesmith:PerfectChisel"]}],"is_beta":false,"boss_relics":[{"not_picked":["halation:SmartPhone","vexMod:NewClearReactor"],"picked":"Empty Cage"}],"items_purged_floors":[],"is_endless":false,"potions_floor_spawned":[7,16,18],"killed_by":"theJungle:2_Snecko_Cultists","ascension_level":0}}