{"host":"raai0vtvcfkt8csp","time":1608732196,"event":{"mods":["2.2 Compatiblity","AchievementEnabler","BaseMod","Block Reminder","DeckTracker","Defective Defect","GifTheSpireLib","Minty Spire (QoL Compilation)","Quick Restart","Random Character Button","Rare Cards Sparkle","StSLib","Unceasing Turn Reminder"],"gold_per_floor":[110,110,126,138,138,169,16,49,49,49,63,81,114,129,129,129,129],"floor_reached":16,"playtime":563,"items_purged":[],"score":128,"play_id":"597e0f65-59f0-40b4-bd36-075feede538e","local_time":"20201223150316","is_ascension_mode":true,"campfire_choices":[{"floor":10,"key":"REST"},{"data":"Barricade","floor":15,"key":"SMITH"}],"circlet_count":0,"master_deck":["Strike_R","Strike_R","Strike_R","Strike_R","Strike_R","Defend_R","Defend_R","Defend_R","Defend_R","Bash","Bludgeon","Thunderclap","Searing Blow","Warcry","Immolate","Bludgeon","Shrug It Off","Hemokinesis+1","Cleave+1","Barricade+1"],"relics":["Burning Blood","Pear","Tiny Chest","DollysMirror","Girya","Molten Egg 2","Strawberry"],"acts_visited":["Exordium"],"potions_floor_usage":[11,13,13],"damage_taken":[{"damage":11,"enemies":"Jaw Worm","floor":1,"turns":2},{"damage":0,"enemies":"Small Slimes","floor":3,"turns":3},{"damage":6,"enemies":"2 Louse","floor":4,"turns":2},{"damage":27,"enemies":"Gremlin Nob","floor":6,"turns":4},{"damage":36,"enemies":"Lagavulin","floor":8,"turns":5},{"damage":13,"enemies":"Exordium Thugs","floor":11,"turns":3},{"damage":6,"enemies":"Exordium Wildlife","floor":12,"turns":3},{"damage":5,"enemies":"Gremlin Nob","floor":13,"turns":3},{"damage":7,"enemies":"Large Slime","floor":14,"turns":6},{"damage":49,"enemies":"Hexaghost","floor":16,"turns":7}],"seed_played":"-8486443494721341382","potions_obtained":[{"floor":6,"key":"ColorlessPotion"},{"floor":8,"key":"Ancient Potion"},{"floor":11,"key":"SneckoOil"},{"floor":12,"key":"Fire Potion"},{"floor":13,"key":"Explosive Potion"}],"is_trial":false,"path_per_floor":["M","?","M","M","?","E","$","E","T","R","M","M","E","M","R","B"],"character_chosen":"IRONCLAD","items_purchased":["DollysMirror"],"campfire_rested":1,"item_purchase_floors":[7],"current_hp_per_floor":[67,70,76,76,76,55,55,25,25,49,42,42,50,49,49,0,0],"gold":129,"neow_bonus":"THREE_RARE_CARDS","is_daily":false,"chose_seed":false,"campfire_upgraded":1,"win_rate":0.0,"timestamp":1608732196,"path_taken":["M","?","M","M","?","E","$","E","T","R","M","M","E","M","R","BOSS"],"items_purchased_type":["Relic"],"build_version":"2020-12-22","purchased_purges":0,"victory":false,"max_hp_per_floor":[72,82,82,82,82,82,82,82,82,82,82,82,89,89,89,89,89],"card_choices":[{"not_picked":["Double Tap","Exhume"],"picked":"Bludgeon","floor":0},{"not_picked":["Body Slam","Warcry"],"picked":"Thunderclap","floor":1},{"not_picked":["True Grit","Wild Strike"],"picked":"Searing Blow","floor":3},{"not_picked":["True Grit","Body Slam"],"picked":"Warcry","floor":4},{"not_picked":["Spot Weakness","Headbutt"],"picked":"Immolate","floor":6},{"not_picked":["Sword Boomerang","Warcry"],"picked":"Shrug It Off","floor":8},{"not_picked":["Bloodletting","Perfected Strike+1"],"picked":"Hemokinesis+1","floor":11},{"not_picked":["Clothesline+1","Pommel Strike+1"],"picked":"Cleave+1","floor":12},{"not_picked":["Perfected Strike+1","Headbutt+1"],"picked":"Barricade","floor":13},{"not_picked":["Thunderclap+1","Rupture","Perfected Strike+1"],"picked":"SKIP","floor":14}],"player_experience":428448,"relics_obtained":[{"floor":6,"key":"Tiny Chest"},{"floor":8,"key":"Girya"},{"floor":9,"key":"Molten Egg 2"},{"floor":13,"key":"Strawberry"}],"event_choices":[{"damage_healed":0,"gold_gain":0,"player_choice":"Success","damage_taken":7,"relics_obtained":["Pear"],"max_hp_gain":0,"max_hp_loss":0,"event_name":"Scrap Ooze","floor":2,"gold_loss":0},{"damage_healed":0,"gold_gain":0,"player_choice":"Ignored","damage_taken":0,"max_hp_gain":0,"max_hp_loss":0,"event_name":"Liars Game","floor":5,"gold_loss":0}],"is_beta":false,"boss_relics":[],"items_purged_floors":[],"is_endless":false,"potions_floor_spawned":[6,8,11,12,13],"killed_by":"Hexaghost","ascension_level":1}}