{"host":"qxeepl7ydvsgmfdb","time":1608699405,"event":{"mods":["AchievementEnabler","BaseMod","Colored Powertips","Minty Spire (QoL Compilation)","Quick Restart","slay the spire mod where everything is the same but ironclad has a cowboy hat"],"gold_per_floor":[118,118,118,131,43,62,62,89,89,102,52,75,86,165,165,267,267,283,283,283,297,297,297,316,331,354,354,364,182,182,182,182,282,332,342,395,395,395,406,406,406],"floor_reached":40,"playtime":1290,"items_purged":[],"score":510,"play_id":"e43ddb30-5fe6-49a0-82ec-92fc9b0ab108","local_time":"20201222235645","is_ascension_mode":true,"campfire_choices":[{"floor":7,"key":"REST"},{"floor":15,"key":"REST"},{"floor":23,"key":"REST"},{"floor":32,"key":"REST"}],"circlet_count":0,"master_deck":["Strike_G+1","Strike_G+1","Strike_G+1","Strike_G+1","Defend_G+1","Defend_G+1","Defend_G+1","Defend_G+1","Defend_G+1","Survivor","Neutralize+1","Cloak And Dagger","All Out Attack","PiercingWail","All Out Attack","Poisoned Stab","Venomology","Deflect","Backstab+1","Corpse Explosion","Deadly Poison+1","Bandage Up","Envenom","Cloak And Dagger+1","Noxious Fumes+1","Madness","Madness","Slice+1"],"relics":["Ring of the Snake","Pocketwatch","Shuriken","Darkstone Periapt","Snake Skull","WristBlade","Pen Nib","MutagenicStrength","Nloth\u0027s Gift","Tiny Chest","Tiny House","Unceasing Top","Lantern"],"acts_visited":["Exordium","TheCity","TheBeyond"],"potions_floor_usage":[8,13,21,28,31,33,33,33,36,40,40,40],"damage_taken":[{"damage":0,"enemies":"2 Louse","floor":1,"turns":2},{"damage":7,"enemies":"Jaw Worm","floor":4,"turns":4},{"damage":0,"enemies":"Small Slimes","floor":6,"turns":2},{"damage":7,"enemies":"3 Sentries","floor":8,"turns":6},{"damage":8,"enemies":"Looter","floor":10,"turns":4},{"damage":25,"enemies":"The Mushroom Lair","floor":12,"turns":4},{"damage":0,"enemies":"3 Louse","floor":13,"turns":1},{"damage":11,"enemies":"The Guardian","floor":16,"turns":14},{"damage":1,"enemies":"Chosen","floor":18,"turns":5},{"damage":25,"enemies":"2 Thieves","floor":21,"turns":4},{"damage":0,"enemies":"Snake Plant","floor":24,"turns":4},{"damage":9,"enemies":"3 Cultists","floor":25,"turns":4},{"damage":15,"enemies":"Chosen and Byrds","floor":28,"turns":5},{"damage":0,"enemies":"Book of Stabbing","floor":31,"turns":1},{"damage":67,"enemies":"Champ","floor":33,"turns":9},{"damage":18,"enemies":"3 Darklings","floor":35,"turns":2},{"damage":0,"enemies":"2 Orb Walkers","floor":36,"turns":1},{"damage":2,"enemies":"3 Shapes","floor":39,"turns":3},{"damage":86,"enemies":"Giant Head","floor":40,"turns":8}],"seed_played":"-9138826361068105336","potions_obtained":[{"floor":1,"key":"GamblersBrew"},{"floor":6,"key":"FearPotion"},{"floor":12,"key":"Ancient Potion"},{"floor":13,"key":"Fruit Juice"},{"floor":33,"key":"SpeedPotion"},{"floor":34,"key":"EssenceOfSteel"},{"floor":35,"key":"CunningPotion"},{"floor":36,"key":"Weak Potion"},{"floor":39,"key":"BlessingOfTheForge"}],"is_trial":false,"path_per_floor":["M","?","?","M","$","M","R","E","T","M","?","?","M","?","R","B",null,"M","?","?","M","?","R","M","M","T","$","M","$","?","E","R","B",null,"M","?","?","T","M","E"],"character_chosen":"THE_SILENT","items_purchased":["Cloak And Dagger","All Out Attack","SmokeBomb","Bandage Up"],"campfire_rested":4,"item_purchase_floors":[5,5,29,29],"current_hp_per_floor":[49,42,28,21,21,21,42,35,35,27,27,2,7,7,29,18,75,74,74,74,49,49,71,71,62,62,62,47,47,47,47,69,6,80,62,66,56,56,54,0,0],"gold":406,"neow_bonus":"ONE_RARE_RELIC","is_daily":false,"chose_seed":false,"campfire_upgraded":0,"win_rate":0.0,"timestamp":1608699405,"path_taken":["M","?","?","?","$","M","R","E","T","M","?","?","M","?","R","BOSS","M","?","?","M","?","R","?","M","T","$","M","$","?","E","R","BOSS","M","?","?","?","?","E"],"items_purchased_type":["Card","Card","Potion","Card"],"build_version":"2020-12-13","purchased_purges":0,"victory":false,"max_hp_per_floor":[70,70,70,70,70,70,70,70,70,70,70,70,75,75,75,75,75,75,75,75,75,75,75,75,75,75,75,75,75,75,75,75,75,80,80,80,80,80,80,80,80],"card_choices":[{"not_picked":["Finisher","Backflip","Riddle With Holes"],"picked":"SKIP","floor":1},{"not_picked":["Endless Agony","Prepared","Leg Sweep"],"picked":"SKIP","floor":4},{"not_picked":["Choke","Flying Knee","Blur"],"picked":"SKIP","floor":6},{"not_picked":["Endless Agony","Dagger Throw","Caltrops"],"picked":"SKIP","floor":8},{"not_picked":["Doppelganger","Prepared"],"picked":"PiercingWail","floor":10},{"not_picked":["Tactician","Sucker Punch"],"picked":"All Out Attack","floor":12},{"not_picked":["Acrobatics","Riddle With Holes"],"picked":"Poisoned Stab","floor":13},{"not_picked":["Tools of the Trade","Unload"],"picked":"Venomology","floor":16},{"not_picked":["Poisoned Stab+1","Heel Hook"],"picked":"Deflect","floor":18},{"not_picked":["Dagger Spray+1","Slice+1"],"picked":"Backstab+1","floor":21},{"not_picked":["Quick Slash","Choke+1","Heel Hook"],"picked":"SKIP","floor":24},{"not_picked":["Infinite Blades","Well Laid Plans"],"picked":"Corpse Explosion","floor":25},{"not_picked":["Outmaneuver+1","Dagger Throw"],"picked":"Deadly Poison+1","floor":28},{"not_picked":["Glass Knife","Phantasmal Killer"],"picked":"Envenom","floor":33},{"not_picked":["Calculated Gamble","Deadly Poison"],"picked":"Cloak And Dagger+1","floor":34},{"not_picked":["Backflip+1","Tactician","Dodge and Roll"],"picked":"SKIP","floor":35},{"not_picked":["Blur","All Out Attack"],"picked":"Noxious Fumes+1","floor":36},{"not_picked":["Noxious Fumes+1","Flechettes+1"],"picked":"Slice+1","floor":39}],"player_experience":317731,"relics_obtained":[{"floor":8,"key":"Darkstone Periapt"},{"floor":9,"key":"Snake Skull"},{"floor":12,"key":"Odd Mushroom"},{"floor":26,"key":"Tiny Chest"},{"floor":36,"key":"Unceasing Top"},{"floor":38,"key":"Lantern"}],"event_choices":[{"damage_healed":0,"gold_gain":0,"player_choice":"Success","damage_taken":7,"relics_obtained":["Shuriken"],"max_hp_gain":0,"max_hp_loss":0,"event_name":"Scrap Ooze","floor":2,"gold_loss":0},{"damage_healed":0,"gold_gain":0,"player_choice":"Entered Light","damage_taken":14,"max_hp_gain":0,"max_hp_loss":0,"event_name":"Shining Light","floor":3,"gold_loss":0,"cards_upgraded":["Strike_G","Defend_G"]},{"cards_removed":["Strike_G"],"damage_healed":0,"gold_gain":0,"player_choice":"Card Removal","damage_taken":0,"max_hp_gain":0,"max_hp_loss":0,"event_name":"The Cleric","floor":11,"gold_loss":50},{"damage_healed":0,"gold_gain":0,"player_choice":"Fought Mushrooms","damage_taken":0,"max_hp_gain":0,"max_hp_loss":0,"event_name":"Mushrooms","floor":12,"gold_loss":0},{"damage_healed":0,"gold_gain":79,"player_choice":"Gained Gold","damage_taken":0,"max_hp_gain":0,"max_hp_loss":0,"event_name":"Golden Wing","floor":14,"gold_loss":0},{"damage_healed":0,"gold_gain":0,"player_choice":"Opened","damage_taken":0,"relics_obtained":["Pen Nib"],"max_hp_gain":0,"max_hp_loss":0,"event_name":"The Mausoleum","floor":19,"gold_loss":0},{"damage_healed":0,"gold_gain":0,"player_choice":"Inject Mutagens","damage_taken":0,"relics_obtained":["MutagenicStrength"],"max_hp_gain":0,"max_hp_loss":0,"event_name":"Drug Dealer","floor":20,"gold_loss":0},{"damage_healed":0,"gold_gain":0,"player_choice":"Traded Relic","damage_taken":0,"relics_obtained":["Nloth\u0027s Gift"],"max_hp_gain":0,"max_hp_loss":0,"event_name":"N\u0027loth","floor":22,"relics_lost":["Odd Mushroom"],"gold_loss":0},{"damage_healed":0,"gold_gain":0,"player_choice":"Simplicity","damage_taken":0,"max_hp_gain":0,"max_hp_loss":0,"event_name":"Back to Basics","floor":30,"gold_loss":0,"cards_upgraded":["Strike_G","Strike_G","Strike_G","Defend_G","Defend_G","Defend_G","Defend_G"]},{"damage_healed":0,"gold_gain":0,"player_choice":"Fight","damage_taken":0,"max_hp_gain":0,"max_hp_loss":0,"event_name":"Mysterious Sphere","floor":36,"gold_loss":0},{"damage_healed":0,"gold_gain":0,"player_choice":"Embrace Madness","damage_taken":10,"max_hp_gain":0,"max_hp_loss":0,"event_name":"Winding Halls","floor":37,"gold_loss":0,"cards_obtained":["Madness","Madness"]}],"is_beta":false,"boss_relics":[{"not_picked":["Ectoplasm","Runic Dome"],"picked":"WristBlade"},{"not_picked":["Fusion Hammer","Ring of the Serpent"],"picked":"Tiny House"}],"items_purged_floors":[],"is_endless":false,"potions_floor_spawned":[1,6,12,13,21,31,33,35,36,39],"killed_by":"Giant Head","ascension_level":4}}