{"host":"rmsq46plbpwfbxcc","time":1608726370,"event":{"mods":["AchievementEnabler","BaseMod","Colored Map","DeckTracker","Minty Spire (QoL Compilation)","Permanent Neow","SuperFastMode"],"gold_per_floor":[118,129,144,64,77,77,108,108,108,124,124,124,124],"floor_reached":12,"playtime":264,"items_purged":[],"score":144,"play_id":"7d632f4b-113b-4040-baf7-eba72077a5f9","local_time":"20201223212610","is_ascension_mode":true,"campfire_choices":[{"data":"Blade Dance","floor":6,"key":"SMITH"},{"data":"Neutralize","floor":8,"key":"SMITH"},{"data":"Accuracy","floor":11,"key":"SMITH"}],"circlet_count":0,"master_deck":["AscendersBane","Strike_G","Strike_G","Strike_G","Strike_G","Strike_G","Defend_G","Defend_G","Defend_G","Defend_G","Defend_G","Survivor","Neutralize+1","Dagger Spray","Blade Dance+1","Accuracy+1","Well Laid Plans","Burst"],"relics":["Coffee Dripper","Pear","Ornamental Fan"],"acts_visited":["Exordium"],"potions_floor_usage":[10,12],"damage_taken":[{"damage":0,"enemies":"Cultist","floor":1,"turns":5},{"damage":3,"enemies":"2 Louse","floor":2,"turns":2},{"damage":0,"enemies":"Small Slimes","floor":3,"turns":3},{"damage":3,"enemies":"Blue Slaver","floor":5,"turns":5},{"damage":25,"enemies":"Lagavulin","floor":7,"turns":8},{"damage":6,"enemies":"Lots of Slimes","floor":10,"turns":3},{"damage":58,"enemies":"Gremlin Nob","floor":12,"turns":5}],"seed_played":"-2050099786209483586","potions_obtained":[{"floor":3,"key":"Explosive Potion"},{"floor":10,"key":"DistilledChaos"}],"is_trial":false,"path_per_floor":["M","M","M","$","M","R","E","R","T","M","R","E"],"character_chosen":"THE_SILENT","items_purchased":["Accuracy"],"campfire_rested":0,"item_purchase_floors":[4],"current_hp_per_floor":[59,56,56,56,53,53,38,38,38,32,32,0,0],"gold":124,"neow_bonus":"BOSS_RELIC","is_daily":false,"chose_seed":false,"campfire_upgraded":3,"win_rate":0.0,"timestamp":1608726370,"path_taken":["M","M","?","$","M","R","E","R","T","M","R","E"],"items_purchased_type":["Card"],"build_version":"2020-12-22","purchased_purges":0,"victory":false,"max_hp_per_floor":[66,66,66,66,66,66,76,76,76,76,76,76,76],"card_choices":[{"not_picked":["Tactician","Riddle With Holes"],"picked":"Dagger Spray","floor":1},{"not_picked":["Choke","Quick Slash"],"picked":"Blade Dance","floor":2},{"not_picked":["Poisoned Stab","Dodge and Roll","Sucker Punch"],"picked":"SKIP","floor":3},{"not_picked":["Underhanded Strike","Leg Sweep"],"picked":"Well Laid Plans","floor":5},{"not_picked":["Dagger Spray","Expertise","Eviscerate"],"picked":"SKIP","floor":7},{"not_picked":["Flechettes","Well Laid Plans"],"picked":"Burst","floor":10}],"player_experience":1362995,"relics_obtained":[{"floor":7,"key":"Pear"},{"floor":9,"key":"Ornamental Fan"}],"event_choices":[],"is_beta":false,"boss_relics":[],"items_purged_floors":[],"is_endless":false,"potions_floor_spawned":[3,10],"killed_by":"Gremlin Nob","ascension_level":16}}