{"host":"f7rb14kzcw8hx1r1","time":1608717264,"event":{"mods":["BaseMod","Better Note","Better Third Choice","Colored Map","Highlight Path","Hubris","Minty Spire (QoL Compilation)","Replay The Spire","StSLib"],"gold_per_floor":[114,114,130,148,15,43,100,100,100,100,100,118,18,30,30,134,134,152,27,47,59,71,106,116,116,197,197,197,232,232,244,244,349,399,413,151,151,151,165,165,165,191,243,259,259,4,16,47,47,47],"floor_reached":51,"playtime":2406,"items_purged":["Strike_G","Strike_G","Strike_G","Strike_G","Poisoned Stab"],"score":820,"play_id":"67cd3f69-58fb-4b16-8815-3b154ddd5497","local_time":"20201223105424","is_ascension_mode":false,"campfire_choices":[{"data":"Neutralize","floor":8,"key":"SMITH"},{"data":"Cloak And Dagger","floor":15,"key":"SMITH"},{"data":"Accuracy","floor":28,"key":"SMITH"},{"data":"Hidden Blade","floor":30,"key":"SMITH"},{"floor":32,"key":"REST"},{"data":"Footwork","floor":41,"key":"SMITH"},{"data":"Underhanded Strike","floor":45,"key":"SMITH"},{"floor":49,"key":"REST"}],"circlet_count":0,"master_deck":["Defend_G","Defend_G","Defend_G","Defend_G","Defend_G","Survivor+1","Neutralize+1","Hidden Blade","Accuracy+1","Dagger Throw+1","Underhanded Strike+1","ReplayTheSpireMod:Scrap Shanks+1","Hidden Blade+1","Apotheosis+1","Cloak And Dagger+1","All Out Attack+1","Escape Plan","Body Slam+1","Terror+1","Footwork+1","Acrobatics+1","Footwork+1","PiercingWail+1","Venomology","Blade Dance+1"],"relics":["HoveringKite","hubris:ToyBattleship","Pantograph","Black Star","ReplayTheSpireMod:TigerMarble","Akabeko","Ninja Scroll","Omamori","Replay:Rubber Ducky","Tiny House","hubris:Icosahedron","Pet Ghost","ReplayTheSpireMod:Shallot","ReplayTheSpireMod:Lightbulb","Garlic","Bottled Tornado"],"acts_visited":["Exordium","TheCity","TheBeyond"],"potions_floor_usage":[7,16,22,23,24,31,38,47,48,50,50,50,50],"damage_taken":[{"damage":0,"enemies":"Small Slimes","floor":1,"turns":5},{"damage":0,"enemies":"Cultist","floor":3,"turns":4},{"damage":1,"enemies":"Jaw Worm","floor":4,"turns":4},{"damage":5,"enemies":"Replay:BlueRogue","floor":6,"turns":6},{"damage":12,"enemies":"Lagavulin Event","floor":7,"turns":4},{"damage":9,"enemies":"3 Louse","floor":12,"turns":3},{"damage":7,"enemies":"Red Slaver","floor":14,"turns":4},{"damage":5,"enemies":"Hexaghost","floor":16,"turns":6},{"damage":1,"enemies":"3 Byrds","floor":18,"turns":6},{"damage":2,"enemies":"Spheric Guardian","floor":20,"turns":3},{"damage":0,"enemies":"Snecko","floor":21,"turns":4},{"damage":14,"enemies":"Snake Plant","floor":22,"turns":6},{"damage":13,"enemies":"Book of Stabbing","floor":23,"turns":5},{"damage":0,"enemies":"3 Cultists","floor":24,"turns":4},{"damage":1,"enemies":"Gremlin Leader","floor":29,"turns":3},{"damage":0,"enemies":"Snecko","floor":31,"turns":3},{"damage":19,"enemies":"Champ","floor":33,"turns":8},{"damage":0,"enemies":"3 Shapes","floor":35,"turns":5},{"damage":18,"enemies":"3 Darklings","floor":39,"turns":4},{"damage":0,"enemies":"R_Hoarder","floor":42,"turns":6},{"damage":0,"enemies":"Spire Growth","floor":44,"turns":4},{"damage":0,"enemies":"Writhing Mass","floor":47,"turns":6},{"damage":0,"enemies":"Giant Head","floor":48,"turns":4},{"damage":2,"enemies":"Awakened One","floor":50,"turns":10}],"seed_played":"7998266577227421764","potions_obtained":[{"floor":4,"key":"Fire Potion"},{"floor":7,"key":"EssenceOfSteel"},{"floor":14,"key":"LiquidBronze"},{"floor":16,"key":"Fire Potion"},{"floor":18,"key":"EssenceOfSteel"},{"floor":22,"key":"Toxic Potion"},{"floor":23,"key":"PowerPotion"},{"floor":29,"key":"Fire Potion"},{"floor":34,"key":"SneckoOil"},{"floor":38,"key":"Fruit Juice"},{"floor":38,"key":"SteroidPotion"}],"is_trial":false,"path_per_floor":["M","?","M","M","$","E","?","R","T","?","?","M","$","M","R","B",null,"M","$","M","M","M","E","M","?","T","?","R","E","R","M","R","B",null,"M","$","?","?","M","?","R","E","T","M","R","$","M","E","R","B",null],"character_chosen":"THE_SILENT","items_purchased":["ReplayTheSpireMod:Scrap Shanks+1","Acrobatics+1","Footwork","Venomology"],"campfire_rested":2,"item_purchase_floors":[5,36,36,46],"current_hp_per_floor":[70,70,70,69,69,64,52,52,52,52,52,43,43,36,36,56,70,69,69,67,67,53,40,40,40,40,40,40,39,39,39,60,51,75,75,75,75,80,62,62,62,62,62,62,62,62,62,62,80,78],"gold":47,"neow_bonus":"BOSS_RELIC","is_daily":false,"chose_seed":false,"campfire_upgraded":6,"win_rate":0.0,"timestamp":1608717264,"path_taken":["M","?","?","M","$","E","?","R","T","?","?","?","$","M","R","BOSS","M","$","?","M","M","E","M","?","T","?","R","E","R","M","R","BOSS","M","$","?","?","?","?","R","E","T","M","R","$","M","E","R","BOSS"],"items_purchased_type":["Card","Card","Card","Card"],"build_version":"2020-12-22","purchased_purges":5,"victory":true,"max_hp_per_floor":[70,70,70,70,70,70,70,70,70,70,70,70,70,70,70,70,70,70,70,70,70,70,70,70,70,70,70,70,70,70,70,70,70,75,75,75,75,80,80,80,80,80,80,80,80,80,80,80,80,80],"card_choices":[{"not_picked":["Heel Hook","Caltrops"],"picked":"Hidden Blade","floor":1},{"not_picked":["Prepared","All Out Attack"],"picked":"Dagger Throw","floor":3},{"not_picked":["Crippling Poison","Poisoned Stab"],"picked":"Underhanded Strike","floor":4},{"not_picked":["Choke","Deadly Poison","Replay:Poison Smokescreen"],"picked":"SKIP","floor":6},{"not_picked":["Finisher","Eviscerate"],"picked":"Hidden Blade","floor":7},{"not_picked":["Dagger Spray","PiercingWail"],"picked":"Cloak And Dagger","floor":12},{"not_picked":["Skewer","Sucker Punch","Bane"],"picked":"SKIP","floor":14},{"not_picked":["Replay:Poison Smokescreen+1","Dagger Throw"],"picked":"All Out Attack+1","floor":18},{"not_picked":["Dash","Slice","hubris:SlightOfHand"],"picked":"SKIP","floor":20},{"not_picked":["Underhanded Strike+1","Poisoned Stab","Escape Plan"],"picked":"SKIP","floor":21},{"not_picked":["Underhanded Strike+1","Poisoned Stab"],"picked":"Escape Plan","floor":21},{"not_picked":["Wraith Form v2","Backflip"],"picked":"Blade Dance","floor":22},{"not_picked":["Outmaneuver","Crippling Poison","Underhanded Strike+1"],"picked":"SKIP","floor":23},{"not_picked":["Sucker Punch","Slice+1","Blade Dance"],"picked":"SKIP","floor":24},{"not_picked":["Wraith Form v2","Sneak Up"],"picked":"Terror+1","floor":29},{"not_picked":["Underhanded Strike","hubris:SlightOfHand"],"picked":"Footwork+1","floor":31},{"not_picked":["Deflect","Reflex","Cloak And Dagger"],"picked":"SKIP","floor":35},{"not_picked":["Sucker Punch","Dagger Spray+1","Dagger Throw+1"],"picked":"SKIP","floor":39},{"not_picked":["hubris:TrickCloak+1","ReplayTheSpireMod:Speed Training+1"],"picked":"PiercingWail+1","floor":42},{"not_picked":["Acrobatics","Deflect","Flying Knee+1"],"picked":"SKIP","floor":44},{"not_picked":["Slice","Tactician+1","Dodge and Roll"],"picked":"SKIP","floor":47},{"not_picked":["Heel Hook+1","Bane+1"],"picked":"Blade Dance+1","floor":48}],"player_experience":838497,"relics_obtained":[{"floor":6,"key":"hubris:ToyBattleship"},{"floor":9,"key":"Dream Catcher"},{"floor":23,"key":"ReplayTheSpireMod:TigerMarble"},{"floor":23,"key":"Akabeko"},{"floor":26,"key":"Ninja Scroll"},{"floor":29,"key":"Omamori"},{"floor":29,"key":"Replay:Rubber Ducky"},{"floor":42,"key":"Pet Ghost"},{"floor":42,"key":"ReplayTheSpireMod:Shallot"},{"floor":43,"key":"ReplayTheSpireMod:Lightbulb"},{"floor":48,"key":"Garlic"},{"floor":48,"key":"Bottled Tornado"}],"event_choices":[{"damage_healed":0,"gold_gain":0,"cards_transformed":["Strike_G"],"player_choice":"Transformed","damage_taken":0,"max_hp_gain":0,"max_hp_loss":0,"event_name":"Transmorgrifier","floor":2,"gold_loss":0,"cards_obtained":["Accuracy"]},{"damage_healed":0,"gold_gain":0,"player_choice":"Searched \u00273\u0027 times","damage_taken":0,"relics_obtained":["Pantograph"],"max_hp_gain":0,"max_hp_loss":0,"event_name":"Dead Adventurer","floor":7,"gold_loss":0},{"damage_healed":52,"gold_gain":0,"player_choice":"Protect","damage_taken":0,"max_hp_gain":0,"max_hp_loss":70,"event_name":"betterThird:BetterShining","floor":10,"gold_loss":1},{"damage_healed":0,"gold_gain":0,"player_choice":"Forge","damage_taken":0,"max_hp_gain":0,"max_hp_loss":0,"event_name":"Accursed Blacksmith","floor":11,"gold_loss":0,"cards_upgraded":["Survivor"]},{"damage_healed":0,"gold_gain":0,"player_choice":"1 cards matched","damage_taken":0,"max_hp_gain":0,"max_hp_loss":0,"event_name":"Match and Keep!","floor":25,"gold_loss":0,"cards_obtained":["Poisoned Stab"]},{"cards_removed":["Apotheosis"],"damage_healed":0,"gold_gain":0,"player_choice":"Take \u0026 Give","damage_taken":0,"max_hp_gain":0,"max_hp_loss":0,"event_name":"betterNote:BetterNote","floor":27,"gold_loss":0,"cards_obtained":["Body Slam"]},{"cards_removed":["Blade Dance"],"damage_healed":0,"gold_gain":0,"player_choice":"Removed Skill","damage_taken":0,"max_hp_gain":0,"max_hp_loss":0,"event_name":"Falling","floor":37,"gold_loss":0},{"damage_healed":0,"gold_gain":0,"player_choice":"Got Potions","damage_taken":0,"max_hp_gain":0,"max_hp_loss":0,"event_name":"Lab","floor":38,"gold_loss":0}],"is_beta":false,"boss_relics":[{"not_picked":["Replay:Wanted Poster","Painkiller Herb"],"picked":"Black Star"},{"not_picked":["Replay:Ancient Bell","Runic Pyramid"],"picked":"Tiny House"}],"items_purged_floors":[5,13,19,36,46],"is_endless":false,"potions_floor_spawned":[4,7,14,16,18,22,23,29,42],"ascension_level":0}}