{"host":"627up2rvtmm0cf0r","time":1608718535,"event":{"mods":["ATMod(阿瑾Mod)","Act Like it!","BaseMod","CapriCore","Card Filter","Card Forge","DeckTracker","Dota2Spire","Friendly Minions","Highlight Path","Minty Spire (QoL Compilation)","MostiFishMod","Permanent Neow","Quick Restart","Relic Stats","Shop Mod","Spicy Shops","StSLib","SuperFastMode","TestMod","[地精首领爬塔]The Maniac","【遗物卡牌】REMEMod","篝火指南"],"gold_per_floor":[15,29,29,39,39,39,67,67,149,0,0,75,85,104,104,209,209,229,249,249,33,44,44,70,125,178,195,207,237,162,177,177,277,277,292,292,514,514,537,537,30,61,88,141,159,189,200,213,213,213,213,213,91,121,121],"floor_reached":56,"playtime":1829,"items_purged":["Defend_P","Pride"],"score":1695,"play_id":"040fb14c-df70-4781-aaee-f7c93f42faed","local_time":"20201223181535","is_ascension_mode":false,"campfire_choices":[{"data":"AT_FamilyPortrait","floor":6,"key":"SMITH"},{"data":"REME_Repentance","floor":8,"key":"SMITH"},{"data":"REME_Repentance","floor":15,"key":"SMITH"},{"data":"MostiFishMod:Dust","floor":23,"key":"SMITH"},{"data":"Devotion","floor":32,"key":"SMITH"},{"data":"Discovery","floor":40,"key":"SMITH"},{"floor":49,"key":"RECALL"},{"data":"MostiFishMod:DustFall","floor":52,"key":"SMITH"}],"circlet_count":0,"master_deck":["Strike_P","Strike_P","Defend_P","Defend_P","Eruption","AT_FamilyPortrait+1","Devotion+1","REME_Repentance+1","REME_Repentance+1","MostiFishMod:Dust+1","AT_EmpoweredMortalDraw","Discovery+1","MostiFishMod:DustFall+1"],"relics":["PureWater","Hammer of Thor","Seething Fire","Anvil of the Gods","DaveBox","testmod-TestBox","REME_ComplimentaryCards","AT_ATBox","testmod-GiftOfSatan","EGODaCapo","Orichalcum","Bottled Lightning","Lantern","JellyFishMachine","testmod-ObsoleteBoomerang","AT_SpeedBoots","Dota2Spire:Butterfly","Red Mask","Unceasing Top","AT_MortalBlade","AT_ChloranthyRing","AT_ForceNature","AT_Kusabimaru","Gremlin Horn","Dota2Spire:UrnOfShadows","Boot","OriginationStaff","testmod-ArcanaOfDestiny","testmod-BalancedPeriapt","Dota2Spire:DrumOfEndurance"],"acts_visited":["Exordium","TheCity","TheBeyond","TheEnding"],"potions_floor_usage":[31,55],"damage_taken":[{"damage":0,"enemies":"Cultist","floor":1,"turns":2},{"damage":0,"enemies":"2 Louse","floor":2,"turns":1},{"damage":0,"enemies":"Jaw Worm","floor":4,"turns":2},{"damage":8,"enemies":"3 Sentries","floor":7,"turns":4},{"damage":0,"enemies":"Large Slime","floor":13,"turns":3},{"damage":0,"enemies":"Exordium Wildlife","floor":14,"turns":2},{"damage":0,"enemies":"Slime Boss","floor":16,"turns":4},{"damage":21,"enemies":"Shell Parasite","floor":18,"turns":3},{"damage":0,"enemies":"Spheric Guardian","floor":19,"turns":3},{"damage":0,"enemies":"Chosen and Byrds","floor":22,"turns":3},{"damage":1,"enemies":"Book of Stabbing","floor":24,"turns":3},{"damage":0,"enemies":"Masked Bandits","floor":25,"turns":1},{"damage":0,"enemies":"Snecko","floor":27,"turns":3},{"damage":0,"enemies":"Snake Plant","floor":28,"turns":2},{"damage":0,"enemies":"Slavers","floor":29,"turns":3},{"damage":0,"enemies":"Cultist and Chosen","floor":31,"turns":3},{"damage":0,"enemies":"Automaton","floor":33,"turns":4},{"damage":0,"enemies":"3 Darklings","floor":35,"turns":2},{"damage":0,"enemies":"Reptomancer","floor":42,"turns":1},{"damage":0,"enemies":"2 Orb Walkers","floor":44,"turns":1},{"damage":0,"enemies":"Orb Walker","floor":45,"turns":2},{"damage":34,"enemies":"Nemesis","floor":46,"turns":3},{"damage":0,"enemies":"3 Darklings","floor":47,"turns":1},{"damage":0,"enemies":"Transient","floor":48,"turns":4},{"damage":0,"enemies":"Awakened One","floor":50,"turns":2},{"damage":0,"enemies":"Shield and Spear","floor":54,"turns":2},{"damage":80,"enemies":"The Heart","floor":55,"turns":6}],"seed_played":"4520930056757272781","potions_obtained":[{"floor":4,"key":"Dexterity Potion"},{"floor":7,"key":"Fire Potion"},{"floor":13,"key":"Block Potion"},{"floor":31,"key":"testmod-SpacePotion"},{"floor":44,"key":"PowerPotion"}],"is_trial":false,"path_per_floor":["M","M","$","M","?","R","E","R","T","$","$","?","M","M","R","B",null,"M","M","?","$","M","R","E","?","T","M","M","E","$","M","R","B",null,"M","?","?","?","T","R","$","E","T","?","M","E","M","M","R","B",null,"R","$","E","B",null],"character_chosen":"WATCHER","items_purchased":["Lantern","testmod-ObsoleteBoomerang","AT_SpeedBoots","AT_ForceNature","AT_Kusabimaru","Gremlin Horn","testmod-BalancedPeriapt"],"campfire_rested":0,"item_purchase_floors":[10,21,21,41,41,41,53],"current_hp_per_floor":[72,72,72,72,65,65,57,57,57,57,57,46,46,53,53,84,87,87,97,97,97,97,97,96,96,96,96,96,102,102,107,107,107,107,107,97,97,97,97,97,97,97,97,97,105,71,71,119,119,119,119,119,119,119,52],"gold":121,"neow_bonus":"REMOVE_TWO","is_daily":false,"chose_seed":false,"campfire_upgraded":7,"win_rate":0.0,"timestamp":1608718535,"path_taken":["M","M","?","M","?","R","E","R","T","?","$","?","?","M","R","BOSS","M","M","?","$","M","R","E","?","T","M","M","E","?","M","R","BOSS","M","?","?","?","?","R","$","E","T","?","M","E","?","?","R","BOSS","R","$","E","BOSS"],"items_purchased_type":["Relic","Relic","Relic","Relic","Relic","Relic","Relic"],"build_version":"2020-12-22","purchased_purges":2,"victory":true,"max_hp_per_floor":[72,72,72,72,72,72,72,72,72,72,72,72,72,77,77,87,87,92,97,97,97,97,97,97,97,97,97,97,102,102,107,107,107,107,107,107,107,107,107,107,107,107,107,107,112,112,112,119,119,119,119,119,119,119,119],"relic_stats":{"Gremlin Horn":[9,9],"counters":[27,70],"Orichalcum":[30],"Boot":[4],"obtain_stats":[{"Lantern":10,"AT_ATBox":0,"DaveBox":0,"Gremlin Horn":41,"Dota2Spire:DrumOfEndurance":54,"Hammer of Thor":0,"Boot":43,"AT_Kusabimaru":41,"testmod-ObsoleteBoomerang":21,"Red Mask":25,"testmod-ArcanaOfDestiny":46,"AT_ChloranthyRing":39,"AT_ForceNature":41,"testmod-TestBox":0,"Dota2Spire:UrnOfShadows":42,"JellyFishMachine":17,"AT_MortalBlade":34,"Seething Fire":0,"Orichalcum":7,"AT_SpeedBoots":21,"testmod-GiftOfSatan":0,"Dota2Spire:Butterfly":24,"Anvil of the Gods":0,"EGODaCapo":0,"OriginationStaff":44,"Bottled Lightning":9,"PureWater":0,"testmod-BalancedPeriapt":53,"Unceasing Top":29,"REME_ComplimentaryCards":0},{"Lantern":4,"AT_ATBox":0,"DaveBox":0,"Gremlin Horn":18,"Dota2Spire:DrumOfEndurance":26,"Hammer of Thor":0,"Boot":19,"AT_Kusabimaru":18,"testmod-ObsoleteBoomerang":9,"Red Mask":12,"testmod-ArcanaOfDestiny":22,"AT_ChloranthyRing":18,"AT_ForceNature":18,"testmod-TestBox":0,"Dota2Spire:UrnOfShadows":19,"JellyFishMachine":7,"AT_MortalBlade":17,"Seething Fire":0,"Orichalcum":4,"AT_SpeedBoots":9,"testmod-GiftOfSatan":0,"Dota2Spire:Butterfly":11,"Anvil of the Gods":0,"EGODaCapo":0,"OriginationStaff":20,"Bottled Lightning":4,"PureWater":0,"testmod-BalancedPeriapt":25,"Unceasing Top":15,"REME_ComplimentaryCards":0},{"Lantern":9,"AT_ATBox":0,"DaveBox":0,"Gremlin Horn":48,"Dota2Spire:DrumOfEndurance":64,"Hammer of Thor":0,"Boot":49,"AT_Kusabimaru":48,"testmod-ObsoleteBoomerang":24,"Red Mask":31,"testmod-ArcanaOfDestiny":55,"AT_ChloranthyRing":48,"AT_ForceNature":48,"testmod-TestBox":0,"Dota2Spire:UrnOfShadows":49,"JellyFishMachine":18,"AT_MortalBlade":46,"Seething Fire":0,"Orichalcum":9,"AT_SpeedBoots":24,"testmod-GiftOfSatan":0,"Dota2Spire:Butterfly":30,"Anvil of the Gods":0,"EGODaCapo":0,"OriginationStaff":50,"Bottled Lightning":9,"PureWater":0,"testmod-BalancedPeriapt":62,"Unceasing Top":39,"REME_ComplimentaryCards":0}],"Unceasing Top":[12]},"card_choices":[{"not_picked":["WaveOfTheHand","Consecrate","Wallop"],"picked":"SKIP","floor":1},{"not_picked":["Halt","Indignation","FlurryOfBlows"],"picked":"SKIP","floor":2},{"not_picked":["Evaluate","Weave"],"picked":"REME_Repentance","floor":4},{"not_picked":["CutThroughFate","EmptyBody"],"picked":"REME_Repentance","floor":7},{"not_picked":["CutThroughFate","MostiFishMod:Nomercy","FlyingSleeves"],"picked":"SKIP","floor":13},{"not_picked":["Fasting2","EmptyMind","CarveReality"],"picked":"SKIP","floor":14},{"not_picked":["AT_IrregularMenstruation","REME_WorshipGod"],"picked":"MostiFishMod:Dust","floor":16},{"not_picked":["Prostrate+1","CrushJoints","Crescendo"],"picked":"SKIP","floor":18},{"not_picked":["REME_Repentance","MostiFishMod:Nomercy","Evaluate+1"],"picked":"SKIP","floor":19},{"not_picked":["Halt","REME_Repentance+1","FlyingSleeves"],"picked":"SKIP","floor":22},{"not_picked":["CrushJoints","REME_Repentance","AT_SoftenMuscles"],"picked":"SKIP","floor":24},{"not_picked":["BattleHymn","FlyingSleeves","Wireheading"],"picked":"SKIP","floor":27},{"not_picked":["Halt","MentalFortress","EmptyFist+1"],"picked":"SKIP","floor":28},{"not_picked":["FollowUp","Halt","SandsOfTime"],"picked":"SKIP","floor":29},{"not_picked":["FollowUp+1","ClearTheMind+1","FlurryOfBlows"],"picked":"SKIP","floor":31},{"not_picked":["FlurryOfBlows+1","SandsOfTime","Protect+1"],"picked":"SKIP","floor":35},{"not_picked":["testmod-FightingIntention","testmod-EternalityOfKhronos"],"picked":"Discovery","floor":36},{"not_picked":["REME_Repentance","BowlingBash+1","ThirdEye+1"],"picked":"SKIP","floor":42},{"not_picked":["DeceiveReality","FlyingSleeves+1","FlurryOfBlows+1"],"picked":"SKIP","floor":45},{"not_picked":["Fasting2","LikeWater","FlyingSleeves+1"],"picked":"SKIP","floor":46},{"not_picked":["Sanctity","LikeWater+1"],"picked":"MostiFishMod:DustFall","floor":47},{"not_picked":["Prostrate+1","Indignation+1","Fasting2"],"picked":"SKIP","floor":48},{"not_picked":["PathToVictory","REME_Repentance","Prostrate+1"],"picked":"SKIP","floor":54}],"player_experience":14901,"relics_obtained":[{"floor":7,"key":"Orichalcum"},{"floor":9,"key":"Bottled Lightning"},{"floor":24,"key":"Dota2Spire:Butterfly"},{"floor":25,"key":"Red Mask"},{"floor":29,"key":"Unceasing Top"},{"floor":39,"key":"AT_ChloranthyRing"},{"floor":42,"key":"Dota2Spire:UrnOfShadows"},{"floor":43,"key":"Boot"},{"floor":44,"key":"OriginationStaff"},{"floor":46,"key":"testmod-ArcanaOfDestiny"},{"floor":54,"key":"Dota2Spire:DrumOfEndurance"}],"event_choices":[{"cards_removed":["Strike_P"],"damage_healed":0,"gold_gain":0,"player_choice":"Card Removal","damage_taken":7,"max_hp_gain":0,"max_hp_loss":0,"event_name":"Golden Wing","floor":5,"gold_loss":0},{"damage_healed":0,"gold_gain":75,"player_choice":"Gather Gold","damage_taken":11,"max_hp_gain":0,"max_hp_loss":0,"event_name":"World of Goop","floor":12,"gold_loss":0},{"damage_healed":0,"gold_gain":0,"player_choice":"Ignored","damage_taken":0,"max_hp_gain":0,"max_hp_loss":0,"event_name":"Vampires","floor":20,"gold_loss":0},{"damage_healed":0,"gold_gain":0,"player_choice":"Fought Bandits","damage_taken":0,"max_hp_gain":0,"max_hp_loss":0,"event_name":"Masked Bandits","floor":25,"gold_loss":0},{"damage_healed":0,"gold_gain":0,"player_choice":"Memory 3","damage_taken":10,"max_hp_gain":0,"max_hp_loss":0,"event_name":"SensoryStone","floor":36,"gold_loss":0},{"damage_healed":0,"gold_gain":222,"player_choice":"Wore Mask","damage_taken":0,"max_hp_gain":0,"max_hp_loss":0,"event_name":"Tomb of Lord Red Mask","floor":37,"gold_loss":0},{"cards_removed":["Vigilance"],"damage_healed":0,"gold_gain":0,"player_choice":"Removed Skill","damage_taken":0,"max_hp_gain":0,"max_hp_loss":0,"event_name":"Falling","floor":38,"gold_loss":0},{"damage_healed":0,"gold_gain":0,"player_choice":"Fight","damage_taken":0,"max_hp_gain":0,"max_hp_loss":0,"event_name":"Mysterious Sphere","floor":44,"gold_loss":0}],"is_beta":false,"boss_relics":[{"not_picked":["Jackal-EndForJourney","HereWithMe"],"picked":"JellyFishMachine"},{"not_picked":["Snecko Eye","Astrolabe"],"picked":"AT_MortalBlade"}],"items_purged_floors":[30,41],"is_endless":false,"potions_floor_spawned":[4,7,13,18,19,24,27,31,44,45,47],"ascension_level":0}}