{"host":"mj8akmyfd5lo602f","time":1608765986,"event":{"mods":["2.2 Compatiblity","Act Like it!","BaseMod","Bestiary","BshForSts","Colored Map","Colored Powertips","Downfall","Highlight Path","Minty Spire (QoL Compilation)","Permanent Neow","Relic Stats","StSLib"],"gold_per_floor":[99,113,128,144,157,172,172,172,186,186,205,217,217,50,70,174,174,99,109,19,39,52,52,52,52],"floor_reached":23,"playtime":1440,"items_purged":["champ:Execute"],"score":189,"play_id":"89be1df3-f79b-47ae-a356-3aa389ab8236","local_time":"20201223232626","is_ascension_mode":false,"campfire_choices":[{"data":"champ:Taunt","floor":1.0,"key":"SMITH"},{"data":"champ:Improvising","floor":8.0,"key":"SMITH"},{"data":"champ:Lariat","floor":10.0,"key":"SMITH"},{"data":"champ:HeartStrike","floor":13.0,"key":"SMITH"},{"data":"champ:Backstep","floor":18,"key":"SMITH"}],"circlet_count":0,"master_deck":["champ:Strike","champ:Strike","champ:Strike","champ:Strike","champ:Defend","champ:Defend","champ:Defend","champ:Defend","champ:Taunt+1","champ:ShieldSigil","champ:AdrenalArmor","champ:RisingSlash","champ:Improvising+1","champ:Backstep+1","champ:Lariat+1","champ:HeartStrike+1","champ:RecklessLeap","champ:Control","champ:Encircle","champ:DeathBlow","champ:SteelEdge","champ:BerserkersShout","champ:StrikeOfGenius"],"relics":["expansioncontent:StudyCardRelic","Sozu","downfall:HeartBlessingBlue"],"acts_visited":["Exordium","TheCity"],"potions_floor_usage":[21],"damage_taken":[{"damage":5.0,"enemies":"2 Louse","floor":2.0,"turns":3.0},{"damage":19.0,"enemies":"Small Slimes","floor":3.0,"turns":4.0},{"damage":29.0,"enemies":"Cultist","floor":4.0,"turns":4.0},{"damage":26.0,"enemies":"Blue Slaver","floor":5.0,"turns":4.0},{"damage":26.0,"enemies":"Exordium Thugs","floor":6.0,"turns":6.0},{"damage":9.0,"enemies":"Blue Slaver","floor":9.0,"turns":4.0},{"damage":29.0,"enemies":"2 Fungi Beasts","floor":11.0,"turns":5.0},{"damage":6.0,"enemies":"Exordium Thugs","floor":12.0,"turns":4.0},{"damage":39.0,"enemies":"downfall:FleeingMerchant","floor":14.0,"turns":4.0},{"damage":53.0,"enemies":"Large Slime","floor":15.0,"turns":3.0},{"damage":68.0,"enemies":"downfall:Watcher","floor":16.0,"turns":5.0},{"damage":36,"enemies":"Shell Parasite","floor":19,"turns":3},{"damage":45,"enemies":"downfall:FleeingMerchant","floor":20,"turns":4},{"damage":63,"enemies":"3 Byrds","floor":21,"turns":4},{"damage":48,"enemies":"Snecko","floor":22,"turns":3},{"damage":0,"enemies":"Shelled Parasite and Fungi","floor":23,"turns":1}],"seed_played":"4333722351290737394","potions_obtained":[{"floor":2.0,"key":"SteroidPotion"},{"floor":3.0,"key":"DistilledChaos"},{"floor":11.0,"key":"Fire Potion"},{"floor":12.0,"key":"sneckomod:MuddlingPotion"},{"floor":16.0,"key":"PowerPotion"}],"is_trial":false,"path_per_floor":["R","M","M","M","M","M","T","R","M","R","M","M","R","$","M","B",null,"R","M","$","M","M","M"],"character_chosen":"THE_CHAMP","items_purchased":["champ:Control","champ:Encircle"],"campfire_rested":0,"item_purchase_floors":[14,14],"current_hp_per_floor":[90,90,85,85,77,70,70,70,68,68,68,64,64,59,37,16,90,100,95,84,69,54,54,54,54],"gold":52,"neow_bonus":"BOSS_RELIC","is_daily":false,"chose_seed":false,"campfire_upgraded":5,"win_rate":0.0,"timestamp":1608765986,"path_taken":["R","M","M","M","M","M","T","R","M","R","M","M","R","$","M","BOSS","R","M","$","M","M","M"],"items_purchased_type":["Card","Card"],"build_version":"2020-12-22","purchased_purges":1,"victory":false,"max_hp_per_floor":[90,90,90,90,90,90,90,90,90,90,90,90,90,90,90,90,90,100,100,100,100,100,100,100,100],"relic_stats":{"Sozu":1,"counters":[16,61],"obtain_stats":[{"Sozu":17,"downfall:HeartBlessingBlue":18,"champ:ChampionCrown":0,"expansioncontent:StudyCardRelic":0},{"Sozu":11,"downfall:HeartBlessingBlue":11,"champ:ChampionCrown":0,"expansioncontent:StudyCardRelic":0},{"Sozu":46,"downfall:HeartBlessingBlue":46,"champ:ChampionCrown":0,"expansioncontent:StudyCardRelic":0}]},"card_choices":[{"not_picked":["champ:Haymaker","champ:CalledShot"],"picked":"champ:ShieldSigil","floor":2.0},{"not_picked":["champ:GutPunch","champ:Riposte"],"picked":"champ:AdrenalArmor","floor":3.0},{"not_picked":["champ:Haymaker","champ:RecklessLeap"],"picked":"champ:RisingSlash","floor":4.0},{"not_picked":["champ:DefensiveStyle","champ:ShieldSigil"],"picked":"champ:Improvising","floor":5.0},{"not_picked":["champ:CalledShot","champ:ShieldSigil"],"picked":"champ:Backstep","floor":6.0},{"not_picked":["champ:Backstep","champ:SkillfulDodge"],"picked":"champ:Lariat","floor":9.0},{"not_picked":["champ:SkillfulDodge","champ:RecklessLeap"],"picked":"champ:HeartStrike","floor":11.0},{"not_picked":["champ:GladiatorsShout","champ:FlashCut","champ:GladiatorStyle"],"picked":"SKIP","floor":12.0},{"not_picked":["champ:Riposte","champ:BringItOn"],"picked":"champ:RecklessLeap","floor":14.0},{"not_picked":["champ:FalseCounter","champ:DefensiveShout"],"picked":"champ:DeathBlow","floor":15.0},{"not_picked":["champ:Devastate","champ:SwordThrow"],"picked":"champ:SteelEdge","floor":16.0},{"not_picked":["champ:FocusedBerserking","champ:GutPunch"],"picked":"champ:BerserkersShout","floor":19},{"not_picked":["champ:StanceDance","champ:CrookedStrike"],"picked":"champ:StrikeOfGenius","floor":20},{"not_picked":["champ:TornadoPunch","champ:CalledShot","champ:FocusedDefense"],"picked":"SKIP","floor":21},{"not_picked":["champ:FanOfKnives+1","champ:GladiatorsShout","champ:FlashCut+1"],"picked":"SKIP","floor":22}],"player_experience":370702,"relics_obtained":[],"event_choices":[],"is_beta":false,"boss_relics":[{"not_picked":["downfall:Hecktoplasm","Empty Cage"],"picked":"Sozu"}],"items_purged_floors":[20],"is_endless":false,"potions_floor_spawned":[2,3,11,12,16,22],"killed_by":"Shelled Parasite and Fungi","ascension_level":0}}