{"host":"jrtaucq9moweewpn","time":1608703844,"event":{"mods":["BaseMod","Better Third Choice","Downfall","Duelist Mod","GifTheSpireLib","Minty Spire (QoL Compilation)","Replay The Spire","Shade Mod","StSLib","The Construct","The Cursed"],"gold_per_floor":[110,120,120,120,139,166,166,199,199,164,18,38,51,51,51,149,149,165,180,27,47,57,57,72,87,87,87,104,123,123,136,136,136,136],"floor_reached":33,"playtime":2445,"items_purged":["Parasite"],"score":289,"play_id":"48fdd9ab-b223-45df-8d0c-15998e5f9ff8","local_time":"20201223001044","is_ascension_mode":true,"campfire_choices":[{"floor":7,"key":"REST"},{"data":"Draining Mist","floor":15,"key":"SMITH"},{"floor":23,"key":"REST"},{"floor":27,"key":"REST"},{"floor":30,"key":"REST"},{"floor":32,"key":"REST"}],"circlet_count":0,"master_deck":["Strike_G","Strike_G","Strike_G","Strike_G+1","Strike_G","Defend_G","Defend_G","Defend_G","Defend_G","Defend_G","Survivor","Neutralize","Poisoned Stab","Bane","Noxious Fumes","ReplayTheSpireMod:Exploit Weakness","Poisoned Stab","Draining Mist+1","Poison Darts","Bane","Crippling Poison","ReplayTheSpireMod:Necrosis+1","Catalyst+1"],"relics":["Ring of the Snake","ReplayTheSpireMod:Ring of Challenge","Potion Belt","construct:BoolHorns","Sundial","Lee\u0027s Waffle","Eternal Feather","Sozu","Toxic Egg 2"],"acts_visited":["Exordium","TheCity"],"potions_floor_usage":[6,6,16,16,22],"damage_taken":[{"damage":2,"enemies":"Cultist","floor":1,"turns":4},{"damage":4,"enemies":"Jaw Worm","floor":2,"turns":3},{"damage":5,"enemies":"2 Louse","floor":5,"turns":2},{"damage":6,"enemies":"Gremlin Nob","floor":6,"turns":3},{"damage":33,"enemies":"3 Sentries","floor":8,"turns":8},{"damage":0,"enemies":"Exordium Wildlife","floor":12,"turns":2},{"damage":16,"enemies":"Exordium Thugs","floor":13,"turns":4},{"damage":31,"enemies":"Slime Boss","floor":16,"turns":8},{"damage":6,"enemies":"Spheric Guardian","floor":18,"turns":3},{"damage":16,"enemies":"2 Thieves","floor":19,"turns":3},{"damage":18,"enemies":"Snake Plant","floor":21,"turns":3},{"damage":14,"enemies":"Snecko","floor":22,"turns":5},{"damage":19,"enemies":"Centurion and Healer","floor":24,"turns":6},{"damage":18,"enemies":"Snake Plant","floor":25,"turns":3},{"damage":15,"enemies":"3 Cultists","floor":28,"turns":4},{"damage":22,"enemies":"Centurion and Healer","floor":29,"turns":5},{"damage":17,"enemies":"Snecko","floor":31,"turns":4},{"damage":71,"enemies":"Collector","floor":33,"turns":8}],"seed_played":"-2450834486489967270","potions_obtained":[{"floor":0,"key":"Fire Potion"},{"floor":0,"key":"Death Potion"},{"floor":0,"key":"sneckomod:MuddlingPotion"},{"floor":5,"key":"hexamod:EctoCoolerPotion"},{"floor":8,"key":"Fire Potion"},{"floor":13,"key":"SpeedPotion"}],"is_trial":false,"path_per_floor":["M","M","?","?","M","E","R","E","T","?","$","M","M","T","R","B",null,"M","M","$","M","M","R","M","M","T","R","M","M","R","M","R","B"],"character_chosen":"THE_SILENT","items_purchased":["Lee\u0027s Waffle","Crippling Poison"],"campfire_rested":5,"item_purchase_floors":[11,20],"current_hp_per_floor":[68,64,64,64,59,53,70,37,37,54,77,77,61,61,70,39,77,71,55,55,37,23,57,38,20,20,54,39,17,51,34,68,0,0],"gold":136,"neow_bonus":"THREE_SMALL_POTIONS","is_daily":false,"chose_seed":false,"campfire_upgraded":1,"win_rate":0.0,"timestamp":1608703844,"path_taken":["M","M","?","?","M","E","R","E","T","?","$","?","M","?","R","BOSS","M","M","$","M","M","R","M","?","T","R","M","M","R","M","R","BOSS"],"items_purchased_type":["Relic","Card"],"build_version":"2020-12-22","purchased_purges":1,"victory":false,"max_hp_per_floor":[70,70,70,70,70,70,70,70,70,70,77,77,77,77,77,77,77,77,77,74,74,74,74,74,74,74,74,74,74,74,74,74,74,74],"card_choices":[{"not_picked":["Deflect","Prepared"],"picked":"Poisoned Stab","floor":1},{"not_picked":["Setup","Masterful Stab"],"picked":"Bane","floor":2},{"not_picked":["Acrobatics","Sucker Punch"],"picked":"Noxious Fumes","floor":5},{"not_picked":["Dash","Blade Dance"],"picked":"ReplayTheSpireMod:Exploit Weakness","floor":6},{"not_picked":["Dodge and Roll","Calculated Gamble"],"picked":"Poisoned Stab","floor":8},{"not_picked":["Underhanded Strike","PiercingWail","Outmaneuver"],"picked":"SKIP","floor":12},{"not_picked":["Hidden Blade","ReplayTheSpireMod:Scrap Shanks"],"picked":"Draining Mist","floor":13},{"not_picked":["Atom Bomb","Grand Finale"],"picked":"Poison Darts","floor":16},{"not_picked":["Dodge and Roll","Distraction"],"picked":"Bane","floor":18},{"not_picked":["Endless Agony","ReplayTheSpireMod:Speed Training+1","Dash"],"picked":"SKIP","floor":19},{"not_picked":["Infinite Blades","Acrobatics+1","Flying Knee"],"picked":"SKIP","floor":21},{"not_picked":["Acrobatics","Dodge and Roll+1","Quick Slash+1"],"picked":"SKIP","floor":22},{"not_picked":["Expertise","Dagger Spray+1","Blade Dance"],"picked":"SKIP","floor":24},{"not_picked":["Storm of Steel","Slice","ReplayTheSpireMod:Speed Training"],"picked":"SKIP","floor":25},{"not_picked":["Dash+1","Cloak And Dagger+1","Setup+1"],"picked":"SKIP","floor":28},{"not_picked":["Slice","Leg Sweep+1"],"picked":"ReplayTheSpireMod:Necrosis+1","floor":29},{"not_picked":["Deadly Poison+1","Backflip+1"],"picked":"Catalyst+1","floor":31}],"player_experience":495475,"relics_obtained":[{"floor":3,"key":"ReplayTheSpireMod:Ring of Challenge"},{"floor":6,"key":"Potion Belt"},{"floor":8,"key":"construct:BoolHorns"},{"floor":9,"key":"Sundial"},{"floor":14,"key":"Eternal Feather"},{"floor":26,"key":"Toxic Egg 2"}],"event_choices":[{"damage_healed":17,"gold_gain":0,"player_choice":"Healed","damage_taken":0,"max_hp_gain":0,"max_hp_loss":0,"event_name":"The Cleric","floor":10,"gold_loss":35}],"is_beta":false,"boss_relics":[{"not_picked":["Snecko Scales","Pandora\u0027s Box"],"picked":"Sozu"}],"items_purged_floors":[20],"is_endless":false,"potions_floor_spawned":[5,8,13,18,21,24,28,29],"killed_by":"Collector","ascension_level":2}}