{"host":"24usy6mbbif0mqva","time":1608746664,"event":{"mods":["10 clothes from DAL","BaseMod","Colored Map","Colored Powertips","Easy Mod","Minty Spire (QoL Compilation)","Rare Cards Sparkle","RumiaBox-露米娅的神秘盒子","Shop Mod","StSLib","TestMod","[IsaacMod]以撒尖塔","[功能]功能增强和修复MOD","easy-game-mod","【功能Mod】Neow奖励","【功能Mod】混沌之环修复补丁","【功能Mod】精心准备","【功能Mod】聪明的最终Boss","【遗物Mod】简单游戏"],"gold_per_floor":[118,148,68,68,68,94,149,130,130,130,161,161,226,476,476,562,562,598,598,632,632,416,416,453,453,453,498,498,348,389,432,432,479,479,522,576,576,475,475,475,535,574,574,615,639,672,584,623,623,804,1006,1006,1006,900,937,1152,1152],"floor_reached":56,"playtime":8321,"items_purged":["Defend_R","Strike_R","Defend_R","Strike_R","Regret","Strike_R","Defend_R","Strike_R","Anger","HandOfGreed","Decay","testmod-Reproduce","Strike_R+1","Clothesline","Shrug It Off","Perfected Strike","Dark Embrace","Bandage Up","Brutality","Rampage","Normality","Iron Wave"],"score":2147469344,"play_id":"a08bc573-383f-4fd2-a1a9-373fd4cdaf5e","local_time":"20201224020424","is_ascension_mode":true,"campfire_choices":[{"floor":10,"key":"RECALL"},{"floor":12,"key":"REST"},{"data":"Barricade","floor":15,"key":"SMITH"},{"data":"Seeing Red","floor":23,"key":"SMITH"},{"data":"Pommel Strike","floor":25,"key":"SMITH"},{"data":"Brutality","floor":32,"key":"SMITH"},{"data":"Anger","floor":40,"key":"SMITH"},{"data":"testmod-BloodBlade","floor":49,"key":"SMITH"},{"data":"testmod-PerfectCombo","floor":53,"key":"SMITH"}],"circlet_count":0,"master_deck":["EasyMod:card_1","Bash","Seeing Red+1","Inflame","Barricade+1","Anger+1","Bludgeon","Metallicize","testmod-PerfectCombo+1","Offering","Intimidate","Twin Strike+1","Shrug It Off","Anger+1","Pommel Strike+1","Thunderclap","Brutality+1","Spot Weakness","Flex","Bloodletting","Searing Blow","Impervious","Hemokinesis","Exhume","testmod-TreasureHunter","testmod-HandmadeProducts","Dark Embrace","Hemokinesis","Body Slam","Pummel+1","Infernal Blade+1","testmod-BloodBlade+1","Offering","Offering+1","Inflame+1","Heavy Blade","Mayhem","Inflame","Dropkick","Shockwave"],"relics":["HushsDoor","testmod-TestBox","EasyCustomRelic","EasyRelic","testmod-DeterminationOfClimber","testmod-InjuryResistance","MerchantsRug","Chemical X","EasyMod:Hard_0","GodSword1","HowToJump","ChampionBelt","Orichalcum","MagicDraw2","testmod-Alchemist","Darkstone Periapt","TheBattery","GodSword7","Baka2","EasyMod:Easy_8","Juzu Bracelet","Toolbox","Lantern","Red Mask","testmod-Fanaticism","HowToJump","Nunchaku","MoreBug","SteamSale","DALC_FIVE","Bag of Marbles","EasyMod:Easy_7","HornCleat","PreservedInsect","testmod-LifeArmor","testmod-Register","GodSword4","Torii","testmod-Acrobat","Sling","Anchor","Happy Flower","Art of War"],"acts_visited":["Exordium","TheCity","TheBeyond","TheEnding"],"potions_floor_usage":[48,50,50,51,56,56,56],"damage_taken":[{"damage":0,"enemies":"2 Louse","floor":1,"turns":3},{"damage":1,"enemies":"Small Slimes","floor":2,"turns":2},{"damage":1,"enemies":"Gremlin Nob","floor":6,"turns":3},{"damage":1,"enemies":"Lagavulin","floor":8,"turns":4},{"damage":0,"enemies":"Gremlin Nob","floor":11,"turns":2},{"damage":0,"enemies":"Slime Boss","floor":16,"turns":4},{"damage":0,"enemies":"Gremlin Leader","floor":18,"turns":2},{"damage":1,"enemies":"Slavers","floor":20,"turns":4},{"damage":0,"enemies":"Gremlin Leader","floor":24,"turns":2},{"damage":0,"enemies":"3 Byrds","floor":27,"turns":1},{"damage":1,"enemies":"Slavers","floor":30,"turns":1},{"damage":0,"enemies":"Masked Bandits","floor":31,"turns":1},{"damage":2,"enemies":"Collector","floor":33,"turns":2},{"damage":2,"enemies":"Nemesis","floor":35,"turns":3},{"damage":1,"enemies":"Reptomancer","floor":36,"turns":2},{"damage":0,"enemies":"Giant Head","floor":41,"turns":1},{"damage":1,"enemies":"Nemesis","floor":42,"turns":1},{"damage":1,"enemies":"Giant Head","floor":44,"turns":1},{"damage":0,"enemies":"Nemesis","floor":46,"turns":1},{"damage":0,"enemies":"Reptomancer","floor":48,"turns":1},{"damage":22,"enemies":"Donu and Deca","floor":50,"turns":8},{"damage":24,"enemies":"Awakened One","floor":51,"turns":17},{"damage":1,"enemies":"Shield and Spear","floor":55,"turns":1}],"seed_played":"8836605760181720775","potions_obtained":[{"floor":1,"key":"Swift Potion"},{"floor":1,"key":"SteroidPotion"},{"floor":2,"key":"AttackPotion"},{"floor":8,"key":"EssenceOfSteel"},{"floor":16,"key":"ElixirPotion"},{"floor":27,"key":"Fire Potion"},{"floor":33,"key":"BloodPotion"},{"floor":44,"key":"testmod-SpacePotion"},{"floor":48,"key":"FearPotion"},{"floor":48,"key":"SpeedPotion"},{"floor":48,"key":"BlessingOfTheForge"},{"floor":55,"key":"PowerPotion"}],"is_trial":false,"path_per_floor":["M","M","$","?","?","E","T","E","T","R","E","R","$","?","R","B",null,"M","?","M","?","$","R","E","R","T","M","?","$","E","?","R","B",null,"M","M","?","$","?","R","E","M","T","E","T","M","$","E","R","B","B",null,"R","$","E","B"],"character_chosen":"IRONCLAD","items_purchased":["MerchantsRug","Chemical X","Anger","HowToJump","Metallicize","testmod-PerfectCombo","Bandage Up","HandOfGreed","testmod-Alchemist","Darkstone Periapt","Twin Strike","Shrug It Off","TheBattery","Anger","Energy Potion","DistilledChaos","EasyMod:Easy_8","Juzu Bracelet","Toolbox","Brutality","Spot Weakness","Flex","Rampage","Whirlwind","Hemokinesis","Exhume","testmod-Reproduce","SteamSale","DALC_FIVE","testmod-TreasureHunter","testmod-HandmadeProducts","Dark Embrace","Hemokinesis","testmod-BloodBlade","Offering","Dark Embrace","testmod-Register","GodSword4","Torii","Fruit Juice","Mayhem","Inflame","Sling","Anchor","Happy Flower","Dropkick"],"campfire_rested":1,"item_purchase_floors":[3,3,13,13,17,17,22,22,22,22,22,22,22,22,22,22,29,29,29,29,29,29,29,29,34,34,34,38,38,38,38,38,38,47,47,47,47,47,47,47,54,54,54,54,54,54],"current_hp_per_floor":[75,75,75,75,75,105,105,105,105,105,105,105,105,105,105,105,100,100,100,100,100,100,100,107,107,107,107,107,107,116,116,116,116,105,105,119,125,125,125,125,125,125,125,125,125,125,125,136,136,136,136,136,136,136,136,136,136],"gold":1152,"neow_bonus":"REMOVE_CARD","is_daily":false,"chose_seed":false,"campfire_upgraded":7,"win_rate":0.0,"timestamp":1608746664,"path_taken":["M","M","$","?","?","E","?","E","T","R","E","R","$","?","R","BOSS","M","?","M","?","$","R","E","R","T","?","?","$","E","?","R","BOSS","M","M","?","$","?","R","E","M","T","E","?","M","$","E","R","BOSS","BOSS","R","$","E","BOSS"],"items_purchased_type":["Relic","Relic","Card","Relic","Card","Card","Card","Card","Relic","Relic","Card","Card","Relic","Card","Potion","Potion","Relic","Relic","Relic","Card","Card","Card","Card","Card","Card","Card","Card","Relic","Relic","Card","Card","Card","Card","Card","Card","Card","Relic","Relic","Relic","Potion","Card","Card","Relic","Relic","Relic","Card"],"build_version":"2020-12-22","purchased_purges":22,"victory":false,"max_hp_per_floor":[75,105,105,105,105,105,105,105,105,105,105,105,105,105,105,105,100,100,100,100,100,100,100,107,107,107,107,107,107,116,116,116,116,105,105,119,125,125,125,125,125,125,125,125,125,125,125,136,136,136,136,136,136,136,136,136,136],"card_choices":[{"not_picked":[],"picked":"BettingIsNotGood","floor":0},{"not_picked":["Twin Strike","Flex"],"picked":"Bomb","floor":1},{"not_picked":["Blood for Blood","Armaments"],"picked":"Iron Wave","floor":2},{"not_picked":["Feel No Pain","Perfected Strike"],"picked":"Seeing Red","floor":6},{"not_picked":["Wild Strike","Sever Soul"],"picked":"Perfected Strike","floor":8},{"not_picked":["Clothesline","Rupture"],"picked":"Inflame","floor":11},{"not_picked":["Evolve","Combust"],"picked":"Barricade","floor":12},{"not_picked":["Juggernaut","Fiend Fire"],"picked":"Bludgeon","floor":16},{"not_picked":["Burning Pact","Sword Boomerang"],"picked":"Offering","floor":18},{"not_picked":["Headbutt+1","Clash"],"picked":"Anger","floor":20},{"not_picked":["Wild Strike","Flex"],"picked":"Pommel Strike","floor":24},{"not_picked":["Searing Blow","Armaments"],"picked":"Thunderclap","floor":27},{"not_picked":["Evolve","Shrug It Off"],"picked":"Bloodletting","floor":30},{"not_picked":["Carnage","Sever Soul"],"picked":"Searing Blow","floor":31},{"not_picked":["Barricade","Corruption"],"picked":"Impervious","floor":33},{"not_picked":["Twin Strike","Searing Blow"],"picked":"Shrug It Off","floor":35},{"not_picked":["Sword Boomerang","Havoc+1"],"picked":"Clothesline","floor":36},{"not_picked":["Thunderclap+1","Wild Strike"],"picked":"Brutality","floor":41},{"not_picked":["Warcry+1","Sword Boomerang"],"picked":"Body Slam","floor":42},{"not_picked":["Warcry","Shockwave"],"picked":"Pummel+1","floor":44},{"not_picked":["Armaments","Fire Breathing"],"picked":"Infernal Blade+1","floor":46},{"not_picked":["Havoc+1","Fiend Fire"],"picked":"Inflame+1","floor":48},{"not_picked":["Anger+1","True Grit"],"picked":"Shockwave","floor":55}],"player_experience":70264,"relics_obtained":[{"floor":1,"key":"Baka"},{"floor":6,"key":"Dream Catcher"},{"floor":8,"key":"DeathBook"},{"floor":9,"key":"GodSword1"},{"floor":11,"key":"Leech"},{"floor":18,"key":"Orichalcum"},{"floor":20,"key":"MagicDraw2"},{"floor":24,"key":"Strawberry"},{"floor":26,"key":"GodSword7"},{"floor":27,"key":"Baka2"},{"floor":30,"key":"Lantern"},{"floor":31,"key":"Red Mask"},{"floor":35,"key":"HowToJump"},{"floor":35,"key":"Nunchaku"},{"floor":36,"key":"MoreBug"},{"floor":36,"key":"Mango"},{"floor":36,"key":"Whetstone"},{"floor":41,"key":"Bag of Marbles"},{"floor":42,"key":"EasyMod:Easy_7"},{"floor":43,"key":"HornCleat"},{"floor":44,"key":"PreservedInsect"},{"floor":45,"key":"testmod-LifeArmor"},{"floor":46,"key":"Ancient Tea Set"},{"floor":48,"key":"testmod-Acrobat"},{"floor":55,"key":"Art of War"}],"event_choices":[{"damage_healed":0,"gold_gain":0,"player_choice":"Box","damage_taken":0,"relics_obtained":["EasyMod:Hard_0"],"max_hp_gain":0,"max_hp_loss":0,"event_name":"Big Fish","floor":4,"gold_loss":0,"cards_obtained":["Regret"]},{"damage_healed":0,"gold_gain":0,"player_choice":"Grow","damage_taken":0,"max_hp_gain":0,"max_hp_loss":0,"event_name":"Living Wall","floor":5,"gold_loss":0,"cards_upgraded":["EasyMod:card_1"]},{"damage_healed":0,"gold_gain":250,"player_choice":"Sell","damage_taken":0,"max_hp_gain":0,"max_hp_loss":0,"event_name":"恩洛斯的盘子","floor":14,"relics_lost":["DeathBook"],"gold_loss":0},{"damage_healed":0,"gold_gain":0,"player_choice":"Ignored","damage_taken":0,"max_hp_gain":0,"max_hp_loss":0,"event_name":"Vampires","floor":19,"gold_loss":0},{"damage_healed":0,"gold_gain":0,"player_choice":"Read","damage_taken":0,"max_hp_gain":0,"max_hp_loss":0,"event_name":"The Library","floor":21,"gold_loss":0,"cards_obtained":["Intimidate"]},{"damage_healed":0,"gold_gain":0,"player_choice":"Simplicity","damage_taken":0,"max_hp_gain":0,"max_hp_loss":0,"event_name":"Back to Basics","floor":28,"gold_loss":0,"cards_upgraded":["Strike_R"]},{"damage_healed":0,"gold_gain":0,"player_choice":"Fought Bandits","damage_taken":0,"max_hp_gain":0,"max_hp_loss":0,"event_name":"Masked Bandits","floor":31,"gold_loss":0},{"damage_healed":0,"gold_gain":0,"player_choice":"Cursed","damage_taken":0,"max_hp_gain":0,"max_hp_loss":0,"event_name":"Wheel of Change","floor":37,"gold_loss":0,"cards_obtained":["Decay"]},{"cards_removed":["BettingIsNotGood"],"damage_healed":0,"gold_gain":0,"player_choice":"Removed Skill","damage_taken":0,"max_hp_gain":0,"max_hp_loss":0,"event_name":"Falling","floor":39,"gold_loss":0}],"is_beta":false,"boss_relics":[{"not_picked":["Fusion Hammer","testmod-KeyOfTheVoid"],"picked":"ChampionBelt"},{"not_picked":[]},{"not_picked":["Coffee Dripper","testmod-Recursion"],"picked":"testmod-Fanaticism"},{"not_picked":[]}],"items_purged_floors":[3,3,3,3,13,13,22,22,29,29,38,38,38,38,47,47,47,54,54,54,54,54],"is_endless":false,"potions_floor_spawned":[1,1,2,6,8,16,18,20,24,24,27,30,33,41,41,42,42,44,44,44,48,48,48,55],"killed_by":"Delirium","ascension_level":723677239}}