{"host":"f5ezd1v29dtbwkzo","time":1608763813,"event":{"mods":["2.2 Compatiblity","BaseMod","Hermit","Minty Spire (QoL Compilation)","Rare Cards Sparkle","Replay The Spire","StSLib"],"gold_per_floor":[111,123,147,158,171,171,171,171,171,199,199,199,224,27,27,40,40,144,144,162,172,172,184,210,210,210],"floor_reached":25,"playtime":844,"items_purged":[],"score":211,"play_id":"1ac8f38f-0ede-4bc1-bf73-1265c81e6b6c","local_time":"20201224015013","is_ascension_mode":false,"campfire_choices":[{"data":"Metamorphosis","floor":8,"key":"SMITH"},{"data":"Power Through","floor":12,"key":"SMITH"},{"data":"Seeing Red","floor":15,"key":"SMITH"},{"data":"Life Link","floor":17,"key":"SMITH"}],"circlet_count":0,"master_deck":["Strike_R","Strike_R","Strike_R","Strike_R","Strike_R","Defend_R","Defend_R","Defend_R","Defend_R+1","Bash","Metamorphosis+1","Power Through+1","ReplayTheSpireMod:Strike From Hell","Shrug It Off","Metamorphosis+1","Seeing Red+1","Life Link+1","Shrug It Off","Feel No Pain","Defy Death"],"relics":["Burning Blood","Potion Belt","MealTicket","Happy Flower","ReplayFunnel","DollysMirror","SlaversCollar","Red Mask"],"acts_visited":["Exordium","TheCity"],"potions_floor_usage":[13,13,21,23,25,25],"damage_taken":[{"damage":0,"enemies":"Cultist","floor":1,"turns":2},{"damage":0,"enemies":"2 Louse","floor":2,"turns":3},{"damage":6,"enemies":"Jaw Worm","floor":4,"turns":3},{"damage":11,"enemies":"3 Louse","floor":5,"turns":3},{"damage":8,"enemies":"Lagavulin","floor":10,"turns":4},{"damage":17,"enemies":"Gremlin Nob","floor":13,"turns":4},{"damage":14,"enemies":"Exordium Wildlife","floor":16,"turns":4},{"damage":25,"enemies":"The Guardian","floor":18,"turns":6},{"damage":6,"enemies":"Chosen","floor":20,"turns":4},{"damage":7,"enemies":"2 Thieves","floor":21,"turns":5},{"damage":41,"enemies":"Sentry and Sphere","floor":23,"turns":6},{"damage":34,"enemies":"Masked Bandits","floor":24,"turns":6},{"damage":9,"enemies":"Slavers","floor":25,"turns":2}],"seed_played":"-8866356562364482036","potions_obtained":[{"floor":2,"key":"AttackPotion"},{"floor":4,"key":"Strength Potion"},{"floor":16,"key":"Block Potion"},{"floor":18,"key":"Block Potion"},{"floor":20,"key":"Flashbang"},{"floor":21,"key":"SpeedPotion"}],"is_trial":false,"path_per_floor":["M","M","T","M","M","PTL","PTL","R","?","E","T","R","E","$","R","M","R","B",null,"M","M","?","M","?","E"],"character_chosen":"IRONCLAD","items_purchased":["DollysMirror","Seeing Red"],"campfire_rested":0,"item_purchase_floors":[14,14],"current_hp_per_floor":[72,72,72,72,67,67,67,67,67,65,65,65,54,69,69,61,61,42,72,72,71,71,36,8,0,0],"gold":210,"neow_bonus":"RANDOM_COLORLESS_2","is_daily":false,"chose_seed":false,"campfire_upgraded":4,"win_rate":0.0,"timestamp":1608763813,"path_taken":["M","M","?","M","M","PTL","PTL","R","?","E","T","R","E","$","R","M","R","BOSS","M","M","?","M","?","E"],"items_purchased_type":["Relic","Card"],"build_version":"2020-12-22","purchased_purges":0,"victory":false,"max_hp_per_floor":[72,72,72,72,72,72,72,72,72,72,72,72,72,72,72,72,72,72,72,72,72,72,72,72,72,72],"card_choices":[{"not_picked":["Thinking Ahead","Secret Weapon"],"picked":"Metamorphosis","floor":0},{"not_picked":["Burning Pact","Cleave"],"picked":"Power Through","floor":1},{"not_picked":["Clash","Wild Strike"],"picked":"ReplayTheSpireMod:Strike From Hell","floor":2},{"not_picked":["Feel No Pain","Rampage"],"picked":"Shrug It Off","floor":4},{"not_picked":["Massacre","Uppercut","Iron Wave"],"picked":"SKIP","floor":5},{"not_picked":["Cleave","ReplayTheSpireMod:Strike From Hell","Limit Break"],"picked":"SKIP","floor":10},{"not_picked":["Twin Strike","Disarm","Sword Boomerang"],"picked":"SKIP","floor":13},{"not_picked":["ReplayTheSpireMod:Strike From Hell","Sentinel"],"picked":"Life Link","floor":16},{"not_picked":["Havoc+1","Run Through"],"picked":"Shrug It Off","floor":20},{"not_picked":["Clothesline","Pummel"],"picked":"Feel No Pain","floor":21},{"not_picked":["Inflame","Spot Weakness"],"picked":"Defy Death","floor":23}],"player_experience":269120,"relics_obtained":[{"floor":3,"key":"Potion Belt"},{"floor":10,"key":"MealTicket"},{"floor":11,"key":"Happy Flower"},{"floor":13,"key":"ReplayFunnel"},{"floor":24,"key":"Red Mask"}],"event_choices":[{"damage_healed":0,"gold_gain":0,"player_choice":"Ignored","damage_taken":0,"max_hp_gain":0,"max_hp_loss":0,"event_name":"Ghosts","floor":22,"gold_loss":0},{"damage_healed":0,"gold_gain":0,"player_choice":"Fought Bandits","damage_taken":0,"max_hp_gain":0,"max_hp_loss":0,"event_name":"Masked Bandits","floor":24,"gold_loss":0}],"is_beta":false,"boss_relics":[{"not_picked":["Runic Cube","ChewingGum"],"picked":"SlaversCollar"}],"items_purged_floors":[],"is_endless":false,"potions_floor_spawned":[2,4,16,18,20,21],"killed_by":"Slavers","ascension_level":0}}