{"host":"mg3e76uznu9x14du","time":1608708213,"event":{"mods":["BaseMod","Colored Map","Minty Spire (QoL Compilation)","Permanent Neow","Relic Stats","StSLib"],"gold_per_floor":[109,109,123,48,58,76,76,76,76,76,88,121,121,139,139,242,242,259,259,159,173,272,301,318,318,343,355,377,419,306,325,325,425,475,491,491,518,553,403,403,417,417,417,437,455,489,520,102,102,102],"floor_reached":51,"playtime":1472,"items_purged":["Battle Trance","Dropkick","Warcry","Infernal Blade+1","Warcry"],"score":1389,"play_id":"dcefdb74-6dc7-4682-ab43-756afb496cab","local_time":"20201223022333","daily_mods":["Draft","DeadlyEvents"],"is_ascension_mode":true,"campfire_choices":[{"data":"Anger","floor":7,"key":"SMITH"},{"data":"Havoc","floor":13,"key":"SMITH"},{"data":"Havoc","floor":15,"key":"SMITH"},{"data":"Infernal Blade","floor":25,"key":"SMITH"},{"data":"Flex","floor":27,"key":"SMITH"},{"data":"Anger","floor":32,"key":"SMITH"},{"data":"Flex","floor":40,"key":"SMITH"},{"data":"Clash","floor":42,"key":"SMITH"},{"data":"Anger","floor":49,"key":"SMITH"}],"circlet_count":0,"master_deck":["Anger+1","Havoc+1","Anger+1","Havoc+1","Rage+1","Inflame","Anger+1","Inflame","Flex+1","Flex+1","Anger","Anger","Clash+1"],"relics":["Unceasing Top","White Beast Statue","InkBottle","Busted Crown","Pear","MawBank","Champion Belt","Tiny House","Sundial","Bag of Marbles","Mercury Hourglass","Nunchaku","Bottled Flame","Letter Opener","Pantograph"],"acts_visited":["Exordium","TheCity","TheBeyond"],"potions_floor_usage":[34],"damage_taken":[{"damage":0,"enemies":"Cultist","floor":1,"turns":3},{"damage":0,"enemies":"2 Louse","floor":3,"turns":1},{"damage":7,"enemies":"Small Slimes","floor":5,"turns":2},{"damage":2,"enemies":"3 Louse","floor":6,"turns":3},{"damage":10,"enemies":"Looter","floor":11,"turns":2},{"damage":0,"enemies":"Gremlin Nob","floor":12,"turns":2},{"damage":13,"enemies":"Red Slaver","floor":14,"turns":2},{"damage":0,"enemies":"Hexaghost","floor":16,"turns":2},{"damage":0,"enemies":"Chosen","floor":18,"turns":2},{"damage":0,"enemies":"Spheric Guardian","floor":21,"turns":1},{"damage":0,"enemies":"Gremlin Leader","floor":23,"turns":1},{"damage":0,"enemies":"Shelled Parasite and Fungi","floor":24,"turns":1},{"damage":0,"enemies":"Chosen and Byrds","floor":28,"turns":1},{"damage":0,"enemies":"Slavers","floor":29,"turns":1},{"damage":0,"enemies":"Snake Plant","floor":31,"turns":1},{"damage":0,"enemies":"Automaton","floor":33,"turns":1},{"damage":0,"enemies":"3 Shapes","floor":35,"turns":1},{"damage":0,"enemies":"Reptomancer","floor":37,"turns":1},{"damage":0,"enemies":"Nemesis","floor":38,"turns":1},{"damage":0,"enemies":"3 Darklings","floor":41,"turns":1},{"damage":0,"enemies":"Writhing Mass","floor":44,"turns":1},{"damage":6,"enemies":"Sphere and 2 Shapes","floor":45,"turns":1},{"damage":0,"enemies":"Reptomancer","floor":46,"turns":1},{"damage":0,"enemies":"Giant Head","floor":47,"turns":1},{"damage":0,"enemies":"Donu and Deca","floor":50,"turns":1}],"seed_played":"-1855616689771121948","potions_obtained":[{"floor":5,"key":"LiquidBronze"},{"floor":11,"key":"Dexterity Potion"},{"floor":12,"key":"LiquidBronze"},{"floor":23,"key":"Ancient Potion"},{"floor":34,"key":"Fruit Juice"},{"floor":35,"key":"Fire Potion"},{"floor":44,"key":"SteroidPotion"}],"is_trial":true,"path_per_floor":["M","?","M","$","M","M","R","?","T","$","M","E","R","M","R","B",null,"M","?","$","M","?","E","M","R","T","R","M","E","$","M","R","B",null,"M","T","E","E","$","R","M","R","T","M","M","E","E","$","R","B",null],"character_chosen":"IRONCLAD","items_purchased":["Pantograph"],"campfire_rested":0,"item_purchase_floors":[48],"current_hp_per_floor":[80,85,85,85,78,76,76,69,69,69,59,59,59,46,46,46,85,85,85,85,85,85,95,95,95,95,95,95,95,95,95,95,95,105,105,105,105,105,105,105,105,105,105,105,99,99,99,99,99,105],"gold":102,"neow_bonus":"","is_daily":false,"chose_seed":false,"campfire_upgraded":9,"win_rate":0.0,"timestamp":1608708213,"path_taken":["M","?","M","$","M","M","R","?","T","?","?","E","R","M","R","BOSS","M","?","$","M","?","E","M","R","T","R","?","E","$","M","R","BOSS","M","?","?","?","?","R","M","R","T","M","?","?","E","$","R","BOSS"],"items_purchased_type":["Relic"],"build_version":"2020-12-22","purchased_purges":5,"victory":true,"max_hp_per_floor":[80,85,85,85,85,85,85,85,85,85,85,85,85,85,85,85,85,85,85,85,85,85,95,95,95,95,95,95,95,95,95,95,95,105,105,105,105,105,105,105,105,105,105,105,105,105,105,105,105,105],"relic_stats":{"Nunchaku":[5],"Busted Crown":34,"counters":[25,35],"Sundial":[6],"Pantograph":6,"Champion Belt":[11],"Letter Opener":[30],"MawBank":48,"obtain_stats":[{"Pear":23,"Tiny House":34,"Letter Opener":47,"MawBank":26,"White Beast Statue":9,"Mercury Hourglass":38,"Nunchaku":43,"Bottled Flame":46,"Busted Crown":17,"Sundial":36,"Pantograph":48,"Bag of Marbles":37,"Champion Belt":29,"Unceasing Top":0,"InkBottle":12},{"Pear":11,"Tiny House":16,"Letter Opener":24,"MawBank":12,"White Beast Statue":4,"Mercury Hourglass":19,"Nunchaku":20,"Bottled Flame":23,"Busted Crown":8,"Sundial":17,"Pantograph":24,"Bag of Marbles":18,"Champion Belt":14,"Unceasing Top":0,"InkBottle":6},{"Pear":21,"Tiny House":26,"Letter Opener":34,"MawBank":22,"White Beast Statue":9,"Mercury Hourglass":29,"Nunchaku":30,"Bottled Flame":33,"Busted Crown":17,"Sundial":27,"Pantograph":34,"Bag of Marbles":28,"Champion Belt":24,"Unceasing Top":0,"InkBottle":13}],"Unceasing Top":[227],"InkBottle":[37],"Mercury Hourglass":[36]},"card_choices":[{"not_picked":["Iron Wave","Warcry"],"picked":"Anger","floor":0},{"not_picked":["Dark Embrace","Sword Boomerang"],"picked":"Warcry","floor":0},{"not_picked":["Clothesline","Iron Wave"],"picked":"Havoc","floor":0},{"not_picked":["Heavy Blade","Clothesline"],"picked":"Anger","floor":0},{"not_picked":["Shockwave","Dual Wield"],"picked":"Battle Trance","floor":0},{"not_picked":["Body Slam","Pommel Strike"],"picked":"Dual Wield","floor":0},{"not_picked":["Cleave","Havoc"],"picked":"Dropkick","floor":0},{"not_picked":["Cleave","Heavy Blade"],"picked":"Havoc","floor":0},{"not_picked":["Fire Breathing","Perfected Strike"],"picked":"Infernal Blade","floor":0},{"not_picked":["Heavy Blade","Wild Strike"],"picked":"Rage","floor":0},{"not_picked":["Flame Barrier","Searing Blow"],"picked":"Inflame","floor":0},{"not_picked":["Disarm","Dropkick"],"picked":"Warcry","floor":0},{"not_picked":["True Grit","Dark Embrace"],"picked":"Anger","floor":0},{"not_picked":["Shrug It Off","Second Wind"],"picked":"Inflame","floor":0},{"not_picked":["Perfected Strike","Twin Strike"],"picked":"Flex","floor":0},{"not_picked":["Shockwave","Havoc"],"picked":"Flex","floor":1},{"not_picked":["Cleave","Ghostly Armor","Clothesline"],"picked":"SKIP","floor":3},{"not_picked":["Rupture","Headbutt","Dark Embrace"],"picked":"SKIP","floor":5},{"not_picked":["Clothesline","Flame Barrier"],"picked":"Anger","floor":6},{"not_picked":["Blood for Blood","Rampage","Havoc"],"picked":"SKIP","floor":11},{"not_picked":["Bludgeon","Metallicize"],"picked":"Anger","floor":12},{"not_picked":["Dual Wield","Combust","Wild Strike"],"picked":"SKIP","floor":14},{"not_picked":["Clothesline"],"picked":"SKIP","floor":18},{"not_picked":["Combust"],"picked":"SKIP","floor":21},{"not_picked":["Thunderclap"],"picked":"SKIP","floor":23},{"not_picked":[],"picked":"Clash","floor":24},{"not_picked":["Havoc"],"picked":"SKIP","floor":28},{"not_picked":["Burning Pact"],"picked":"SKIP","floor":29},{"not_picked":["Bloodletting"],"picked":"SKIP","floor":31},{"not_picked":["Twin Strike"],"picked":"SKIP","floor":35},{"not_picked":["Sentinel"],"picked":"SKIP","floor":37},{"not_picked":["Impervious"],"picked":"SKIP","floor":38},{"not_picked":["Burning Pact+1"],"picked":"SKIP","floor":41},{"not_picked":["Sentinel+1"],"picked":"SKIP","floor":44},{"not_picked":["Perfected Strike+1"],"picked":"SKIP","floor":45},{"not_picked":["Carnage+1"],"picked":"SKIP","floor":46},{"not_picked":["Disarm+1"],"picked":"SKIP","floor":47}],"player_experience":244193,"relics_obtained":[{"floor":9,"key":"White Beast Statue"},{"floor":12,"key":"InkBottle"},{"floor":23,"key":"Pear"},{"floor":26,"key":"MawBank"},{"floor":29,"key":"Champion Belt"},{"floor":36,"key":"Sundial"},{"floor":37,"key":"Bag of Marbles"},{"floor":38,"key":"Mercury Hourglass"},{"floor":43,"key":"Nunchaku"},{"floor":46,"key":"Bottled Flame"},{"floor":47,"key":"Letter Opener"}],"event_choices":[{"damage_healed":0,"gold_gain":0,"player_choice":"Donut","damage_taken":0,"max_hp_gain":5,"max_hp_loss":0,"event_name":"Big Fish","floor":2,"gold_loss":0},{"cards_removed":["Dual Wield"],"damage_healed":0,"gold_gain":0,"player_choice":"Card Removal","damage_taken":7,"max_hp_gain":0,"max_hp_loss":0,"event_name":"Golden Wing","floor":8,"gold_loss":0},{"damage_healed":0,"gold_gain":0,"player_choice":"Ignored","damage_taken":0,"max_hp_gain":0,"max_hp_loss":0,"event_name":"Vampires","floor":19,"gold_loss":0},{"damage_healed":0,"gold_gain":99,"player_choice":"Stole From Cult","damage_taken":0,"max_hp_gain":0,"max_hp_loss":0,"event_name":"Nest","floor":22,"gold_loss":0}],"is_beta":false,"boss_relics":[{"not_picked":["Cursed Key","Fusion Hammer"],"picked":"Busted Crown"},{"not_picked":["Runic Cube","Philosopher\u0027s Stone"],"picked":"Tiny House"}],"items_purged_floors":[4,20,30,39,48],"is_endless":false,"potions_floor_spawned":[5,11,12,14,16,18,21,23,24,28,29,31,33,35,37,38,41,44,45,46,47],"ascension_level":1}}