{"host":"zc4856jdpoxvjh7b","time":1608746388,"event":{"mods":["BaseMod","DeckTracker","Minty Spire (QoL Compilation)","Quick Restart","StSLib","SuperFastMode","everything is the same but u backflip on backflip"],"gold_per_floor":[119,119,131,149,169,203,203,221,244,264,325,341,341,357,357,460,460,470,487,220,238,238,238,269,269,293,293,318,718,113,113,113,218,218,238,257,132,132,42,76,76,106,106,106,106,106,123,123,123,123],"floor_reached":51,"playtime":1503,"items_purged":["Strike_R","Strike_R","Defend_R"],"score":922,"play_id":"2c46d1b6-f787-4afc-8e6a-f2a2d7a33866","local_time":"20201224025948","is_ascension_mode":true,"campfire_choices":[{"data":"Thunderclap","floor":7,"key":"SMITH"},{"data":"Whirlwind","floor":13,"key":"SMITH"},{"floor":15,"key":"REST"},{"floor":23,"key":"REST"},{"floor":25,"key":"REST"},{"floor":27,"key":"REST"},{"floor":32,"key":"REST"},{"floor":45,"key":"RECALL"}],"circlet_count":0,"master_deck":["Strike_R+1","Strike_R+1","Defend_R+1","Defend_R+1","Defend_R+1","Bash+1","Clothesline+1","Inflame+1","Pummel+1","Thunderclap+1","Demon Form+1","Cleave+1","Whirlwind+1","Armaments+1","Shrug It Off+1","Offering+1","Sword Boomerang+1","Warcry+1","Shrug It Off+1","Offering+1","Flex+1","Double Tap+1","Shrug It Off+1","Secret Technique+1","Flash of Steel+1","Double Tap+1","Offering+1","Pummel+1"],"relics":["Burning Blood","Vajra","Toxic Egg 2","Happy Flower","Red Skull","Black Star","Blood Vial","Juzu Bracelet","Tiny Chest","Omamori","Boot","Bag of Preparation","Old Coin","Blue Candle","Eternal Feather","Coffee Dripper","Letter Opener","Mummified Hand","Matryoshka","Dream Catcher","Ancient Tea Set","Oddly Smooth Stone","Question Card","Mark of the Bloom","Anchor","Meat on the Bone"],"acts_visited":["TheCity","TheBeyond"],"potions_floor_usage":[11,11,18,29,50],"damage_taken":[{"damage":2,"enemies":"Jaw Worm","floor":1,"turns":3},{"damage":4,"enemies":"Small Slimes","floor":3,"turns":3},{"damage":0,"enemies":"Cultist","floor":4,"turns":4},{"damage":16,"enemies":"Large Slime","floor":5,"turns":5},{"damage":30,"enemies":"Lagavulin","floor":6,"turns":5},{"damage":14,"enemies":"Lots of Slimes","floor":8,"turns":3},{"damage":10,"enemies":"3 Louse","floor":10,"turns":3},{"damage":22,"enemies":"Lagavulin Event","floor":11,"turns":5},{"damage":0,"enemies":"Blue Slaver","floor":12,"turns":1},{"damage":5,"enemies":"Lots of Slimes","floor":14,"turns":3},{"damage":43,"enemies":"Hexaghost","floor":16,"turns":7},{"damage":18,"enemies":"3 Byrds","floor":18,"turns":3},{"damage":25,"enemies":"2 Thieves","floor":19,"turns":3},{"damage":34,"enemies":"Chosen and Byrds","floor":21,"turns":5},{"damage":29,"enemies":"Book of Stabbing","floor":24,"turns":4},{"damage":22,"enemies":"Gremlin Leader","floor":28,"turns":3},{"damage":31,"enemies":"Colosseum Slavers","floor":29,"turns":3},{"damage":12,"enemies":"Colosseum Nobs","floor":29,"turns":3},{"damage":76,"enemies":"Champ","floor":33,"turns":8},{"damage":6,"enemies":"Orb Walker","floor":35,"turns":2},{"damage":6,"enemies":"3 Darklings","floor":36,"turns":1},{"damage":19,"enemies":"Nemesis","floor":40,"turns":3},{"damage":42,"enemies":"Reptomancer","floor":42,"turns":3},{"damage":6,"enemies":"4 Shapes","floor":47,"turns":1},{"damage":19,"enemies":"Awakened One","floor":50,"turns":5}],"seed_played":"6415583029204797311","potions_obtained":[{"floor":1,"key":"Weak Potion"},{"floor":5,"key":"Explosive Potion"},{"floor":6,"key":"BloodPotion"},{"floor":11,"key":"LiquidBronze"},{"floor":18,"key":"Block Potion"},{"floor":19,"key":"CultistPotion"},{"floor":33,"key":"SpeedPotion"},{"floor":40,"key":"FearPotion"}],"is_trial":false,"path_per_floor":["M","?","M","M","M","E","R","M","T","M","?","M","R","M","R","B",null,"M","M","$","M","?","R","E","R","T","R","E","?","$","?","R","B",null,"M","M","$","T","?","E","?","E","T","?","R","T","M","$","R","B",null],"character_chosen":"IRONCLAD","items_purchased":["Shrug It Off+1","Offering+1","Secret Technique+1","Flash of Steel","Eternal Feather"],"campfire_rested":5,"item_purchase_floors":[20,20,30,30,30],"current_hp_per_floor":[80,85,85,85,75,51,51,43,43,39,40,46,46,47,72,35,85,73,54,54,26,26,51,30,55,55,80,66,39,39,39,79,11,85,85,85,85,85,85,72,72,38,38,38,38,38,32,32,32,13],"gold":123,"neow_bonus":"RANDOM_COMMON_RELIC","is_daily":false,"chose_seed":false,"campfire_upgraded":2,"win_rate":0.0,"timestamp":1608746388,"path_taken":["M","?","M","M","M","E","R","M","T","M","?","M","R","M","R","BOSS","M","M","$","M","?","R","E","R","T","R","E","?","$","?","R","BOSS","M","M","?","?","?","E","?","E","T","?","R","?","M","$","R","BOSS"],"items_purchased_type":["Card","Card","Card","Card","Relic"],"build_version":"2020-12-22","purchased_purges":3,"victory":true,"max_hp_per_floor":[80,85,85,85,85,85,85,85,85,85,85,85,85,85,85,85,85,85,85,85,85,85,85,85,85,85,85,85,85,85,85,85,85,85,85,85,85,85,85,85,85,85,85,85,85,85,85,85,85,85],"card_choices":[{"not_picked":["True Grit","Clash"],"picked":"Clothesline","floor":1},{"not_picked":["Dark Embrace","Clash"],"picked":"Inflame","floor":3},{"not_picked":["Twin Strike","Clash"],"picked":"Pummel","floor":4},{"not_picked":["Clothesline","Sword Boomerang"],"picked":"Thunderclap","floor":5},{"not_picked":["Second Wind+1","Perfected Strike"],"picked":"Demon Form","floor":6},{"not_picked":["Thunderclap","Twin Strike"],"picked":"Cleave","floor":8},{"not_picked":["Headbutt","Reaper"],"picked":"Whirlwind","floor":10},{"not_picked":["Warcry+1","Second Wind+1"],"picked":"Armaments+1","floor":11},{"not_picked":["Clothesline","Iron Wave","Armaments+1"],"picked":"SKIP","floor":12},{"not_picked":["True Grit+1","Whirlwind"],"picked":"Shrug It Off+1","floor":14},{"not_picked":["Fiend Fire","Juggernaut"],"picked":"Offering+1","floor":16},{"not_picked":["Searing Blow","Thunderclap"],"picked":"Sword Boomerang+1","floor":18},{"not_picked":["Sword Boomerang","Hemokinesis+1"],"picked":"Warcry+1","floor":19},{"not_picked":["Headbutt","Anger+1"],"picked":"Flex+1","floor":21},{"not_picked":["Warcry+1","Pommel Strike"],"picked":"Double Tap+1","floor":24},{"not_picked":["Warcry+1","Flex+1"],"picked":"Shrug It Off+1","floor":28},{"not_picked":["Brutality","Feed"],"picked":"Double Tap+1","floor":33},{"not_picked":["True Grit+1","Thunderclap+1","Bloodletting+1"],"picked":"SKIP","floor":35},{"not_picked":["Armaments+1","Carnage+1","True Grit+1"],"picked":"SKIP","floor":36},{"not_picked":["Perfected Strike+1","Hemokinesis","Clash"],"picked":"SKIP","floor":40},{"not_picked":["Warcry+1","Power Through+1","Inflame+1"],"picked":"SKIP","floor":42},{"not_picked":["Metallicize+1","Flex+1","Warcry+1"],"picked":"Pummel+1","floor":47}],"player_experience":0,"relics_obtained":[{"floor":6,"key":"Toxic Egg 2"},{"floor":9,"key":"Happy Flower"},{"floor":11,"key":"Red Skull"},{"floor":24,"key":"Juzu Bracelet"},{"floor":24,"key":"Tiny Chest"},{"floor":26,"key":"Omamori"},{"floor":28,"key":"Boot"},{"floor":28,"key":"Bag of Preparation"},{"floor":29,"key":"Old Coin"},{"floor":29,"key":"Blue Candle"},{"floor":38,"key":"Letter Opener"},{"floor":40,"key":"Mummified Hand"},{"floor":40,"key":"Matryoshka"},{"floor":42,"key":"Dream Catcher"},{"floor":42,"key":"Ancient Tea Set"},{"floor":43,"key":"Oddly Smooth Stone"},{"floor":43,"key":"Question Card"},{"floor":46,"key":"Anchor"},{"floor":46,"key":"Meat on the Bone"}],"event_choices":[{"damage_healed":0,"gold_gain":0,"player_choice":"Donut","damage_taken":0,"max_hp_gain":5,"max_hp_loss":0,"event_name":"Big Fish","floor":2,"gold_loss":0},{"damage_healed":0,"gold_gain":30,"player_choice":"Searched \u00272\u0027 times","damage_taken":0,"max_hp_gain":0,"max_hp_loss":0,"event_name":"Dead Adventurer","floor":11,"gold_loss":0},{"damage_healed":0,"gold_gain":0,"player_choice":"Gave Potion","damage_taken":0,"relics_obtained":["Blood Vial"],"max_hp_gain":0,"max_hp_loss":0,"event_name":"WeMeetAgain","floor":22,"gold_loss":0},{"damage_healed":0,"gold_gain":0,"player_choice":"Fight","damage_taken":0,"max_hp_gain":0,"max_hp_loss":0,"event_name":"Colosseum","floor":29,"gold_loss":0},{"damage_healed":0,"gold_gain":0,"player_choice":"Fought Nobs","damage_taken":0,"max_hp_gain":0,"max_hp_loss":0,"event_name":"Colosseum","floor":29,"gold_loss":0},{"damage_healed":0,"gold_gain":0,"cards_transformed":["Strike_R"],"player_choice":"Transformed","damage_taken":0,"max_hp_gain":0,"max_hp_loss":0,"event_name":"Transmorgrifier","floor":31,"gold_loss":0,"cards_obtained":["Perfected Strike"]},{"cards_removed":["Perfected Strike"],"damage_healed":0,"gold_gain":0,"player_choice":"Upgrade and Remove","damage_taken":0,"max_hp_gain":0,"max_hp_loss":0,"event_name":"Designer","floor":39,"gold_loss":90,"cards_upgraded":["Pummel"]},{"damage_healed":0,"gold_gain":0,"player_choice":"Copied","damage_taken":0,"max_hp_gain":0,"max_hp_loss":0,"event_name":"Duplicator","floor":41,"gold_loss":0,"cards_obtained":["Offering"]},{"damage_healed":0,"gold_gain":0,"player_choice":"Upgrade","damage_taken":0,"relics_obtained":["Mark of the Bloom"],"max_hp_gain":0,"max_hp_loss":0,"event_name":"MindBloom","floor":44,"gold_loss":0,"cards_upgraded":["Strike_R","Strike_R","Defend_R","Defend_R","Defend_R","Bash","Clothesline","Inflame","Demon Form","Cleave","Flash of Steel"]}],"is_beta":false,"boss_relics":[{"not_picked":["Tiny House","Runic Dome"],"picked":"Black Star"},{"not_picked":["Calling Bell","Runic Cube"],"picked":"Coffee Dripper"}],"items_purged_floors":[20,30,37],"is_endless":false,"potions_floor_spawned":[1,5,6,10,11,18,19,29,33,40],"ascension_level":3}}