{"host":"pew4fjlaqz7m1maf","time":1608690959,"event":{"mods":["AchievementEnabler","Act Like it!","Alarm Clock","Bartender","BaseMod","Bestiary","Better Match","Better Note","Block Reminder","Booster Modes","Colored Map","Colored Powertips","Curses Come First","Custom Start","DeckTracker","Duelist Mod","GifTheSpireLib","Googly Eyes","GungeonMod","Halation","Hallownest","Hero for Fun","Hubris","Hyrulean Relics","Ironclad Rager","Jedi Mod","LagranYue(ùfäiòNÅEåé)","Magitek Elite","MarisaÅiñ∂âJÅ@ñÇóùçπÅj","Melee Mod","Minty Spire (QoL Compilation)","Prisma Mod","Quick Restart","Random Character Button","Relic Sorter","Relic Stats","Replay The Spire","Spicy Shops","StSLib","Td1madao Mod","The Animator","The Blue Laboratory","The Bug Knight","The IronCluck","The Mystic","The Servant 0.9.4","The Wild Card","TheHero","TheWitcher","Waifu the Spire","Åyå˜î\ModÅz?ñæìIç≈?Boss"],"gold_per_floor":[11,29,49,63,63,88,88,107,182,210,223,223,257,274,274,375,375,387,405,421,431,444,479,479,498,549,549,581,328,328,378,378,478,478,497,513,38,56,56,83,102,42,42,42,42,42,71,83,8,8,8,8,8,35,35],"floor_reached":56,"playtime":1046,"items_purged":["Defend_Y","Defend_Y","Defend_Y"],"score":1845,"play_id":"deab3b5e-b595-4187-abcf-ee2330d175e6","local_time":"20201222193559","is_ascension_mode":true,"campfire_choices":[{"floor":7,"key":"RECALL"},{"data":"Slap","floor":12,"key":"SMITH"},{"data":"Wear_Disguise","floor":15,"key":"SMITH"},{"floor":24,"key":"REST"},{"data":"Strike_Y","floor":30,"key":"SMITH"},{"data":"Strike_Y","floor":32,"key":"SMITH"},{"floor":46,"key":"REST"}],"circlet_count":0,"master_deck":["Strike_Y","Strike_Y+1","Strike_Y+1","Strike_Y","Strike_Y","Defend_Y","Defend_Y","Consecutive_Normal_Punch","Wear_Disguise","Consecutive_Normal_Punch","Wear_Disguise+1","Normal_Punch","Yawn","Consecutive_Normal_Punch","Slap+1","Consecutive_Normal_Punch","Normal_Punch","Get_Hopes_Up","Toss_Stone","Slap","Slap+1","Normal_Punch+1","Slap","Voices","Hallucinations","Serious_Side_Hops","Toss_Stone+1","Slap","Slap+1","Slap"],"relics":["LagranYue:RandomDrawCardRelic","halation:SimulatedSpire","DemoMod:GlassGuonStoneRelic","jedi:heavyjacket","Iron Hammer","ReplayTheSpireMod:TigerMarble","LagranYue:SoulBurningRelic","ReplayTheSpireMod:Lightbulb","Juzu Bracelet","halation:PinkSoulGem","Quantum Egg","ReplayTheSpireMod:Ring of Challenge","Ring of Greed","Gem_Box","Potion Belt","Omamori","Angel_Ring","hubris:MysteriousPyramids","Cursed Key","Chameleon Ring","Bronze Scales"],"acts_visited":["Exordium","Hallownest:Greenpath","Hallownest:CityofTears","TheEnding"],"potions_floor_usage":[19],"damage_taken":[{"damage":0,"enemies":"Hallownest:monsterHuskWarrior","floor":1,"turns":1},{"damage":0,"enemies":"Hallownest:monsterHuskGuard","floor":2,"turns":1},{"damage":0,"enemies":"Hallownest:2_Baldur","floor":3,"turns":2},{"damage":0,"enemies":"Hallownest:2_Tiktiks_1_Baldur_1_Crawlid","floor":4,"turns":2},{"damage":0,"enemies":"Hallownest:eliteCrystalGuardian","floor":6,"turns":1},{"damage":0,"enemies":"Hallownest:monsterAspidMother","floor":8,"turns":1},{"damage":0,"enemies":"Hallownest:eliteMossKnight","floor":10,"turns":1},{"damage":0,"enemies":"Hallownest:monsterMossCharger","floor":11,"turns":1},{"damage":0,"enemies":"Hallownest:eliteVengeflyKing","floor":13,"turns":1},{"damage":0,"enemies":"Hallownest:1_Baldur_1_Crawlid_1_Warrior","floor":14,"turns":1},{"damage":0,"enemies":"Hallownest:BossBrokenVessel","floor":16,"turns":1},{"damage":0,"enemies":"Hallownest:2_Mistakes","floor":18,"turns":1},{"damage":0,"enemies":"Hallownest:Flukemon_and_Top","floor":19,"turns":1},{"damage":0,"enemies":"Hallownest:monsterMisterMushroom","floor":20,"turns":1},{"damage":0,"enemies":"Hallownest:monsterShrumalOgre","floor":21,"turns":1},{"damage":0,"enemies":"Hallownest:Warrior_and_Youth","floor":22,"turns":1},{"damage":0,"enemies":"Hallownest:eliteWatcherKnight","floor":23,"turns":5},{"damage":0,"enemies":"Hallownest:3_Mistakes","floor":25,"turns":1},{"damage":0,"enemies":"Hallownest:Nosk","floor":28,"turns":1},{"damage":0,"enemies":"Hallownest:BossGrimm","floor":33,"turns":1},{"damage":0,"enemies":"Hallownest:3_Siblings","floor":35,"turns":1},{"damage":0,"enemies":"Hallownest:2_Littles","floor":36,"turns":1},{"damage":0,"enemies":"Hallownest:Slobbering_and_Violent","floor":38,"turns":1},{"damage":0,"enemies":"Hallownest:eliteHiveKnight","floor":40,"turns":1},{"damage":0,"enemies":"Hallownest:monsterPrimalAspid","floor":41,"turns":1},{"damage":0,"enemies":"Hallownest:StalkingDevout","floor":47,"turns":1},{"damage":0,"enemies":"Hallownest:2_Wandering_and_1_Horned","floor":48,"turns":2},{"damage":0,"enemies":"Hallownest:Radiance","floor":50,"turns":1},{"damage":0,"enemies":"Shield and Spear","floor":54,"turns":1},{"damage":0,"enemies":"The Heart","floor":55,"turns":3}],"seed_played":"-1865002185676510734","potions_obtained":[{"floor":4,"key":"blueLaboratory:Moonshine"},{"floor":10,"key":"Energy Potion"},{"floor":11,"key":"blueLaboratory:NullPotion"},{"floor":13,"key":"LiquidMemories"},{"floor":19,"key":"blueLaboratory:BottleOfVodka"},{"floor":35,"key":"blueLaboratory:EmptyBottle"},{"floor":40,"key":"Explosive Potion"}],"is_trial":false,"path_per_floor":["M","M","M","M","?","E","R","M","T","E","M","R","E","M","R","B",null,"M","M","M","M","M","E","R","M","T","?","E","$","R","?","R","B",null,"M","M","$","M","?","E","M","?","T","?","?","R","E","M","R_BF","B",null,"R","$","E","B",null],"character_chosen":"OPM","items_purchased":["Slap","Potion Belt","Omamori","PowerPotion"],"campfire_rested":2,"item_purchase_floors":[29,37,37,37],"current_hp_per_floor":[999,999,999,999,999,999,999,999,999,999,999,999,999,999,999,999,999,999,999,999,999,999,999,999,999,999,999,999,999,999,999,999,999,999,999,999,999,999,999,999,999,1005,1005,1005,755,755,755,755,755,755,755,755,755,755,755],"gold":35,"neow_bonus":"SIMULATED_SPIRE","is_daily":false,"chose_seed":false,"campfire_upgraded":4,"win_rate":0.0,"timestamp":1608690959,"path_taken":["M","M","M","M","?","E","R","M","T","E","M","R","E","M","R","BOSS","M","M","M","M","?","E","R","M","T","?","E","$","R","?","R","BOSS","M","M","$","M","?","E","M","?","T","?","?","R","E","M","R_BF","BOSS","R","$","E","BOSS"],"items_purchased_type":["Card","Relic","Relic","Potion"],"build_version":"2020-12-13","purchased_purges":3,"victory":true,"max_hp_per_floor":[999,999,999,999,999,999,999,999,999,999,999,999,999,999,999,999,999,999,999,999,999,999,999,999,999,999,999,999,999,999,999,999,999,999,999,999,999,999,999,999,999,1006,1006,1006,755,755,755,755,755,755,755,755,755,755,755],"relic_stats":{"counters":[30,39],"Bronze Scales":[3],"Juzu Bracelet":2,"Cursed Key":0,"obtain_stats":[{"Potion Belt":37,"LagranYue:RandomDrawCardRelic":0,"Quantum Egg":28,"Angel_Ring":40,"LagranYue:SoulBurningRelic":17,"DemoMod:GlassGuonStoneRelic":3,"Juzu Bracelet":26,"Omamori":37,"jedi:command_boss":45,"Ring of Greed":31,"Cape":0,"hubris:MysteriousPyramids":43,"Cursed Key":45,"jedi:heavyjacket":6,"Chameleon Ring":47,"halation:SimulatedSpire":0,"Bronze Scales":54,"Iron Hammer":10,"ReplayTheSpireMod:TigerMarble":13,"Gem_Box":34,"ReplayTheSpireMod:Ring of Challenge":31,"ReplayTheSpireMod:Lightbulb":23,"halation:PinkSoulGem":27},{"Potion Belt":22,"LagranYue:RandomDrawCardRelic":0,"Quantum Egg":19,"Angel_Ring":24,"LagranYue:SoulBurningRelic":11,"DemoMod:GlassGuonStoneRelic":3,"Juzu Bracelet":18,"Omamori":22,"jedi:command_boss":25,"Ring of Greed":19,"Cape":0,"hubris:MysteriousPyramids":25,"Cursed Key":25,"jedi:heavyjacket":5,"Chameleon Ring":26,"halation:SimulatedSpire":0,"Bronze Scales":29,"Iron Hammer":7,"ReplayTheSpireMod:TigerMarble":9,"Gem_Box":20,"ReplayTheSpireMod:Ring of Challenge":19,"ReplayTheSpireMod:Lightbulb":17,"halation:PinkSoulGem":18},{"Potion Belt":28,"LagranYue:RandomDrawCardRelic":0,"Quantum Egg":25,"Angel_Ring":30,"LagranYue:SoulBurningRelic":13,"DemoMod:GlassGuonStoneRelic":4,"Juzu Bracelet":24,"Omamori":28,"jedi:command_boss":31,"Ring of Greed":25,"Cape":0,"hubris:MysteriousPyramids":31,"Cursed Key":31,"jedi:heavyjacket":7,"Chameleon Ring":32,"halation:SimulatedSpire":0,"Bronze Scales":36,"Iron Hammer":9,"ReplayTheSpireMod:TigerMarble":11,"Gem_Box":26,"ReplayTheSpireMod:Ring of Challenge":25,"ReplayTheSpireMod:Lightbulb":23,"halation:PinkSoulGem":24}]},"card_choices":[{"not_picked":["Ignore","Slap"],"picked":"Consecutive_Normal_Punch","floor":1},{"not_picked":["Toss_Stone","Slap"],"picked":"Wear_Disguise","floor":2},{"not_picked":["Ignore","Side_Hop"],"picked":"Consecutive_Normal_Punch","floor":3},{"not_picked":["Normal_Punch","Yawn"],"picked":"Wear_Disguise","floor":4},{"not_picked":["Slap","Side_Hop"],"picked":"Normal_Punch","floor":6},{"not_picked":["Oh","Normal_Punch"],"picked":"Yawn","floor":8},{"not_picked":["Do_Nothing","Yawn"],"picked":"Consecutive_Normal_Punch","floor":10},{"not_picked":["Ignore","Yawn"],"picked":"Slap","floor":11},{"not_picked":["Do_Nothing","Toss_Stone"],"picked":"Consecutive_Normal_Punch","floor":13},{"not_picked":["Oh","Do_Nothing","Ignore"],"picked":"SKIP","floor":13},{"not_picked":["Hop","Do_Nothing"],"picked":"Normal_Punch","floor":14},{"not_picked":["Terrifying_Presence","Hip_Strike"],"picked":"Get_Hopes_Up","floor":16},{"not_picked":["Normal_Punch","Consecutive_Normal_Punch"],"picked":"Toss_Stone","floor":18},{"not_picked":["Side_Hop+1","Hop","Wear_Disguise"],"picked":"SKIP","floor":19},{"not_picked":["Yawn","Hop","Ignore"],"picked":"SKIP","floor":19},{"not_picked":["Wear_Disguise","Consecutive_Normal_Punch","Side_Hop"],"picked":"SKIP","floor":20},{"not_picked":["Normal_Punch","Yawn"],"picked":"Slap","floor":21},{"not_picked":["Side_Hop","Do_Nothing","Slap+1"],"picked":"SKIP","floor":21},{"not_picked":["Ignore","Do_Nothing+1"],"picked":"Slap+1","floor":22},{"not_picked":["Wear_Disguise","Consecutive_Normal_Punch","Ignore"],"picked":"SKIP","floor":22},{"not_picked":["Wear_Disguise","Yawn","Ignore"],"picked":"SKIP","floor":23},{"not_picked":["Wear_Disguise","Yawn","Consecutive_Normal_Punch+1"],"picked":"SKIP","floor":23},{"not_picked":["Yawn","Consecutive_Normal_Punch"],"picked":"Normal_Punch+1","floor":25},{"not_picked":["Yawn+1","Do_Nothing","Hop"],"picked":"SKIP","floor":28},{"not_picked":["Yawn+1","Hip_Strike","Slap+1"],"picked":"SKIP","floor":28},{"not_picked":["Terrifying_Presence","Hip_Strike"],"picked":"Serious_Side_Hops","floor":33},{"not_picked":["Ignore+1","Hop"],"picked":"Toss_Stone+1","floor":35},{"not_picked":["Side_Hop","Do_Nothing+1","Normal_Punch"],"picked":"SKIP","floor":35},{"not_picked":["Toss_Stone+1","Normal_Punch+1","Do_Nothing+1"],"picked":"SKIP","floor":36},{"not_picked":["Yawn","Wear_Disguise","Slap"],"picked":"SKIP","floor":36},{"not_picked":["Ignore+1","Side_Hop+1","Yawn"],"picked":"SKIP","floor":38},{"not_picked":["Wear_Disguise+1","Consecutive_Normal_Punch","Slap"],"picked":"SKIP","floor":38},{"not_picked":["Ignore","Normal_Punch+1","Do_Nothing"],"picked":"SKIP","floor":40},{"not_picked":["Hop+1","Serious_Side_Hops","Slap+1"],"picked":"SKIP","floor":40},{"not_picked":["Consecutive_Normal_Punch","Normal_Punch","Side_Hop+1"],"picked":"SKIP","floor":41},{"not_picked":["Slap","Consecutive_Normal_Punch+1","Side_Hop"],"picked":"SKIP","floor":41},{"not_picked":["Hop+1","Yawn"],"picked":"Slap+1","floor":47},{"not_picked":["Slap","Hop+1","Toss_Stone+1"],"picked":"SKIP","floor":47},{"not_picked":["Consecutive_Normal_Punch","Hop"],"picked":"Slap","floor":48},{"not_picked":["Consecutive_Normal_Punch+1","Yawn","Toss_Stone"],"picked":"SKIP","floor":48},{"not_picked":["Do_Nothing","Toss_Stone+1","Hop"],"picked":"SKIP","floor":52},{"not_picked":["Toss_Stone","Wear_Disguise+1","Yawn"],"picked":"SKIP","floor":54},{"not_picked":["Wear_Disguise","Do_Nothing","Normal_Punch"],"picked":"SKIP","floor":54}],"player_experience":108744,"relics_obtained":[{"floor":6,"key":"jedi:heavyjacket"},{"floor":10,"key":"Iron Hammer"},{"floor":13,"key":"ReplayTheSpireMod:TigerMarble"},{"floor":23,"key":"ReplayTheSpireMod:Lightbulb"},{"floor":26,"key":"Juzu Bracelet"},{"floor":28,"key":"Quantum Egg"},{"floor":31,"key":"ReplayTheSpireMod:Ring of Challenge"},{"floor":31,"key":"Ring of Greed"},{"floor":40,"key":"Angel_Ring"},{"floor":43,"key":"hubris:MysteriousPyramids"},{"floor":47,"key":"Chameleon Ring"},{"floor":54,"key":"Bronze Scales"}],"event_choices":[{"damage_healed":0,"gold_gain":0,"player_choice":"3","damage_taken":0,"max_hp_gain":0,"max_hp_loss":0,"event_name":"betterMatch:BetterMatch","floor":49,"gold_loss":0,"cards_obtained":[]}],"is_beta":false,"boss_relics":[{"not_picked":["halation:MonkeysPaw","Abe\u0027s Treasure"],"picked":"LagranYue:SoulBurningRelic"},{"not_picked":["SlaversCollar","Honey Jar"],"picked":"Gem_Box"}],"items_purged_floors":[29,29,37],"is_endless":false,"potions_floor_spawned":[4,10,11,13,14,19,20,23,25,35,36,40,48],"ascension_level":2}}