{"host":"s41rn2jhghpwfrvz","time":1608721893,"event":{"mods":["BaseMod","Minty Spire (QoL Compilation)","Quick Restart","Relic Stats","SuperFastMode"],"gold_per_floor":[109,34,34,44,64,98,111,111,137,151,151,183,201,216,216,216,216],"floor_reached":16,"playtime":537,"items_purged":["Consecrate"],"score":228,"play_id":"e7c0e6f6-1b24-4412-9000-6376c21d0b0c","local_time":"20201223131133","daily_mods":["SealedDeck","Diverse","DeadlyEvents"],"is_ascension_mode":true,"campfire_choices":[{"data":"Blur","floor":8,"key":"SMITH"},{"data":"Melter","floor":11,"key":"SMITH"},{"floor":15,"key":"RECALL"}],"circlet_count":0,"master_deck":["AscendersBane","FollowUp","Melter+1","Prepared","Escape Plan","Beam Cell","Shrug It Off","Shrug It Off","Blur+1"],"relics":["Burning Blood","Toy Ornithopter","Pen Nib","Boot"],"acts_visited":["Exordium"],"potions_floor_usage":[12,16],"damage_taken":[{"damage":0,"enemies":"2 Louse","floor":1,"turns":2},{"damage":0,"enemies":"Jaw Worm","floor":4,"turns":3},{"damage":0,"enemies":"Cultist","floor":5,"turns":3},{"damage":26,"enemies":"Gremlin Nob","floor":6,"turns":4},{"damage":3,"enemies":"3 Louse","floor":7,"turns":3},{"damage":0,"enemies":"Exordium Thugs","floor":10,"turns":5},{"damage":4,"enemies":"3 Sentries","floor":12,"turns":9},{"damage":0,"enemies":"Exordium Wildlife","floor":13,"turns":3},{"damage":0,"enemies":"3 Louse","floor":14,"turns":3},{"damage":73,"enemies":"Hexaghost","floor":16,"turns":14}],"seed_played":"-7069851560796233820","potions_obtained":[{"floor":6,"key":"Swift Potion"},{"floor":7,"key":"Block Potion"},{"floor":13,"key":"SkillPotion"}],"is_trial":true,"path_per_floor":["M","$","?","M","M","E","M","R","T","M","R","E","M","M","R","B"],"character_chosen":"IRONCLAD","items_purchased":[],"campfire_rested":0,"item_purchase_floors":[],"current_hp_per_floor":[74,74,67,73,75,55,58,58,58,64,64,71,75,75,75,2,2],"gold":216,"neow_bonus":"","is_daily":false,"chose_seed":false,"campfire_upgraded":2,"win_rate":0.0,"timestamp":1608721893,"path_taken":["M","$","?","M","M","E","M","R","T","?","R","E","?","M","R","BOSS"],"items_purchased_type":[],"build_version":"2020-12-22","purchased_purges":1,"victory":false,"max_hp_per_floor":[75,75,75,75,75,75,75,75,75,75,75,75,75,75,75,75,75],"relic_stats":{"counters":[10,49],"Pen Nib":[6],"Boot":[29],"obtain_stats":[{"Pen Nib":9,"Boot":12,"Burning Blood":0,"Toy Ornithopter":6},{"Pen Nib":5,"Boot":7,"Burning Blood":0,"Toy Ornithopter":4},{"Pen Nib":15,"Boot":29,"Burning Blood":0,"Toy Ornithopter":12}],"Burning Blood":42,"Toy Ornithopter":5},"card_choices":[{"not_picked":["Vengeance","Backstab","Fasting2"],"picked":"SKIP","floor":1},{"not_picked":["BowlingBash","Well Laid Plans","Predator"],"picked":"SKIP","floor":4},{"not_picked":["Redo","Poisoned Stab","Wireheading"],"picked":"SKIP","floor":5},{"not_picked":["Terror","Iron Wave","PiercingWail"],"picked":"SKIP","floor":6},{"not_picked":["Dodge and Roll","WheelKick","CutThroughFate"],"picked":"SKIP","floor":7},{"not_picked":["Rampage","Cleave","Terror"],"picked":"SKIP","floor":10},{"not_picked":["LikeWater","Stack","Go for the Eyes"],"picked":"SKIP","floor":12},{"not_picked":["Protect","Havoc","Prepared"],"picked":"SKIP","floor":13},{"not_picked":["Go for the Eyes","Quick Slash","WaveOfTheHand"],"picked":"SKIP","floor":14}],"player_experience":1599353,"relics_obtained":[{"floor":6,"key":"Toy Ornithopter"},{"floor":9,"key":"Pen Nib"},{"floor":12,"key":"Boot"}],"event_choices":[{"cards_removed":["Consecrate"],"damage_healed":0,"gold_gain":0,"player_choice":"Card Removal","damage_taken":7,"max_hp_gain":0,"max_hp_loss":0,"event_name":"Golden Wing","floor":3,"gold_loss":0}],"is_beta":false,"boss_relics":[],"items_purged_floors":[2],"is_endless":false,"potions_floor_spawned":[6,7,10,13],"killed_by":"Hexaghost","ascension_level":20}}