{"host":"k88fqnqg39joo1wf","time":1608690306,"event":{"mods":["Act Like it!","BaseMod","Colored Powertips","Highlight Path","Hubris","Infinite Spire","Mimic Mod","Minty Spire (QoL Compilation)","Pale of the Ancients","StSLib","The Cursed","Wandering Minibosses"],"gold_per_floor":[109,109,109,109,123,155,155,172,195,379,379,423,49,49,49,177,177,211,490,529,529,570,612,612,655,655,655,683,683,325,364,364,502,574,597,626,626,668,693,732,732,775,775,810,833,905,914,948,948,948,971,1004,1013,566,566,590,590,294,294,294],"floor_reached":61,"playtime":3678,"items_purged":["Doubt"],"score":1602,"play_id":"f2ff9ca9-c2c0-40ff-9936-ff6c00e16203","local_time":"20201222202506","is_ascension_mode":true,"campfire_choices":[{"data":"infinitespire:Oblivion","floor":7.0,"key":"SMITH"},{"floor":15.0,"key":"REST"},{"floor":24.0,"key":"REST"},{"floor":29.0,"key":"REST"},{"floor":32.0,"key":"RECALL"},{"data":"TheCursedMod:CleanUpWorkshop","floor":41,"key":"SMITH"},{"data":"wanderingMiniBosses:FinaleOfPromise","floor":49,"key":"SMITH"},{"data":"TheCursedMod:DoubleShield","floor":55,"key":"SMITH"},{"data":"TheCursedMod:NeowsMight","floor":57,"key":"SMITH"}],"circlet_count":0,"master_deck":["TheCursedMod:Strike_TheCursed","TheCursedMod:Strike_TheCursed","TheCursedMod:Strike_TheCursed","TheCursedMod:Strike_TheCursed+1","TheCursedMod:Defend_TheCursed","TheCursedMod:Defend_TheCursed","TheCursedMod:Defend_TheCursed","TheCursedMod:Defend_TheCursed","TheCursedMod:CursedWand","TheCursedMod:CleanUpWorkshop+1","TheCursedMod:Dregs","TheCursedMod:Wield","infinitespire:Oblivion+1","TheCursedMod:HellsGateOpen","TheCursedMod:CursedShiv","TheCursedMod:Wield","TheCursedMod:HellfireBreathing","TheCursedMod:Obscuration","TheCursedMod:DemonSword","TheCursedMod:SmokeScreen","TheCursedMod:SurpriseAttack","Impatience","TheCursedMod:DemonSword","TheCursedMod:SmokeScreen","TheCursedMod:LuckyCharm","TheCursedMod:CursedBlade","TheCursedMod:SpitefulStrike+1","TheCursedMod:CursedBlade","TheCursedMod:HellsGateOpen","TheCursedMod:ReleasedStrength","TheCursedMod:AntiAging","TheCursedMod:SurpriseAttack+1","TheCursedMod:Evocation","TheCursedMod:SpitefulStrike","TheCursedMod:CursedBlade+1","TheCursedMod:RapidMovement+1","TheCursedMod:LuckyCharm+1","TheCursedMod:CircleOfAmplification+1","TheCursedMod:Grudge+1","TheCursedMod:LuckyCharm","Writhe","wanderingMiniBosses:FinaleOfPromise+1","TheCursedMod:SpitefulPlan","TheCursedMod:WearCloak+1","TheCursedMod:DoubleShield+1","TheCursedMod:NeowsMight+1","TheCursedMod:NeowsMight+1"],"relics":["TheCursedMod:BlackMagic101","NeowsBlessing","hubris:Towel","infinitespire:EmpoweringShard","Bronze Scales","CeramicFish","Golden Idol","infinitespire:WardingShard","Mercury Hourglass","Prayer Wheel","SacredBark","MutagenicStrength","Kunai","hubris:CuriousFeather","Pear","Singing Bowl","Blood Vial","hubris:Metronome","Tiny House","Bottled Tornado","Thread and Needle","TungstenRod","wanderingMiniBosses:Blackblade","paleoftheancients:Timepiece","paleoftheancients:KeyRelic","Sozu","CultistMask","Boot","Orichalcum","Frozen Eye","paleoftheancients:SoulOfTheHexaghost","infinitespire:Beetle Shell","DollysMirror"],"acts_visited":["Exordium","TheCity","TheBeyond","paleoftheancients:PaleOfTheAncients"],"potions_floor_usage":[48,50,50,60],"damage_taken":[{"damage":0.0,"enemies":"Small Slimes","floor":1.0,"turns":1.0},{"damage":0.0,"enemies":"Jaw Worm","floor":5.0,"turns":1.0},{"damage":0.0,"enemies":"Lagavulin","floor":6.0,"turns":1.0},{"damage":7.0,"enemies":"infinitespire:Voidling","floor":8.0,"turns":3.0},{"damage":2.0,"enemies":"Gremlin Nob","floor":12.0,"turns":2.0},{"damage":12.0,"enemies":"Hexaghost","floor":16.0,"turns":6.0},{"damage":0.0,"enemies":"Spheric Guardian","floor":18.0,"turns":3.0},{"damage":0.0,"enemies":"3 Byrds","floor":20.0,"turns":2.0},{"damage":2.0,"enemies":"3 Cultists","floor":22.0,"turns":4.0},{"damage":13.0,"enemies":"Gremlin Leader","floor":23.0,"turns":4.0},{"damage":12.0,"enemies":"Book of Stabbing","floor":25.0,"turns":3.0},{"damage":0.0,"enemies":"Snecko","floor":28.0,"turns":2.0},{"damage":6.0,"enemies":"Slavers","floor":31.0,"turns":3.0},{"damage":32.0,"enemies":"Collector","floor":33.0,"turns":6.0},{"damage":0,"enemies":"Orb Walker","floor":35,"turns":2},{"damage":36,"enemies":"3 Darklings","floor":36,"turns":5},{"damage":5,"enemies":"Sphere and 2 Shapes","floor":38,"turns":2},{"damage":26,"enemies":"Jaw Worm Horde","floor":39,"turns":6},{"damage":0,"enemies":"Reptomancer","floor":40,"turns":2},{"damage":3,"enemies":"Maw","floor":42,"turns":6},{"damage":28,"enemies":"Nemesis","floor":44,"turns":5},{"damage":13,"enemies":"4 Shapes","floor":45,"turns":3},{"damage":0,"enemies":"Mind Bloom Boss Battle","floor":46,"turns":4},{"damage":10,"enemies":"Writhing Mass","floor":48,"turns":3},{"damage":45,"enemies":"hubris:GrandSnecko","floor":50,"turns":16},{"damage":50,"enemies":"hubris:GrandSnecko","floor":51,"turns":7},{"damage":0,"enemies":"hubris:GrandSnecko","floor":52,"turns":4},{"damage":0,"enemies":"hubris:GrandSnecko","floor":56,"turns":8},{"damage":1,"enemies":"paleoftheancients:N","floor":60,"turns":8}],"seed_played":"-1899938407711154208","potions_obtained":[{"floor":1.0,"key":"Regen Potion"},{"floor":6.0,"key":"Ancient Potion"},{"floor":23.0,"key":"Energy Potion"},{"floor":48,"key":"Energy Potion"}],"is_trial":false,"path_per_floor":["M","?","?","T","M","E","R","M","T","?","?","E","$","?","R","B",null,"M","?","M","?","M","E","R","E","T","?","M","R","$","E","R","B",null,"M","M","?","M","M","E","R","M","T","E","M","?","?","M","R","B","M","M","?","$","R","M","R","$","?","B",null],"character_chosen":"THE_CURSED","items_purchased":["TheCursedMod:Obscuration","Mercury Hourglass","TheCursedMod:ReleasedStrength","Blood Vial","hubris:EnhanceAbility","Boot","Orichalcum","Frozen Eye","infinitespire:Beetle Shell","DollysMirror"],"campfire_rested":3,"item_purchase_floors":[13,13,30,30,30,54,54,54,58,58],"current_hp_per_floor":[75,75,58,58,58,58,58,55,55,55,37,35,35,23,45,33,75,75,42,42,42,40,27,49,37,47,47,49,75,75,73,73,43,94,96,64,110,105,85,89,89,88,88,64,55,57,87,85,85,126,103,120,120,120,120,129,129,129,129,132],"gold":294,"neow_bonus":"THREE_ENEMY_KILL","is_daily":false,"chose_seed":false,"campfire_upgraded":5,"win_rate":0.0,"timestamp":1608690306,"path_taken":["M","?","?","?","?","E","R","M","T","?","?","E","$","?","R","BOSS","M","?","?","?","M","E","R","E","T","?","?","R","?","E","R","BOSS","M","?","?","M","M","E","R","M","T","E","?","?","?","M","R","BOSS","M","M","?","$","R","M","R","$","?","BOSS"],"items_purchased_type":["Card","Relic","Card","Relic","Card","Relic","Relic","Relic","Relic","Relic"],"build_version":"2020-12-13","purchased_purges":1,"victory":true,"max_hp_per_floor":[75,75,75,75,75,75,75,75,75,75,75,75,75,75,75,75,75,75,75,75,75,75,75,75,75,85,85,87,87,87,89,89,89,94,96,100,110,110,114,116,116,116,116,118,120,120,120,126,126,126,128,130,130,130,130,132,132,132,132,132],"card_choices":[{"not_picked":["TheCursedMod:CircleOfWindfury","TheCursedMod:CircleOfBlood"],"picked":"TheCursedMod:Wield","floor":1.0},{"not_picked":["infinitespire:Fortify","infinitespire:FinalStrike"],"picked":"infinitespire:Oblivion","floor":3.0},{"not_picked":["TheCursedMod:Torture","TheCursedMod:PrepareRite"],"picked":"TheCursedMod:HellsGateOpen","floor":5.0},{"not_picked":["TheCursedMod:DoubleShield","TheCursedMod:Torture"],"picked":"TheCursedMod:CursedShiv","floor":6.0},{"not_picked":["TheCursedMod:CursedArmor","TheCursedMod:Torture"],"picked":"TheCursedMod:Wield","floor":8.0},{"not_picked":["TheCursedMod:CursedArmor","TheCursedMod:WearCloak"],"picked":"TheCursedMod:HellfireBreathing","floor":12.0},{"not_picked":["TheCursedMod:OutForBlood","TheCursedMod:CircleOfAbyss"],"picked":"TheCursedMod:DemonSword","floor":16.0},{"not_picked":["TheCursedMod:PrepareRite+1","TheCursedMod:Stretching"],"picked":"TheCursedMod:SmokeScreen","floor":18.0},{"not_picked":["TheCursedMod:CursedAmulet","TheCursedMod:CircleOfWindfury+1"],"picked":"TheCursedMod:SurpriseAttack","floor":18.0},{"not_picked":["TheCursedMod:ReleasedKnowledge+1","TheCursedMod:Torture"],"picked":"TheCursedMod:DemonSword","floor":20.0},{"not_picked":["TheCursedMod:SpreadPlague","TheCursedMod:FleshFromBone"],"picked":"TheCursedMod:SmokeScreen","floor":20.0},{"not_picked":["TheCursedMod:AshesToAshes","TheCursedMod:Obscuration"],"picked":"TheCursedMod:LuckyCharm","floor":22.0},{"not_picked":["TheCursedMod:CircleOfCorruption","TheCursedMod:TacticalStrike"],"picked":"TheCursedMod:CursedBlade","floor":22.0},{"not_picked":["TheCursedMod:SoulCrush","TheCursedMod:FuryStrike"],"picked":"TheCursedMod:SpitefulStrike+1","floor":23.0},{"not_picked":["TheCursedMod:Wield+1","TheCursedMod:Mangle"],"picked":"TheCursedMod:CursedBlade","floor":25.0},{"not_picked":["TheCursedMod:CursedSpellbook","TheCursedMod:Stretching","TheCursedMod:CircleOfFlame"],"picked":"Singing Bowl","floor":28.0},{"not_picked":["TheCursedMod:CursedBlade","TheCursedMod:StunningStrike"],"picked":"TheCursedMod:HellsGateOpen","floor":28.0},{"not_picked":["TheCursedMod:Stretching","TheCursedMod:CursedMace","TheCursedMod:Wield"],"picked":"Singing Bowl","floor":31.0},{"not_picked":["TheCursedMod:CircleOfAbyss","TheCursedMod:DarkBarrier"],"picked":"TheCursedMod:AntiAging","floor":33.0},{"not_picked":["TheCursedMod:TacticalStrike","TheCursedMod:Wield+1"],"picked":"TheCursedMod:SurpriseAttack+1","floor":34},{"not_picked":["TheCursedMod:Wield+1","TheCursedMod:ManaBullet+1"],"picked":"TheCursedMod:Evocation","floor":35},{"not_picked":["TheCursedMod:Stretching","TheCursedMod:CursedAmulet","TheCursedMod:Stigma"],"picked":"Singing Bowl","floor":35},{"not_picked":["TheCursedMod:Stigma+1","TheCursedMod:VitalStrike+1"],"picked":"TheCursedMod:SpitefulStrike","floor":36},{"not_picked":["TheCursedMod:StingEye","TheCursedMod:FuryStrike","TheCursedMod:RavingStaff"],"picked":"Singing Bowl","floor":36},{"not_picked":["TheCursedMod:AbyssShockwave","TheCursedMod:Obscuration+1"],"picked":"TheCursedMod:CursedBlade+1","floor":38},{"not_picked":["TheCursedMod:StingEye","TheCursedMod:CursedAmulet"],"picked":"TheCursedMod:RapidMovement+1","floor":38},{"not_picked":["TheCursedMod:SoulReap+1","TheCursedMod:SmokeScreen+1","TheCursedMod:Stretching"],"picked":"Singing Bowl","floor":39},{"not_picked":["TheCursedMod:CircleOfFocus","TheCursedMod:Evocation","TheCursedMod:SaltUponWound+1"],"picked":"Singing Bowl","floor":39},{"not_picked":["TheCursedMod:SmokeScreen","TheCursedMod:OutForBlood","TheCursedMod:FleshFromBone+1"],"picked":"Singing Bowl","floor":40},{"not_picked":["TheCursedMod:AbyssShockwave+1","TheCursedMod:Mangle+1"],"picked":"TheCursedMod:LuckyCharm+1","floor":42},{"not_picked":["TheCursedMod:AbyssShockwave+1","TheCursedMod:SmokeScreen"],"picked":"TheCursedMod:CircleOfAmplification+1","floor":42},{"not_picked":["TheCursedMod:SmokeScreen","TheCursedMod:Stigma","TheCursedMod:CircleOfFocus"],"picked":"Singing Bowl","floor":44},{"not_picked":["TheCursedMod:CursedBlade","TheCursedMod:CursedStaff"],"picked":"TheCursedMod:Grudge+1","floor":45},{"not_picked":["TheCursedMod:RapidMovement","TheCursedMod:CursedShiv","TheCursedMod:PrepareRite+1"],"picked":"Singing Bowl","floor":45},{"not_picked":["TheCursedMod:CursedAmulet","TheCursedMod:SpitefulPlan"],"picked":"TheCursedMod:LuckyCharm","floor":46},{"not_picked":["TheCursedMod:VitalStrike+1","TheCursedMod:FleshFromBone+1","TheCursedMod:Stretching+1"],"picked":"Singing Bowl","floor":48},{"not_picked":[],"picked":"wanderingMiniBosses:FinaleOfPromise","floor":48},{"not_picked":["TheCursedMod:CursedBlade","TheCursedMod:CircleOfFocus+1","TheCursedMod:CircleOfBlood"],"picked":"Singing Bowl","floor":48},{"not_picked":["TheCursedMod:TacticalStrike","TheCursedMod:CircleOfFlame","TheCursedMod:CursedBlade+1"],"picked":"Singing Bowl","floor":51},{"not_picked":["TheCursedMod:Stigma+1","TheCursedMod:FleshFromBone+1"],"picked":"TheCursedMod:SpitefulPlan","floor":51},{"not_picked":["TheCursedMod:BlessingInDisguise","TheCursedMod:CircleOfAbyss","TheCursedMod:CursedShiv+1"],"picked":"Singing Bowl","floor":52},{"not_picked":["TheCursedMod:VitalStrike+1","TheCursedMod:RavingStaff+1"],"picked":"TheCursedMod:WearCloak+1","floor":52},{"not_picked":["TheCursedMod:SpitefulPlan","TheCursedMod:Torture+1","TheCursedMod:CursedSpellbook+1"],"picked":"Singing Bowl","floor":56},{"not_picked":["TheCursedMod:VitalStrike","TheCursedMod:Torture"],"picked":"TheCursedMod:NeowsMight","floor":56}],"player_experience":194444,"relics_obtained":[{"floor":4.0,"key":"infinitespire:EmpoweringShard"},{"floor":6.0,"key":"Bronze Scales"},{"floor":9.0,"key":"CeramicFish"},{"floor":12.0,"key":"infinitespire:WardingShard"},{"floor":23.0,"key":"Kunai"},{"floor":25.0,"key":"hubris:CuriousFeather"},{"floor":26.0,"key":"Pear"},{"floor":27.0,"key":"Singing Bowl"},{"floor":31.0,"key":"hubris:Metronome"},{"floor":40,"key":"Bottled Tornado"},{"floor":44,"key":"Thread and Needle"},{"floor":46,"key":"TungstenRod"},{"floor":48,"key":"wanderingMiniBosses:Blackblade"},{"floor":56,"key":"paleoftheancients:SoulOfTheHexaghost"}],"event_choices":[{"damage_healed":0.0,"max_hp_gain":0.0,"max_hp_loss":0.0,"gold_gain":175.0,"event_name":"Liars Game","player_choice":"AGREE","floor":10.0,"gold_loss":0.0,"damage_taken":0.0,"cards_obtained":["Doubt"]},{"damage_healed":0.0,"max_hp_gain":0.0,"max_hp_loss":0.0,"gold_gain":0.0,"event_name":"Golden Idol","player_choice":"Take Damage","floor":11.0,"gold_loss":0.0,"damage_taken":18.0,"relics_obtained":["Golden Idol"]},{"damage_healed":0.0,"max_hp_gain":0.0,"max_hp_loss":0.0,"gold_gain":0.0,"event_name":"Scrap Ooze","player_choice":"Success","floor":14.0,"gold_loss":0.0,"damage_taken":12.0,"relics_obtained":["Prayer Wheel"]},{"damage_healed":0.0,"max_hp_gain":0.0,"max_hp_loss":0.0,"gold_gain":270.0,"event_name":"Knowing Skull","player_choice":"GOLD GOLD GOLD CARD ","floor":19.0,"potions_obtained":[],"gold_loss":0.0,"damage_taken":33.0,"cards_obtained":["Impatience"]},{"damage_healed":0.0,"max_hp_gain":0.0,"max_hp_loss":0.0,"gold_gain":0.0,"event_name":"Drug Dealer","player_choice":"Inject Mutagens","floor":21.0,"gold_loss":0.0,"damage_taken":0.0,"relics_obtained":["MutagenicStrength"]},{"damage_healed":0.0,"max_hp_gain":0.0,"max_hp_loss":0.0,"gold_gain":0.0,"event_name":"Wheel of Change","player_choice":"Relic","floor":27.0,"gold_loss":0.0,"damage_taken":0.0},{"cards_removed":["hubris:EnhanceAbility"],"damage_healed":36,"gold_gain":0,"player_choice":"Offered Rare","damage_taken":0,"max_hp_gain":10,"max_hp_loss":0,"event_name":"Bonfire Elementals","floor":37,"gold_loss":0},{"damage_healed":0,"gold_gain":0,"player_choice":"Fight","damage_taken":0,"max_hp_gain":0,"max_hp_loss":0,"event_name":"MindBloom","floor":46,"gold_loss":0},{"damage_healed":30,"gold_gain":0,"player_choice":"Writhe","damage_taken":0,"max_hp_gain":0,"max_hp_loss":0,"event_name":"Winding Halls","floor":47,"gold_loss":0,"cards_obtained":["Writhe"]}],"is_beta":false,"boss_relics":[{"not_picked":["Pandora\u0027s Box","hubris:RunicObelisk"],"picked":"SacredBark"},{"not_picked":["Astrolabe","Busted Crown"],"picked":"Tiny House"}],"items_purged_floors":[13],"is_endless":false,"potions_floor_spawned":[1,6,23,25,28,31,38,40,42,44,46,48,51,56],"ascension_level":1}}