{"host":"baymyijz6sxaqj5s","time":1608706526,"event":{"mods":["AchievementEnabler","BaseMod","Colored Map","Colored Powertips","DeckTracker","KOR Keyword Fix","Keyboard Shortcuts","Minty Spire (QoL Compilation)","Quick Restart","StSLib","SuperFastMode"],"gold_per_floor":[116,131,143,155,155,155,170,13,13,13,88,88,103,113,113,113,113],"floor_reached":16,"playtime":358,"items_purged":[],"score":94,"play_id":"d2e6ac3c-2860-4201-87fe-daf77baf3479","local_time":"20201223155526","is_ascension_mode":false,"campfire_choices":[{"data":"Seeing Red","floor":6,"key":"SMITH"},{"floor":15,"key":"REST"}],"circlet_count":0,"master_deck":["Strike_R","Strike_R","Strike_R","Strike_R","Strike_R","Defend_R","Defend_R","Defend_R+1","Defend_R","Bash+1","Seeing Red+1","Inflame","Battle Trance","Power Through"],"relics":["Burning Blood","Vajra","Lantern"],"acts_visited":["Exordium"],"potions_floor_usage":[4,16],"damage_taken":[{"damage":5,"enemies":"Cultist","floor":1,"turns":4},{"damage":3,"enemies":"2 Louse","floor":2,"turns":4},{"damage":0,"enemies":"Small Slimes","floor":3,"turns":2},{"damage":15,"enemies":"Exordium Thugs","floor":4,"turns":5},{"damage":5,"enemies":"2 Fungi Beasts","floor":7,"turns":4},{"damage":14,"enemies":"Gremlin Gang","floor":13,"turns":5},{"damage":14,"enemies":"Lots of Slimes","floor":14,"turns":5},{"damage":61,"enemies":"The Guardian","floor":16,"turns":14}],"seed_played":"80115409917624769","potions_obtained":[{"floor":1,"key":"DuplicationPotion"},{"floor":4,"key":"ElixirPotion"},{"floor":13,"key":"Weak Potion"}],"is_trial":false,"path_per_floor":["M","M","M","M","?","R","M","$","T","$","?","?","M","M","R","B"],"character_chosen":"IRONCLAD","items_purchased":["Vajra"],"campfire_rested":1,"item_purchase_floors":[8],"current_hp_per_floor":[88,88,88,79,61,61,62,62,62,62,51,51,43,35,61,0,0],"gold":113,"neow_bonus":"TEN_PERCENT_HP_BONUS","is_daily":false,"chose_seed":false,"campfire_upgraded":1,"win_rate":0.0,"timestamp":1608706526,"path_taken":["M","?","M","M","?","R","M","$","T","$","?","?","?","M","R","BOSS"],"items_purchased_type":["Relic"],"build_version":"2020-12-22","purchased_purges":0,"victory":false,"max_hp_per_floor":[88,88,88,88,88,88,88,88,88,88,88,88,88,88,88,88,88],"card_choices":[{"not_picked":["Havoc","Flex","Clash"],"picked":"SKIP","floor":1},{"not_picked":["Headbutt","Pommel Strike"],"picked":"Seeing Red","floor":2},{"not_picked":["Perfected Strike","Clothesline","Pummel"],"picked":"SKIP","floor":3},{"not_picked":["Twin Strike","Wild Strike"],"picked":"Inflame","floor":4},{"not_picked":["Flex","Sword Boomerang"],"picked":"Battle Trance","floor":7},{"not_picked":["Twin Strike","Metallicize"],"picked":"Power Through","floor":13},{"not_picked":["Infernal Blade","Dual Wield","Uppercut"],"picked":"SKIP","floor":14}],"player_experience":191573,"relics_obtained":[{"floor":9,"key":"Lantern"}],"event_choices":[{"damage_healed":0,"gold_gain":0,"player_choice":"Entered Light","damage_taken":18,"max_hp_gain":0,"max_hp_loss":0,"event_name":"Shining Light","floor":5,"gold_loss":0,"cards_upgraded":["Bash","Defend_R"]},{"damage_healed":0,"gold_gain":75,"player_choice":"Gather Gold","damage_taken":11,"max_hp_gain":0,"max_hp_loss":0,"event_name":"World of Goop","floor":11,"gold_loss":0},{"damage_healed":0,"gold_gain":0,"player_choice":"Ignored","damage_taken":0,"max_hp_gain":0,"max_hp_loss":0,"event_name":"Golden Idol","floor":12,"gold_loss":0}],"is_beta":false,"boss_relics":[],"items_purged_floors":[],"is_endless":false,"potions_floor_spawned":[1,4,13],"killed_by":"The Guardian","ascension_level":0}}