{"host":"oc9j5nmpwz4e9fqj","time":1608726968,"event":{"mods":["AchievementEnabler","BaseMod","Conspire","KomeijiMod","Minty Spire (QoL Compilation)","Quick Restart","Replay The Spire","Shop Mod","StSLib","TestMod","Yuri Mod","[IsaacMod]ÒÔÈö¼âËþ"],"gold_per_floor":[594,1104,1497,936,1330,1365,1365,1365,1365,1726,1751,879,879,1194,1194,2954,3054,3404,3736,4119,4546,4096,4096,4147,4492,4492,4940,5367,5834,5244,5672,5672,7391,7391,7728,7369,7246,7759,7029,7063,7463,7496,7496,7926,7926,8424,8424,8458,8458,8458,8458],"floor_reached":50,"playtime":2409,"items_purged":["Strike_G","Strike_G","Strike_G","Strike_G"],"score":1325,"play_id":"2a06de08-c7bb-451c-abcc-6814aebef000","local_time":"20201223213608","is_ascension_mode":true,"campfire_choices":[{"floor":7.0,"key":"REST"},{"floor":13.0,"key":"RECALL"},{"floor":15.0,"key":"REST"},{"data":"Poisoned Stab","floor":23.0,"key":"SMITH"},{"floor":32.0,"key":"REST"},{"floor":45,"key":"REST"},{"floor":47,"key":"REST"},{"floor":49,"key":"REST"}],"circlet_count":0,"master_deck":["AscendersBane","Strike_G+1","Defend_G+2","Defend_G+1","Defend_G+1","Defend_G+1","Defend_G+1","Survivor","Neutralize","Bane+1","Poisoned Stab+1","Backstab+2","Deadly Poison","PiercingWail","Dagger Spray","Bullet Time+1","Corpse Explosion+1","Glass Knife","Noxious Fumes","Adrenaline","Poison Darts","Adrenaline"],"relics":["Ring of the Serpent","testmod-TestBox","HushsDoor","TheBean","Blood Vial","Dream Catcher","Guide Book","Tiny Chest","Toy Ornithopter","Habit","WingedGreaves","ReplayTheSpireMod:TigerMarble","Bag of Marbles","Gremlin Food","Orichalcum","Replay:Wanted Poster","testmod-TurbochargingSystem","Juzu Bracelet","Bronze Scales","conspire:InfiniteJournal","HandDrill","Molten Egg 2","Replay:Wax Seal","testmod-LifeArmor","Oddly Smooth Stone","Replay:Bottled Eggs","GoodDreamPillow","Garlic","Chameleon Ring","Strange Spoon","Sundial","Toy Ornithopter","BookOfRevelations"],"acts_visited":["TheCity","TheBeyond"],"potions_floor_usage":[48,50],"damage_taken":[{"damage":0.0,"enemies":"Small Slimes","floor":1.0,"turns":3.0},{"damage":0.0,"enemies":"Cultist","floor":2.0,"turns":2.0},{"damage":2.0,"enemies":"Jaw Worm","floor":3.0,"turns":2.0},{"damage":10.0,"enemies":"Exordium Thugs","floor":5.0,"turns":3.0},{"damage":22.0,"enemies":"Lagavulin","floor":6.0,"turns":4.0},{"damage":0.0,"enemies":"2 Fungi Beasts","floor":10.0,"turns":1.0},{"damage":3.0,"enemies":"Gremlin Nob","floor":11.0,"turns":3.0},{"damage":8.0,"enemies":"Gremlin Gang","floor":14.0,"turns":3.0},{"damage":29.0,"enemies":"Fading Forest","floor":16.0,"turns":13.0},{"damage":10.0,"enemies":"Shell Parasite","floor":18.0,"turns":2.0},{"damage":13.0,"enemies":"2 Thieves","floor":19.0,"turns":4.0},{"damage":0.0,"enemies":"Centurion and Healer","floor":20.0,"turns":2.0},{"damage":0.0,"enemies":"3 Cultists","floor":21.0,"turns":1.0},{"damage":13.0,"enemies":"Sentry and Sphere","floor":25.0,"turns":4.0},{"damage":0.0,"enemies":"Cultist and Chosen","floor":27.0,"turns":2.0},{"damage":0.0,"enemies":"Chosen and Byrds","floor":28.0,"turns":3.0},{"damage":13.0,"enemies":"conspire:HollyBat","floor":29.0,"turns":6.0},{"damage":0.0,"enemies":"Snake Plant","floor":31.0,"turns":2.0},{"damage":48.0,"enemies":"conspire:MysteriousRune","floor":33.0,"turns":8.0},{"damage":7.0,"enemies":"3 Shapes","floor":35.0,"turns":3.0},{"damage":0.0,"enemies":"Orb Walker","floor":38.0,"turns":3.0},{"damage":20.0,"enemies":"R_Hoarder","floor":40.0,"turns":7.0},{"damage":11.0,"enemies":"Spire Growth","floor":41.0,"turns":3.0},{"damage":10.0,"enemies":"Reptomancer","floor":42.0,"turns":4.0},{"damage":9.0,"enemies":"3 Darklings","floor":44.0,"turns":3.0},{"damage":0,"enemies":"Writhing Mass","floor":46,"turns":3},{"damage":0,"enemies":"Nemesis","floor":48,"turns":5},{"damage":79,"enemies":"conspire:OrnateMirror","floor":50,"turns":7}],"seed_played":"5057988391058115038","potions_obtained":[{"floor":2.0,"key":"Block Potion"},{"floor":2.0,"key":"Fire Potion"},{"floor":35.0,"key":"Block Potion"},{"floor":42.0,"key":"SteroidPotion"},{"floor":44.0,"key":"Block Potion"}],"is_trial":false,"path_per_floor":["M","M","M","$","M","E","R","?","T","M","E","$","R","M","R","B",null,"M","M","M","M","$","R","T","M","T","M","M","M","$","M","R","B",null,"M","$","?","M","$","E","M","E","T","M","R","M","R","E","R","B"],"character_chosen":"THE_SILENT","items_purchased":["Blood Vial","Dream Catcher","Guide Book","Habit","WingedGreaves","ReplayTheSpireMod:TigerMarble","Dagger Spray","Fire Potion","testmod-TurbochargingSystem","Juzu Bracelet","HandDrill","Molten Egg 2","Replay:Bottled Eggs","Reflective Coating","Garlic","Chameleon Ring","Strange Spoon"],"campfire_rested":6,"item_purchase_floors":[4,4,4,12,12,12,12,12,22,22,30,30,36,36,39,39,39],"current_hp_per_floor":[59,59,57,57,49,29,48,48,48,50,49,49,49,43,62,35,58,50,39,41,43,43,43,43,32,32,34,36,25,25,27,46,10,52,47,47,47,49,49,31,22,19,19,12,31,33,52,64,66,0,0],"gold":8458,"neow_bonus":"RANDOM_EVENT","is_daily":false,"chose_seed":false,"campfire_upgraded":1,"win_rate":0.0,"timestamp":1608726968,"path_taken":["M","M","?","$","M","E","R","?","T","?","E","$","R","?","R","BOSS","M","M","M","M","$","R","?","M","T","M","M","M","$","M","R","BOSS","M","$","?","M","$","E","M","E","T","M","R","M","R","E","R","BOSS"],"items_purchased_type":["Relic","Relic","Relic","Relic","Relic","Relic","Card","Potion","Relic","Relic","Relic","Relic","Relic","Potion","Relic","Relic","Relic"],"build_version":"2020-12-22","purchased_purges":4,"victory":false,"max_hp_per_floor":[66,66,66,66,66,66,66,66,66,66,66,66,66,66,66,66,66,66,66,66,66,66,66,66,66,66,66,66,66,66,66,66,66,66,66,66,66,66,66,66,66,66,66,66,66,66,66,66,66,66,66],"card_choices":[{"not_picked":["Underhanded Strike","Quick Slash"],"picked":"Bane","floor":1.0},{"not_picked":["Expertise","Backstab"],"picked":"Poisoned Stab","floor":1.0},{"not_picked":["ReplayTheSpireMod:Shiv Toss","Heel Hook"],"picked":"Backstab","floor":2.0},{"not_picked":["Well Laid Plans","Concentrate","Fluid Movement"],"picked":"SKIP","floor":2.0},{"not_picked":["Well Laid Plans","ReplayTheSpireMod:The Works"],"picked":"Deadly Poison","floor":3.0},{"not_picked":["Acrobatics","Poisoned Stab","Hidden Blade"],"picked":"SKIP","floor":3.0},{"not_picked":["ReplayTheSpireMod:Speed Training","Deflect","Caltrops"],"picked":"SKIP","floor":5.0},{"not_picked":["Prepared","A Thousand Cuts","Dash"],"picked":"SKIP","floor":5.0},{"not_picked":["Backflip","Quick Slash","Outmaneuver"],"picked":"SKIP","floor":6.0},{"not_picked":["Poisoned Stab","Blade Dance"],"picked":"PiercingWail","floor":10.0},{"not_picked":["Deadly Poison","Malaise","Outmaneuver"],"picked":"SKIP","floor":10.0},{"not_picked":["Dagger Throw","Well Laid Plans","ReplayTheSpireMod:Speed Training"],"picked":"SKIP","floor":11.0},{"not_picked":["Draining Mist","Flying Knee","Dagger Throw"],"picked":"SKIP","floor":14.0},{"not_picked":["Dagger Throw","Underhanded Strike","Atom Bomb"],"picked":"SKIP","floor":14.0},{"not_picked":["Die Die Die","Envenom"],"picked":"Bullet Time","floor":16.0},{"not_picked":["Phantasmal Killer","Doppelganger"],"picked":"Corpse Explosion","floor":16.0},{"not_picked":["PiercingWail+1","Tactician+1","Poisoned Stab"],"picked":"SKIP","floor":18.0},{"not_picked":["Dodge and Roll","Sucker Punch","Deflect"],"picked":"SKIP","floor":18.0},{"not_picked":["Dagger Throw","Dodge and Roll"],"picked":"Glass Knife","floor":19.0},{"not_picked":["Blade Dance","Acrobatics","Flying Knee"],"picked":"SKIP","floor":19.0},{"not_picked":["conspire:DoublingDagger","Tactician","Flying Knee"],"picked":"SKIP","floor":20.0},{"not_picked":["Backflip","Flechettes","Slice"],"picked":"SKIP","floor":20.0},{"not_picked":["Predator","conspire:PoisonWeapons","Acrobatics"],"picked":"SKIP","floor":21.0},{"not_picked":["ReplayTheSpireMod:Tripwire","ReplayTheSpireMod:Exploit Weakness","Dagger Throw"],"picked":"SKIP","floor":21.0},{"not_picked":["ReplayTheSpireMod:Exploit Weakness","Acrobatics","Sneak Up"],"picked":"SKIP","floor":25.0},{"not_picked":["Deflect+1","Riddle With Holes","Replay:Bag of Tricks"],"picked":"SKIP","floor":25.0},{"not_picked":["Prepared","Escape Plan"],"picked":"Noxious Fumes","floor":27.0},{"not_picked":["Infinite Blades","Prepared+1","Deflect"],"picked":"SKIP","floor":27.0},{"not_picked":["PiercingWail","Endless Agony","Flying Knee"],"picked":"SKIP","floor":28.0},{"not_picked":["Blade Dance","Backstab","Terror+1"],"picked":"SKIP","floor":28.0},{"not_picked":["Backflip","Underhanded Strike","Bane"],"picked":"SKIP","floor":29.0},{"not_picked":["ReplayTheSpireMod:Scrap Shanks+1","Heel Hook","Hidden Blade+1"],"picked":"SKIP","floor":29.0},{"not_picked":["Poisoned Stab+1","Flying Knee+1","Leg Sweep"],"picked":"SKIP","floor":31.0},{"not_picked":["Skewer+1","Prepared","Night Terror"],"picked":"SKIP","floor":31.0},{"not_picked":["ReplayTheSpireMod:From All Sides+1","Envenom"],"picked":"Adrenaline","floor":33.0},{"not_picked":["Replay:Bag of Tricks","Night Terror"],"picked":"Poison Darts","floor":33.0},{"not_picked":["After Image","Tools of the Trade"],"picked":"Adrenaline","floor":33.0},{"not_picked":["Slice+1","Dodge and Roll","Draining Mist"],"picked":"SKIP","floor":35.0},{"not_picked":["Sucker Punch+1","Dodge and Roll","Hidden Blade"],"picked":"SKIP","floor":35.0},{"not_picked":["Bane+1","Cloak And Dagger","Slice+1"],"picked":"SKIP","floor":38.0},{"not_picked":["ReplayTheSpireMod:Tripwire","Deadly Poison","Poisoned Stab+1"],"picked":"SKIP","floor":38.0},{"not_picked":["Cloak And Dagger","conspire:PoisonWeapons","conspire:DoublingDagger"],"picked":"SKIP","floor":40.0},{"not_picked":["Dagger Spray+1","Replay:Poison Smokescreen","ReplayTheSpireMod:Exploit Weakness"],"picked":"SKIP","floor":41.0},{"not_picked":["Cloak And Dagger","Acrobatics","ReplayTheSpireMod:Speed Training"],"picked":"SKIP","floor":41.0},{"not_picked":["Prepared","Distraction","Outmaneuver"],"picked":"SKIP","floor":42.0},{"not_picked":["Well Laid Plans","After Image","Slice+1"],"picked":"SKIP","floor":44.0},{"not_picked":["Draining Mist","Finisher+1","Reflex+1"],"picked":"SKIP","floor":44.0},{"not_picked":["Sucker Punch+1","Acrobatics+1","Sneak Up"],"picked":"SKIP","floor":46},{"not_picked":["PiercingWail+1","Sneak Up","Fluid Movement"],"picked":"SKIP","floor":46},{"not_picked":["Sucker Punch+1","Poison Darts","ReplayTheSpireMod:Exploit Weakness"],"picked":"SKIP","floor":48}],"player_experience":230343,"relics_obtained":[{"floor":6.0,"key":"Tiny Chest"},{"floor":11.0,"key":"Toy Ornithopter"},{"floor":16.0,"key":"Bag of Marbles"},{"floor":16.0,"key":"Gremlin Food"},{"floor":16.0,"key":"Orichalcum"},{"floor":24.0,"key":"Bronze Scales"},{"floor":26.0,"key":"conspire:InfiniteJournal"},{"floor":33.0,"key":"Replay:Wax Seal"},{"floor":33.0,"key":"testmod-LifeArmor"},{"floor":33.0,"key":"Oddly Smooth Stone"},{"floor":40.0,"key":"Sundial"},{"floor":42.0,"key":"Toy Ornithopter"},{"floor":48,"key":"BookOfRevelations"}],"event_choices":[],"is_beta":false,"boss_relics":[{"not_picked":["ReplayTheSpireMod:DimensionalGlitch","testmod-CardMagician"],"picked":"Replay:Wanted Poster"},{"not_picked":[]},{"not_picked":["testmod-Nine","conspire:RunicOctahedron"],"picked":"Ring of the Serpent"},{"not_picked":[]}],"items_purged_floors":[4,12,22,30],"is_endless":false,"potions_floor_spawned":[1,2,2,3,3,5,10,10,14,14,18,20,20,21,21,27,27,28,28,29,29,31,35,38,41,41,42,44,46,46],"killed_by":"conspire:OrnateMirror","ascension_level":20}}