{"host":"ifd7sfhtlbe34qll","time":1608764687,"event":{"mods":["2.2 Compatiblity","Ascension Unlocker","BaseMod","Block Reminder","Colored Map","Downfall","Highlight Path","Minty Spire (QoL Compilation)","Potion Indicator Mod","Quick Restart","Random Character Button","Relic Stats","StSLib"],"gold_per_floor":[174,191,191],"floor_reached":4,"playtime":964,"items_purged":[],"score":42,"play_id":"cb4aae26-28ef-49ce-a37c-f7fa9b898267","local_time":"20201223170447","is_ascension_mode":true,"campfire_choices":[],"circlet_count":0,"master_deck":["AscendersBane","hexamod:Strike","hexamod:Defend","hexamod:Defend","hexamod:Defend","hexamod:Sear+1","hexamod:Float+1","hexamod:HauntingEcho","hexamod:RainOfEmbers","hexamod:NightmareStrike+1","hexamod:GhostLash","hexamod:NightmareGuise+1","hexamod:FastForward+1","hexamod:BurningTouch+1","hexamod:Toasty+1","expansioncontent:QuickStudy+1","hexamod:ExtraCrispy","hexamod:BurningTouch+1","hexamod:NightmareGuise+1","hexamod:TimeOfNeed+1","hexamod:ShieldOfDarkness+1","hexamod:GhostflameBarrier+1","hexamod:VolcanoVisage+1","hexamod:EtherealExpedition+1","hexamod:CrushingStance+1","hexamod:FastForward+1","hexamod:HauntingEcho+1","hexamod:TurnItUp+1"],"relics":["hexamod:SpiritBrand","Incense Burner","Toxic Egg 2","Philosopher\u0027s Stone","hexamod:CandleOfCauterizing","InkBottle"],"acts_visited":["Exordium","TheCity"],"potions_floor_usage":[1,4],"damage_taken":[{"damage":40,"enemies":"downfall:Silent","floor":1,"turns":10},{"damage":18,"enemies":"downfall:Ironclad","floor":4,"turns":8}],"seed_played":"3536467213183561760","potions_obtained":[{"floor":0,"key":"Guardian:BlockOnCardUsePotion"},{"floor":0,"key":"SkillPotion"},{"floor":1,"key":"BlessingOfTheForge"},{"floor":3,"key":"Slimebound:ThreeZeroPotion"},{"floor":4,"key":"Strength Potion"}],"is_trial":false,"path_per_floor":["M","M"],"character_chosen":"THE_SPIRIT","items_purchased":["expansioncontent:QuickStudy+1","hexamod:ExtraCrispy","hexamod:BurningTouch+1","hexamod:TurnItUp+1"],"campfire_rested":0,"item_purchase_floors":[0,0,0,3],"current_hp_per_floor":[52,34,34],"gold":191,"neow_bonus":"THREE_CARDS","is_daily":false,"chose_seed":false,"campfire_upgraded":0,"win_rate":0.0,"timestamp":1608764687,"path_taken":[],"items_purchased_type":["Card","Card","Card","Card"],"build_version":"2020-12-22","purchased_purges":0,"victory":false,"max_hp_per_floor":[63,63,63],"relic_stats":{"counters":[2,18],"obtain_stats":[{"hexamod:CandleOfCauterizing":3,"Philosopher\u0027s Stone":3,"Incense Burner":0,"Toxic Egg 2":0,"hexamod:SpiritBrand":0,"InkBottle":3},{"hexamod:CandleOfCauterizing":1,"Philosopher\u0027s Stone":1,"Incense Burner":0,"Toxic Egg 2":0,"hexamod:SpiritBrand":0,"InkBottle":1},{"hexamod:CandleOfCauterizing":10,"Philosopher\u0027s Stone":10,"Incense Burner":0,"Toxic Egg 2":0,"hexamod:SpiritBrand":0,"InkBottle":10}],"InkBottle":[3]},"card_choices":[{"not_picked":["hexamod:PhantomFireball","hexamod:GhostLash"],"picked":"hexamod:HauntingEcho","floor":0},{"not_picked":["hexamod:SpectersWail","hexamod:SwordOfDarkness"],"picked":"hexamod:RainOfEmbers","floor":0},{"not_picked":["hexamod:GhostOfSpirePast","hexamod:FastForward"],"picked":"hexamod:NightmareStrike","floor":0},{"not_picked":["hexamod:AdvancingGuard","hexamod:RainOfEmbers"],"picked":"hexamod:GhostLash","floor":0},{"not_picked":["hexamod:InspiringFlames+1","hexamod:AdvancingGuard+1"],"picked":"hexamod:NightmareGuise+1","floor":0},{"not_picked":["hexamod:NightmareGuise+1","hexamod:PhantomCloak"],"picked":"hexamod:FastForward+1","floor":0},{"not_picked":["hexamod:RadiantFlame","hexamod:HeatCrush"],"picked":"hexamod:BurningTouch+1","floor":0},{"not_picked":["hexamod:InspiringFlames+1","hexamod:BurningTouch+1"],"picked":"hexamod:Toasty","floor":0},{"not_picked":["hexamod:SwordOfDarkness","hexamod:HeatShield+1"],"picked":"hexamod:NightmareGuise+1","floor":1},{"not_picked":["hexamod:ParanormalForm","hexamod:GhostflameInferno+1"],"picked":"hexamod:TimeOfNeed+1","floor":3},{"not_picked":["hexamod:FirstSeal","hexamod:PhantomCloak"],"picked":"hexamod:ShieldOfDarkness+1","floor":3},{"not_picked":["hexamod:RecurringNightmare+1","hexamod:CatchUp+1"],"picked":"hexamod:GhostflameBarrier+1","floor":3},{"not_picked":["hexamod:Firestarter","hexamod:RecurringNightmare+1"],"picked":"hexamod:VolcanoVisage","floor":3},{"not_picked":["hexamod:SpectralAdrenaline+1","hexamod:GhostShield+1"],"picked":"hexamod:EtherealExpedition+1","floor":3},{"not_picked":["hexamod:SpectersWail","hexamod:GhostflameBarrier+1"],"picked":"hexamod:CrushingStance","floor":3},{"not_picked":["hexamod:NightmareGuise+1","hexamod:BacktrackSmack"],"picked":"hexamod:FastForward+1","floor":3},{"not_picked":["hexamod:ThermalTransfer","hexamod:BacktrackSmack"],"picked":"hexamod:HauntingEcho+1","floor":3},{"not_picked":["hexamod:NightmareGuise+1","hexamod:SwordOfDarkness","hexamod:SpectersWail"],"picked":"SKIP","floor":4}],"player_experience":1616466,"relics_obtained":[{"floor":0,"key":"Incense Burner"},{"floor":0,"key":"Toxic Egg 2"},{"floor":3,"key":"hexamod:CandleOfCauterizing"},{"floor":3,"key":"InkBottle"}],"event_choices":[],"is_beta":false,"boss_relics":[],"items_purged_floors":[],"is_endless":false,"potions_floor_spawned":[1,4],"killed_by":"downfall:Ironclad","ascension_level":15}}