{"host":"newqdrzxfhh2im9e","time":1608692294,"event":{"mods":["AchievementEnabler","BaseMod","BetterRewards","Block Reminder","Colored Map","Jorbs\u0027s Wanderer Trilogy","Minty Spire (QoL Compilation)","Rare Cards Sparkle","Shop Mod","StSLib"],"gold_per_floor":[12,112,131,6,23,23,54,54,78,253,253,253,253,270,270,270,270],"floor_reached":16,"playtime":510,"items_purged":[],"score":100,"play_id":"3649debe-43cb-4a59-85e8-de302c0fc934","local_time":"20201222185814","is_ascension_mode":false,"campfire_choices":[{"data":"Bullet Time","floor":6,"key":"SMITH"},{"floor":8,"key":"REST"},{"floor":13,"key":"REST"},{"floor":15,"key":"REST"}],"circlet_count":0,"master_deck":["Strike_G","Strike_G","Strike_G","Strike_G","Strike_G","Defend_G","Defend_G","Defend_G","Defend_G","Defend_G","Survivor","Neutralize","Bullet Time+1","Footwork","Flying Knee","Good Instincts","Escape Plan","Escape Plan","Glass Knife","Doubt","Backstab"],"relics":["Ring of the Snake","Juzu Bracelet","Pen Nib","Blue Candle"],"acts_visited":["Exordium"],"potions_floor_usage":[7,11,16],"damage_taken":[{"damage":0,"enemies":"2 Louse","floor":1,"turns":4},{"damage":0,"enemies":"Cultist","floor":3,"turns":5},{"damage":0,"enemies":"Jaw Worm","floor":5,"turns":4},{"damage":55,"enemies":"3 Sentries","floor":7,"turns":15},{"damage":0,"enemies":"2 Fungi Beasts","floor":11,"turns":1},{"damage":7,"enemies":"Blue Slaver","floor":14,"turns":4},{"damage":74,"enemies":"Hexaghost","floor":16,"turns":14}],"seed_played":"5922155783083053383","potions_obtained":[{"floor":5,"key":"SkillPotion"},{"floor":7,"key":"SmokeBomb"},{"floor":14,"key":"Regen Potion"}],"is_trial":false,"path_per_floor":["M","?","M","$","M","R","E","R","T","?","M","?","R","M","R","B"],"character_chosen":"THE_SILENT","items_purchased":["Good Instincts","Escape Plan"],"campfire_rested":3,"item_purchase_floors":[4,4],"current_hp_per_floor":[70,70,70,70,70,70,15,36,36,36,36,24,45,38,59,0,0],"gold":270,"neow_bonus":"THREE_RARE_CARDS","is_daily":false,"chose_seed":false,"campfire_upgraded":1,"win_rate":0.0,"timestamp":1608692294,"path_taken":["M","?","M","$","M","R","E","R","T","?","M","?","R","M","R","BOSS"],"items_purchased_type":["Card","Card"],"build_version":"2020-12-13","purchased_purges":0,"victory":false,"max_hp_per_floor":[70,70,70,70,70,70,70,70,70,70,70,70,70,70,70,70,70],"card_choices":[{"not_picked":["Grand Finale","Wraith Form v2"],"picked":"Bullet Time","floor":0},{"not_picked":["Dagger Throw","Outmaneuver"],"picked":"Footwork","floor":1},{"not_picked":["Eviscerate","Cloak And Dagger"],"picked":"Flying Knee","floor":3},{"not_picked":["Blade Dance","Deadly Poison"],"picked":"Escape Plan","floor":5},{"not_picked":["Expertise","Backstab"],"picked":"Glass Knife","floor":7},{"not_picked":["Slice","Poisoned Stab"],"picked":"Backstab","floor":14}],"player_experience":633490,"relics_obtained":[{"floor":7,"key":"Juzu Bracelet"},{"floor":9,"key":"Pen Nib"}],"event_choices":[{"damage_healed":0,"gold_gain":100,"player_choice":"Pray","damage_taken":0,"max_hp_gain":0,"max_hp_loss":0,"event_name":"Golden Shrine","floor":2,"gold_loss":0},{"damage_healed":0,"gold_gain":175,"player_choice":"AGREE","damage_taken":0,"max_hp_gain":0,"max_hp_loss":0,"event_name":"Liars Game","floor":10,"gold_loss":0,"cards_obtained":["Doubt"]},{"damage_healed":0,"gold_gain":0,"player_choice":"Success","damage_taken":12,"relics_obtained":["Blue Candle"],"max_hp_gain":0,"max_hp_loss":0,"event_name":"Scrap Ooze","floor":12,"gold_loss":0}],"is_beta":false,"boss_relics":[],"items_purged_floors":[],"is_endless":false,"potions_floor_spawned":[5,7,11,14],"killed_by":"Hexaghost","ascension_level":0}}