{"host":"627up2rvtmm0cf0r","time":1608730678,"event":{"mods":["ATMod(阿瑾Mod)","Act Like it!","BaseMod","CapriCore","Card Filter","Card Forge","DeckTracker","Dota2Spire","Friendly Minions","Highlight Path","Minty Spire (QoL Compilation)","MostiFishMod","Permanent Neow","Quick Restart","Relic Stats","Shop Mod","Spicy Shops","StSLib","SuperFastMode","TestMod","[地精首领爬塔]The Maniac","【遗物卡牌】REMEMod","篝火指南"],"gold_per_floor":[116,116,291,312,329,329,356,356,356,356,71,93,93,122,34,245,245,270,286,334,334,434,575,253,273,273,409,522,542,564,705,343,581,581,699,717,271,271,457,599,599,680,680,820,845,1011,1014,1014],"floor_reached":47,"playtime":1832,"items_purged":["Doubt","Vigilance","Eruption","Defend_P","Defend_P"],"score":1160,"play_id":"0b31da1e-96a8-4baf-89da-05cb1e90858e","local_time":"20201223213758","is_ascension_mode":true,"campfire_choices":[{"data":"AT_FamilyPortrait","floor":6.0,"key":"SMITH"},{"data":"MostiFishMod:KingOfFree","floor":8.0,"key":"SMITH"},{"floor":13.0,"key":"RECALL"}],"circlet_count":0,"master_deck":["Strike_P","Strike_P","Strike_P","Strike_P","Defend_P","Defend_P","AT_FamilyPortrait+1","MostiFishMod:KingOfFree+1","MostiFishMod:StarOceanP","MostiFishMod:PathToVictory+1"],"relics":["PureWater","Hammer of Thor","Seething Fire","Anvil of the Gods","DaveBox","testmod-TestBox","REME_ComplimentaryCards","AT_ATBox","Dota2Spire:UrnOfShadows","testmod-CrystalShield","RhineSuit","Unceasing Top","Regal Pillow","testmod-HeartOfStrike","testmod-TheFather","Dota2Spire:MaskOfMadness","AT_TheCollector","GuanYuAspect","testmod-LifeArmor","AT_BladeRuinedKing","Dota2Spire:MonkeyKingBar","Dota2Spire:Desolator","testmod-Alchemist","WingedGreaves","Dota2Spire:HandOfMidas","testmod-EnergyCheck","Frozen Egg 2","Gambling Chip","DianDianMeat","AT_Kusabimaru","testmod-Hope","Eternal Feather"],"acts_visited":["Exordium","TheCity","TheBeyond"],"potions_floor_usage":[35],"damage_taken":[{"damage":0.0,"enemies":"Small Slimes","floor":1.0,"turns":2.0},{"damage":0.0,"enemies":"Jaw Worm","floor":4.0,"turns":2.0},{"damage":0.0,"enemies":"2 Louse","floor":5.0,"turns":2.0},{"damage":0.0,"enemies":"Gremlin Nob","floor":7.0,"turns":2.0},{"damage":0.0,"enemies":"Large Slime","floor":12.0,"turns":1.0},{"damage":0.0,"enemies":"Lagavulin","floor":14.0,"turns":4.0},{"damage":0.0,"enemies":"Slime Boss","floor":16.0,"turns":3.0},{"damage":0.0,"enemies":"3 Byrds","floor":18.0,"turns":2.0},{"damage":0.0,"enemies":"Shell Parasite","floor":19.0,"turns":3.0},{"damage":0.0,"enemies":"Cultist and Chosen","floor":20.0,"turns":2.0},{"damage":0,"enemies":"Gremlin Leader","floor":23,"turns":2},{"damage":0,"enemies":"Snake Plant","floor":25,"turns":1},{"damage":14,"enemies":"Book of Stabbing","floor":27,"turns":2},{"damage":0,"enemies":"Sentry and Sphere","floor":28,"turns":2},{"damage":0,"enemies":"Shelled Parasite and Fungi","floor":29,"turns":2},{"damage":0,"enemies":"Snecko","floor":30,"turns":2},{"damage":6,"enemies":"Gremlin Leader","floor":31,"turns":2},{"damage":12,"enemies":"Champ","floor":33,"turns":4},{"damage":17,"enemies":"3 Shapes","floor":35,"turns":2},{"damage":0,"enemies":"3 Darklings","floor":36,"turns":1},{"damage":3,"enemies":"Mind Bloom Boss Battle","floor":39,"turns":2},{"damage":0,"enemies":"Reptomancer","floor":40,"turns":2},{"damage":0,"enemies":"Transient","floor":42,"turns":3},{"damage":0,"enemies":"Giant Head","floor":44,"turns":3},{"damage":0,"enemies":"Spire Growth","floor":45,"turns":1},{"damage":0,"enemies":"Reptomancer","floor":46,"turns":2},{"damage":45,"enemies":"Nemesis","floor":47,"turns":2}],"seed_played":"8495388179192910837","potions_obtained":[{"floor":4.0,"key":"Regen Potion"},{"floor":5.0,"key":"SkillPotion"},{"floor":14.0,"key":"testmod-TestPotion"},{"floor":19.0,"key":"REME_GoldPotion"},{"floor":25,"key":"ColorlessPotion"},{"floor":35,"key":"testmod-SpacePotion"},{"floor":39,"key":"Explosive Potion"},{"floor":42,"key":"EssenceOfSteel"}],"is_trial":false,"path_per_floor":["M","?","?","M","M","R","E","R","T","?","$","M","R","E","R","B",null,"M","M","M","?","?","E","R","M","T","E","M","M","M","E","R","B",null,"M","M","$","?","?","E","?","M","T","E","M","E","E"],"character_chosen":"WATCHER","items_purchased":["testmod-TheFather","AT_TheCollector","AT_BladeRuinedKing","WingedGreaves","Dota2Spire:HandOfMidas","Frozen Egg 2"],"campfire_rested":0,"item_purchase_floors":[11,15,24,32,32,37],"current_hp_per_floor":[66,63,63,64,64,64,65,65,65,65,65,65,65,66,66,68,36,36,36,36,36,36,36,36,36,36,24,35,36,36,32,32,36,36,30,36,36,34,34,34,34,34,34,35,35,35,0,0],"gold":1014,"neow_bonus":"RANDOM_COMMON_RELIC","is_daily":false,"chose_seed":false,"campfire_upgraded":2,"win_rate":0.0,"timestamp":1608730678,"path_taken":["M","?","?","?","M","R","E","R","T","?","$","M","R","E","R","BOSS","M","M","M","?","?","E","R","M","T","E","M","M","M","E","R","BOSS","M","M","$","?","?","E","?","M","T","E","?","E","E"],"items_purchased_type":["Relic","Relic","Relic","Relic","Relic","Relic"],"build_version":"2020-12-22","purchased_purges":5,"victory":false,"max_hp_per_floor":[72,72,72,72,72,72,72,72,72,72,72,72,72,72,72,72,36,36,36,36,36,36,36,36,36,36,36,36,36,36,36,36,36,36,36,36,36,34,34,34,34,34,34,35,35,35,35,35],"relic_stats":{"Regal Pillow":0,"counters":[27,58],"Gambling Chip":[23],"Eternal Feather":0,"obtain_stats":[{"testmod-HeartOfStrike":9,"Dota2Spire:MaskOfMadness":14,"Regal Pillow":7,"AT_ATBox":0,"DaveBox":0,"RhineSuit":0,"Hammer of Thor":0,"testmod-LifeArmor":23,"testmod-CrystalShield":0,"testmod-Alchemist":31,"AT_Kusabimaru":43,"GuanYuAspect":17,"Gambling Chip":39,"testmod-TheFather":11,"WingedGreaves":32,"DianDianMeat":40,"Dota2Spire:HandOfMidas":32,"testmod-TestBox":0,"Dota2Spire:UrnOfShadows":0,"Eternal Feather":46,"AT_BladeRuinedKing":24,"Seething Fire":0,"Frozen Egg 2":37,"Anvil of the Gods":0,"AT_TheCollector":15,"testmod-Hope":44,"PureWater":0,"Dota2Spire:MonkeyKingBar":26,"testmod-EnergyCheck":34,"Unceasing Top":2,"REME_ComplimentaryCards":0,"Dota2Spire:Desolator":27},{"testmod-HeartOfStrike":4,"Dota2Spire:MaskOfMadness":6,"Regal Pillow":4,"AT_ATBox":0,"DaveBox":0,"RhineSuit":0,"Hammer of Thor":0,"testmod-LifeArmor":11,"testmod-CrystalShield":0,"testmod-Alchemist":17,"AT_Kusabimaru":23,"GuanYuAspect":7,"Gambling Chip":21,"testmod-TheFather":4,"WingedGreaves":17,"DianDianMeat":22,"Dota2Spire:HandOfMidas":17,"testmod-TestBox":0,"Dota2Spire:UrnOfShadows":0,"Eternal Feather":26,"AT_BladeRuinedKing":11,"Seething Fire":0,"Frozen Egg 2":20,"Anvil of the Gods":0,"AT_TheCollector":6,"testmod-Hope":24,"PureWater":0,"Dota2Spire:MonkeyKingBar":12,"testmod-EnergyCheck":18,"Unceasing Top":1,"REME_ComplimentaryCards":0,"Dota2Spire:Desolator":13},{"testmod-HeartOfStrike":8,"Dota2Spire:MaskOfMadness":13,"Regal Pillow":8,"AT_ATBox":0,"DaveBox":0,"RhineSuit":0,"Hammer of Thor":0,"testmod-LifeArmor":25,"testmod-CrystalShield":0,"testmod-Alchemist":36,"AT_Kusabimaru":50,"GuanYuAspect":16,"Gambling Chip":45,"testmod-TheFather":8,"WingedGreaves":36,"DianDianMeat":47,"Dota2Spire:HandOfMidas":36,"testmod-TestBox":0,"Dota2Spire:UrnOfShadows":0,"Eternal Feather":56,"AT_BladeRuinedKing":25,"Seething Fire":0,"Frozen Egg 2":43,"Anvil of the Gods":0,"AT_TheCollector":13,"testmod-Hope":53,"PureWater":0,"Dota2Spire:MonkeyKingBar":26,"testmod-EnergyCheck":40,"Unceasing Top":2,"REME_ComplimentaryCards":0,"Dota2Spire:Desolator":28}],"Unceasing Top":[2]},"card_choices":[{"not_picked":["SashWhip","Consecrate","ForeignInfluence"],"picked":"SKIP","floor":1.0},{"not_picked":["EmptyBody","TalkToTheHand","Collect"],"picked":"SKIP","floor":4.0},{"not_picked":["InnerPeace","Halt","SashWhip"],"picked":"SKIP","floor":5.0},{"not_picked":["FollowUp","Prostrate","MostiFishMod:LegendTransform"],"picked":"SKIP","floor":7.0},{"not_picked":["Prostrate","REME_MusicOfDeath","MostiFishMod:ScryFuture"],"picked":"SKIP","floor":12.0},{"not_picked":["CrushJoints","Prostrate","AT_OneInchPunch"],"picked":"SKIP","floor":14.0},{"not_picked":["REME_Repentance","PathToVictory+1","Protect+1"],"picked":"SKIP","floor":18.0},{"not_picked":["ThirdEye","CarveReality+1","FollowUp"],"picked":"SKIP","floor":19.0},{"not_picked":["REME_Repentance","Sanctity","Adaptation"],"picked":"SKIP","floor":20.0},{"not_picked":["Crescendo","Prostrate","Tantrum"],"picked":"SKIP","floor":23},{"not_picked":["Crescendo","Prostrate","Tantrum"],"picked":"SKIP","floor":23},{"not_picked":["FlyingSleeves","Indignation","DeceiveReality+1"],"picked":"SKIP","floor":25},{"not_picked":["ForeignInfluence","MostiFishMod:Clarity+1","Weave"],"picked":"SKIP","floor":27},{"not_picked":["Alpha","InnerPeace","FlurryOfBlows"],"picked":"SKIP","floor":28},{"not_picked":["FollowUp","Swivel","Consecrate"],"picked":"SKIP","floor":29},{"not_picked":["Consecrate","SignatureMove+1","FlyingSleeves+1"],"picked":"SKIP","floor":30},{"not_picked":["Wallop","MostiFishMod:FlowState+1","SashWhip+1"],"picked":"SKIP","floor":31},{"not_picked":["MostiFishMod:KamiSmash","Scrawl"],"picked":"MostiFishMod:StarOceanP","floor":33},{"not_picked":["InnerPeace","EmptyFist","SashWhip"],"picked":"SKIP","floor":35},{"not_picked":["FlyingSleeves+1","SashWhip","REME_Repentance+1"],"picked":"SKIP","floor":36},{"not_picked":["Sanctity","Evaluate","CarveReality+1"],"picked":"SKIP","floor":40},{"not_picked":["Worship","Meditate+1","JustLucky+1"],"picked":"SKIP","floor":42},{"not_picked":["CutThroughFate+1","REME_MusicOfDeath+1","REME_Repentance+1"],"picked":"MostiFishMod:PathToVictory+1","floor":44},{"not_picked":["ConjureBlade","Prostrate+1","EmptyBody"],"picked":"SKIP","floor":45},{"not_picked":["EmptyBody+1","SashWhip","Consecrate"],"picked":"SKIP","floor":46}],"player_experience":25702,"relics_obtained":[{"floor":7.0,"key":"Regal Pillow"},{"floor":9.0,"key":"testmod-HeartOfStrike"},{"floor":14.0,"key":"Dota2Spire:MaskOfMadness"},{"floor":23,"key":"testmod-LifeArmor"},{"floor":26,"key":"Dota2Spire:MonkeyKingBar"},{"floor":27,"key":"Dota2Spire:Desolator"},{"floor":31,"key":"testmod-Alchemist"},{"floor":39,"key":"Gambling Chip"},{"floor":40,"key":"DianDianMeat"},{"floor":43,"key":"AT_Kusabimaru"},{"floor":44,"key":"testmod-Hope"},{"floor":46,"key":"Eternal Feather"}],"event_choices":[{"damage_healed":0.0,"max_hp_gain":0.0,"max_hp_loss":0.0,"gold_gain":0.0,"event_name":"Scrap Ooze","player_choice":"Success","floor":2.0,"gold_loss":0.0,"damage_taken":3.0,"relics_obtained":["Unceasing Top"]},{"damage_healed":0.0,"max_hp_gain":0.0,"max_hp_loss":0.0,"gold_gain":175.0,"event_name":"Liars Game","player_choice":"AGREE","floor":3.0,"gold_loss":0.0,"damage_taken":0.0,"cards_obtained":["Doubt"]},{"damage_healed":0.0,"max_hp_gain":0.0,"max_hp_loss":0.0,"gold_gain":0.0,"event_name":"给自己的盒子","player_choice":"Ignored","floor":10.0,"gold_loss":0.0,"damage_taken":0.0},{"damage_healed":0,"gold_gain":0,"player_choice":"Ignored","damage_taken":0,"max_hp_gain":0,"max_hp_loss":0,"event_name":"Cursed Tome","floor":21,"gold_loss":0},{"damage_healed":0,"gold_gain":100,"player_choice":"Pray","damage_taken":0,"max_hp_gain":0,"max_hp_loss":0,"event_name":"Golden Shrine","floor":22,"gold_loss":0},{"damage_healed":0,"gold_gain":0,"player_choice":"Max HP","damage_taken":0,"max_hp_gain":0,"max_hp_loss":2,"event_name":"Winding Halls","floor":38,"gold_loss":0},{"damage_healed":0,"gold_gain":0,"player_choice":"Fight","damage_taken":0,"max_hp_gain":0,"max_hp_loss":0,"event_name":"MindBloom","floor":39,"gold_loss":0},{"damage_healed":0,"gold_gain":0,"player_choice":"Ignored","damage_taken":0,"max_hp_gain":0,"max_hp_loss":0,"event_name":"Tomb of Lord Red Mask","floor":41,"gold_loss":0}],"is_beta":false,"boss_relics":[{"not_picked":["Fusion Hammer","Ectoplasm"],"picked":"GuanYuAspect"},{"not_picked":["TimeKeys","testmod-StringDisintegrator"],"picked":"testmod-EnergyCheck"}],"items_purged_floors":[24,24,32,37,37],"is_endless":false,"potions_floor_spawned":[4,5,14,16,18,19,25,28,29,33,35,39,42],"killed_by":"Nemesis","ascension_level":7}}