{"host":"fmtvje4mks8zli8e","time":1608689077,"event":{"mods":["AchievementEnabler","AlwaysNeverKeys","BaseMod","BetterRewards","Minty Spire (QoL Compilation)","READ ME - Guardian Mod","Remove Card Discount Mod","StSLib","The Cursed","The Druid","The Servant 0.9.4","The Wild Card"],"gold_per_floor":[114,10,22,97,97,130,141,141,141,170,190,216,9,9,9,110,110,128,128,128,10,25,58,73,108,108,139,238,238,250,267,267,362,412,423,423,436,449,1,29,29,65,124,124,124,166,193,217,217,217,217,217,9,39,39],"floor_reached":56,"playtime":2639,"items_purged":["Strike_G","Strike_G","Strike_G","Strike_G","Pain","Doubt","Injury"],"score":2718,"play_id":"ba5acf18-9c43-4c47-89b9-3a4f8401652f","local_time":"20201222200437","is_ascension_mode":true,"campfire_choices":[{"floor":8,"key":"DIG"},{"floor":15,"key":"DIG"},{"floor":32,"key":"DIG"},{"floor":41,"key":"DIG"},{"floor":44,"key":"DIG"},{"floor":49,"key":"DIG"},{"floor":52,"key":"DIG"}],"circlet_count":0,"master_deck":["AscendersBane","Strike_G+1","Defend_G+1","Defend_G+1","Defend_G+1","Defend_G+1","Defend_G+1","Survivor+1","Neutralize","Footwork","Cloak And Dagger","Caltrops+1","Panache+1","Accuracy+1","Sucker Punch","A Thousand Cuts+1","Noxious Fumes+1","Backflip","Sucker Punch","Dagger Throw+1","Acrobatics","Backflip","Slice+1","Caltrops+1","Poisoned Stab","Slice+1","Escape Plan","Adrenaline","Blade Dance","Deflect","Footwork+1","Noxious Fumes+1","Backflip+1","Heel Hook+1","Slice+1","Deflect+1","Caltrops+1","Blur+1","Cloak And Dagger","A Thousand Cuts+1","Tools of the Trade+1","Infinite Blades+1","Accuracy+1"],"relics":["Ring of the Snake","War Paint","Singing Bowl","Lee\u0027s Waffle","Shovel","Frozen Egg 2","Letter Opener","Orrery","The Courier","Thread and Needle","Darkstone Periapt","Lantern","Dream Catcher","Molten Egg 2","Akabeko","Cursed Key","Juzu Bracelet","Gremlin Horn","Bronze Scales","Prayer Wheel","Pantograph","Kunai","Mummified Hand","Tiny House","CeramicFish","TheAbacus","InkBottle","Paper Crane","Torii","HornCleat","Art of War","The Specimen","Mercury Hourglass","Bottled Tornado","StrikeDummy","Pear","Snake Skull"],"acts_visited":["Exordium","TheCity","TheBeyond","TheEnding"],"potions_floor_usage":[10,16,50,55,55],"damage_taken":[{"damage":4,"enemies":"Cultist","floor":1,"turns":4},{"damage":0,"enemies":"Small Slimes","floor":3,"turns":2},{"damage":26,"enemies":"3 Sentries","floor":6,"turns":8},{"damage":0,"enemies":"2 Louse","floor":7,"turns":2},{"damage":4,"enemies":"Gremlin Nob","floor":10,"turns":4},{"damage":2,"enemies":"Exordium Thugs","floor":11,"turns":4},{"damage":1,"enemies":"Lagavulin","floor":12,"turns":5},{"damage":1,"enemies":"Slime Boss","floor":16,"turns":6},{"damage":0,"enemies":"Shell Parasite","floor":18,"turns":3},{"damage":0,"enemies":"3 Byrds","floor":22,"turns":2},{"damage":0,"enemies":"Gremlin Leader","floor":23,"turns":3},{"damage":0,"enemies":"Snecko","floor":24,"turns":5},{"damage":12,"enemies":"Slavers","floor":25,"turns":2},{"damage":5,"enemies":"Gremlin Leader","floor":27,"turns":4},{"damage":3,"enemies":"Centurion and Healer","floor":30,"turns":3},{"damage":0,"enemies":"Shelled Parasite and Fungi","floor":31,"turns":3},{"damage":1,"enemies":"Collector","floor":33,"turns":5},{"damage":4,"enemies":"3 Darklings","floor":35,"turns":2},{"damage":0,"enemies":"Orb Walker","floor":37,"turns":2},{"damage":15,"enemies":"Spire Growth","floor":38,"turns":4},{"damage":0,"enemies":"Reptomancer","floor":40,"turns":3},{"damage":0,"enemies":"Giant Head","floor":42,"turns":7},{"damage":0,"enemies":"Reptomancer","floor":46,"turns":4},{"damage":21,"enemies":"Writhing Mass","floor":47,"turns":3},{"damage":0,"enemies":"4 Shapes","floor":48,"turns":2},{"damage":0,"enemies":"Awakened One","floor":50,"turns":6},{"damage":17,"enemies":"Shield and Spear","floor":54,"turns":2},{"damage":64,"enemies":"The Heart","floor":55,"turns":6}],"seed_played":"6376364783350756163","potions_obtained":[{"floor":6,"key":"AttackPotion"},{"floor":10,"key":"Block Potion"},{"floor":11,"key":"Strength Potion"},{"floor":18,"key":"LiquidMemories"},{"floor":54,"key":"Swift Potion"}],"is_trial":false,"path_per_floor":["M","$","M","?","?","E","M","R","T","E","M","E","$","?","R","B",null,"M","?","?","$","M","E","M","E","T","E","?","T","M","M","R","B",null,"M","?","M","M","$","E","R","E","T","R","?","E","M","M","R","B",null,"R","$","E","B",null],"character_chosen":"THE_SILENT","items_purchased":["War Paint","Footwork","Singing Bowl","Cloak And Dagger","Lee\u0027s Waffle","Shovel","Caltrops","Frozen Egg 2","Letter Opener","Panache+1","Accuracy+1","Orrery","Sucker Punch","Dagger Throw","Acrobatics","Backflip","Caltrops+1","Poisoned Stab","Molten Egg 2","Juzu Bracelet","CeramicFish","TheAbacus","InkBottle","Pear"],"campfire_rested":0,"item_purchase_floors":[0,0,0,0,0,0,0,0,0,0,0,0,0,0,0,0,2,2,13,21,39,39,39,53],"current_hp_per_floor":[75,75,77,66,50,26,28,28,28,26,24,23,23,23,23,22,71,71,71,71,71,73,73,73,61,67,62,62,68,67,67,67,93,107,107,107,109,98,98,100,100,100,106,106,106,106,87,89,89,114,128,128,138,123,80],"gold":39,"neow_bonus":"","is_daily":false,"chose_seed":false,"campfire_upgraded":0,"win_rate":0.0,"timestamp":1608689077,"path_taken":["M","?","?","?","?","E","M","R","T","E","M","E","$","?","R","BOSS","M","?","?","$","M","E","M","E","T","E","?","?","M","M","R","BOSS","M","?","M","M","?","E","R","E","T","R","?","E","M","M","R","BOSS","R","$","E","BOSS"],"items_purchased_type":["Relic","Card","Relic","Card","Relic","Relic","Card","Relic","Relic","Card","Card","Relic","Card","Card","Card","Card","Card","Card","Relic","Relic","Relic","Relic","Relic","Relic"],"build_version":"2020-12-13","purchased_purges":7,"victory":true,"max_hp_per_floor":[79,79,81,81,81,83,85,85,85,87,87,87,87,87,87,87,87,87,87,87,87,89,89,89,89,95,95,95,101,103,103,103,105,110,114,114,116,120,120,122,122,122,128,128,128,128,130,132,132,132,132,132,142,144,144],"card_choices":[{"not_picked":["Backstab","Dagger Throw"],"picked":"Sucker Punch","floor":0},{"not_picked":["Phantasmal Killer","All Out Attack","Acrobatics"],"picked":"Singing Bowl","floor":0},{"not_picked":["Dodge and Roll","Tactician"],"picked":"A Thousand Cuts+1","floor":0},{"not_picked":["Bane","Outmaneuver"],"picked":"Noxious Fumes+1","floor":0},{"not_picked":["Bane","Sucker Punch"],"picked":"Backflip","floor":0},{"not_picked":["Dagger Spray","Flying Knee"],"picked":"Slice","floor":1},{"not_picked":["Backflip","Bane","Dash"],"picked":"Singing Bowl","floor":3},{"not_picked":["Flying Knee","Backstab","Storm of Steel"],"picked":"Singing Bowl","floor":6},{"not_picked":["Dagger Spray","Dash","Distraction"],"picked":"Singing Bowl","floor":7},{"not_picked":["Outmaneuver","Dagger Spray","Dash"],"picked":"Singing Bowl","floor":10},{"not_picked":["Poisoned Stab","Prepared"],"picked":"Slice","floor":11},{"not_picked":["Choke","Tactician"],"picked":"Escape Plan","floor":12},{"not_picked":["Glass Knife+1","Storm of Steel"],"picked":"Adrenaline","floor":16},{"not_picked":["Slice+1","Reflex"],"picked":"Blade Dance","floor":18},{"not_picked":["Eviscerate+1","Bane+1","Poisoned Stab+1"],"picked":"Singing Bowl","floor":22},{"not_picked":["Deflect","PiercingWail"],"picked":"Footwork+1","floor":23},{"not_picked":["Backflip","Dagger Spray+1"],"picked":"Noxious Fumes+1","floor":24},{"not_picked":["Escape Plan","Backstab+1"],"picked":"Backflip+1","floor":25},{"not_picked":["Flechettes+1","Outmaneuver"],"picked":"Heel Hook+1","floor":27},{"not_picked":["Dagger Spray+1","Dodge and Roll","Flying Knee+1"],"picked":"Singing Bowl","floor":30},{"not_picked":["Storm of Steel","Backflip"],"picked":"Slice+1","floor":30},{"not_picked":["Quick Slash+1","Deadly Poison+1"],"picked":"Deflect+1","floor":31},{"not_picked":["Underhanded Strike+1","Slice+1"],"picked":"Caltrops+1","floor":31},{"not_picked":["Venomology","Die Die Die+1","Burst"],"picked":"Singing Bowl","floor":33},{"not_picked":["Deflect+1","Cloak And Dagger"],"picked":"Blur+1","floor":34},{"not_picked":["Terror","Slice+1","Expertise"],"picked":"Singing Bowl","floor":35},{"not_picked":["Venomology","Crippling Poison","Deadly Poison"],"picked":"Singing Bowl","floor":35},{"not_picked":["Dagger Throw+1","Heel Hook+1","Sucker Punch+1"],"picked":"Singing Bowl","floor":37},{"not_picked":["Well Laid Plans+1","Flying Knee+1"],"picked":"Cloak And Dagger","floor":37},{"not_picked":["Blade Dance","Doppelganger","Sucker Punch+1"],"picked":"Singing Bowl","floor":38},{"not_picked":["Escape Plan","Bouncing Flask+1","PiercingWail"],"picked":"Singing Bowl","floor":38},{"not_picked":["Bane+1","Slice+1","Dash+1"],"picked":"Singing Bowl","floor":40},{"not_picked":["Acrobatics+1","Catalyst"],"picked":"A Thousand Cuts+1","floor":42},{"not_picked":["Cloak And Dagger","Outmaneuver"],"picked":"Tools of the Trade+1","floor":46},{"not_picked":["Acrobatics","Finisher+1","Deflect+1"],"picked":"Singing Bowl","floor":47},{"not_picked":["PiercingWail+1","Acrobatics+1"],"picked":"Infinite Blades+1","floor":47},{"not_picked":["Concentrate","Heel Hook+1"],"picked":"Accuracy+1","floor":48},{"not_picked":["Slice+1","Quick Slash+1","Calculated Gamble+1"],"picked":"Singing Bowl","floor":48},{"not_picked":["Backstab+1","Dodge and Roll+1","Corpse Explosion"],"picked":"Singing Bowl","floor":54}],"player_experience":3015403,"relics_obtained":[{"floor":6,"key":"The Courier"},{"floor":8,"key":"Thread and Needle"},{"floor":9,"key":"Darkstone Periapt"},{"floor":10,"key":"Lantern"},{"floor":12,"key":"Dream Catcher"},{"floor":15,"key":"Akabeko"},{"floor":23,"key":"Gremlin Horn"},{"floor":25,"key":"Bronze Scales"},{"floor":26,"key":"Prayer Wheel"},{"floor":27,"key":"Pantograph"},{"floor":29,"key":"Kunai"},{"floor":32,"key":"Mummified Hand"},{"floor":40,"key":"Paper Crane"},{"floor":41,"key":"Torii"},{"floor":42,"key":"HornCleat"},{"floor":43,"key":"Art of War"},{"floor":44,"key":"The Specimen"},{"floor":46,"key":"Mercury Hourglass"},{"floor":49,"key":"Bottled Tornado"},{"floor":52,"key":"StrikeDummy"},{"floor":54,"key":"Snake Skull"}],"event_choices":[{"damage_healed":0,"gold_gain":75,"player_choice":"Gather Gold","damage_taken":11,"max_hp_gain":0,"max_hp_loss":0,"event_name":"World of Goop","floor":4,"gold_loss":0},{"damage_healed":0,"gold_gain":0,"player_choice":"Entered Light","damage_taken":16,"max_hp_gain":0,"max_hp_loss":0,"event_name":"Shining Light","floor":5,"gold_loss":0,"cards_upgraded":["Dagger Throw","Slice"]},{"damage_healed":0,"gold_gain":0,"player_choice":"Upgraded","damage_taken":0,"max_hp_gain":0,"max_hp_loss":0,"event_name":"Upgrade Shrine","floor":14,"gold_loss":0,"cards_upgraded":["Caltrops"]},{"damage_healed":0,"gold_gain":0,"player_choice":"Read","damage_taken":0,"max_hp_gain":0,"max_hp_loss":0,"event_name":"The Library","floor":19,"gold_loss":0,"cards_obtained":["Deflect"]},{"damage_healed":0,"gold_gain":0,"player_choice":"Simplicity","damage_taken":0,"max_hp_gain":0,"max_hp_loss":0,"event_name":"Back to Basics","floor":20,"gold_loss":0,"cards_upgraded":["Strike_G","Defend_G","Defend_G","Defend_G","Defend_G"]},{"damage_healed":0,"gold_gain":99,"player_choice":"Stole From Cult","damage_taken":0,"max_hp_gain":0,"max_hp_loss":0,"event_name":"Nest","floor":28,"gold_loss":0},{"damage_healed":0,"gold_gain":0,"player_choice":"Ignored","damage_taken":0,"max_hp_gain":0,"max_hp_loss":0,"event_name":"Transmorgrifier","floor":36,"gold_loss":0},{"damage_healed":0,"gold_gain":0,"player_choice":"Got Potions","damage_taken":0,"max_hp_gain":0,"max_hp_loss":0,"event_name":"Lab","floor":45,"gold_loss":0}],"is_beta":false,"boss_relics":[{"not_picked":["Philosopher\u0027s Stone","Busted Crown"],"picked":"Cursed Key"},{"not_picked":["Runic Pyramid","Snecko Eye"],"picked":"Tiny House"}],"items_purged_floors":[2,2,2,2,39,39,53],"is_endless":false,"potions_floor_spawned":[6,10,11,18,24,25,37,38,42,48,54],"ascension_level":11}}