{"host":"0azimyi6n3ugndj4","time":1608747909,"event":{"mods":["BaseMod","Bestiary","Conspire","Curses Come First","Defuse TimeMaze Blight","Hyrulean Relics","Infinite Spire","Minty Spire (QoL Compilation)","Relic Stats","Replay The Spire","StSLib","SuperFastMode","Uncapped","¡¼?Úª?ø«¡½REMEMod"],"gold_per_floor":[147,147,72,222,284,284,284],"floor_reached":6,"playtime":74,"items_purged":["Injury"],"score":143,"play_id":"9d52e948-a8b0-40c1-a4a3-1c852128c7af","local_time":"20201224032509","daily_mods":["Insanity","Chimera","Specialized","Vintage","ControlledChaos","Allstar","Diverse","Colorless Cards","Heirloom","Time Dilation","Binary","Elite Swarm","Lethality","Midas","Uncertain Future"],"is_ascension_mode":true,"campfire_choices":[],"circlet_count":0,"master_deck":["Demon Form","Wraith Form v2","Echo Form","DevaForm","AscendersBane","Bash","Survivor","Zap","Eruption","Strike_R","Strike_G","Strike_B","Defend_R","Defend_G","Defend_P","Leg Sweep","Hidden Blade","Vengeance","Second Wind","Turbo","Accuracy","Meditate","Conserve Battery","Deep Breath","EmptyBody","SandsOfTime","Quick Slash","Steam Power","BowlingBash","FlurryOfBlows","Beam Cell","BowlingBash","Prostrate","Backflip","Distraction","Finisher","FollowUp","Blizzard","ReplayTheSpireMod:Repulse","Blade Dance","Deadly Poison","REME_Compress","CarveReality","BasicCrystalCard","ReplayTheSpireMod:Speed Training","Second Wind","SignatureMove","Steam Power","ReplayTheSpireMod:Strike From Hell","Sucker Punch","REME_SelfUpgrade","Blade Dance","Rebound","Iron Wave","FTL","Infinite Blades","Havoc","Crystallizer","Evolve","Outmaneuver","Burning Pact","Backflip","Clash","CarveReality","Swift Strike","Madness","Madness","Madness","Madness","Madness","Impatience","Master of Strategy","Enlightenment","Jack Of All Trades","REME_MawOfCthun","Reboot","Doubt"],"relics":["Burning Blood","Frozen Eye","REME_ComplimentaryCards","infinitespire:Magic Flask","Art of War","Golden Idol","Quantum Egg"],"acts_visited":["Exordium"],"potions_floor_usage":[6],"damage_taken":[{"damage":52,"enemies":"Jaw Worm","floor":1,"turns":5},{"damage":15,"enemies":"2 Louse","floor":5,"turns":2},{"damage":25,"enemies":"3 Sentries","floor":6,"turns":2}],"seed_played":"8293164959259398806","potions_obtained":[{"floor":1,"key":"Death Potion"}],"is_trial":true,"path_per_floor":["M","?","$","?","M","E"],"character_chosen":"IRONCLAD","items_purchased":[],"campfire_rested":0,"item_purchase_floors":[],"current_hp_per_floor":[22,22,22,22,13,0,0],"gold":284,"neow_bonus":"","is_daily":false,"chose_seed":false,"campfire_upgraded":0,"win_rate":0.0,"timestamp":1608747909,"path_taken":["M","?","$","?","M","E"],"items_purchased_type":[],"build_version":"2020-12-22","purchased_purges":1,"victory":false,"max_hp_per_floor":[75,75,75,75,75,75,75],"relic_stats":{"counters":[3,9],"Golden Idol":5,"Art of War":[0],"obtain_stats":[{"Frozen Eye":0,"Golden Idol":2,"Quantum Egg":5,"Art of War":1,"infinitespire:Magic Flask":0,"Burning Blood":0,"REME_ComplimentaryCards":0},{"Frozen Eye":0,"Golden Idol":1,"Quantum Egg":2,"Art of War":1,"infinitespire:Magic Flask":0,"Burning Blood":0,"REME_ComplimentaryCards":0},{"Frozen Eye":0,"Golden Idol":5,"Quantum Egg":7,"Art of War":5,"infinitespire:Magic Flask":0,"Burning Blood":0,"REME_ComplimentaryCards":0}],"Burning Blood":12},"card_choices":[],"player_experience":1494490,"relics_obtained":[{"floor":1,"key":"Art of War"},{"floor":5,"key":"Quantum Egg"}],"event_choices":[{"damage_healed":0,"gold_gain":0,"player_choice":"Take Wound","damage_taken":0,"relics_obtained":["Golden Idol"],"max_hp_gain":0,"max_hp_loss":0,"event_name":"Golden Idol","floor":2,"gold_loss":0,"cards_obtained":["Injury"]},{"damage_healed":0,"gold_gain":150,"player_choice":"AGREE","damage_taken":0,"max_hp_gain":0,"max_hp_loss":0,"event_name":"Liars Game","floor":4,"gold_loss":0,"cards_obtained":["Doubt"]}],"is_beta":false,"boss_relics":[],"items_purged_floors":[3],"is_endless":false,"potions_floor_spawned":[1],"killed_by":"3 Sentries","ascension_level":20}}