{"host":"kdt6w7ix8lwe69i9","time":1608693665,"event":{"mods":["Bartender","BaseMod","Downfall","Fiend Mod","Jorbs\u0027s Wanderer Trilogy","Minty Spire (QoL Compilation)","Reimu（博丽灵梦）","Robot Space Explorer","StSLib","The Cursed","The Disciple","The Dragon Tamer","The Druid","The Elementalist","The Forsaken","The Gatherer","The Judge","TheBandit"],"gold_per_floor":[119,139,139,159,171,171,181,201,201,213,213,240,240,273,273,375,375,391,391,391,391,408,408,427,427,427,427,452,462,462,462,462,560,560,578,601,601,601,618,618,631,648,648,201,229,10,10,10,10,10,10,10,10,43,43,43],"floor_reached":55,"playtime":3383,"items_purged":[],"score":775,"play_id":"94dc0d16-86df-45c6-97a9-1f46e1873394","local_time":"20201222222105","is_ascension_mode":false,"campfire_choices":[{"data":"RobotSpaceExplorer:Blitz","floor":6,"key":"SMITH"},{"data":"RobotSpaceExplorer:StarDust","floor":13,"key":"SMITH"},{"data":"RobotSpaceExplorer:StarLightning","floor":15,"key":"SMITH"},{"data":"RobotSpaceExplorer:MiniBoosters","floor":23,"key":"SMITH"},{"data":"RobotSpaceExplorer:Comet","floor":27,"key":"SMITH"},{"data":"RobotSpaceExplorer:TurboDodge","floor":32,"key":"SMITH"},{"floor":40,"key":"RECALL"},{"data":"RobotSpaceExplorer:TrailblazerForm","floor":47,"key":"SMITH"},{"data":"RobotSpaceExplorer:TrailblazerForm","floor":49,"key":"SMITH"},{"data":"RobotSpaceExplorer:MiniDrones","floor":52,"key":"SMITH"}],"circlet_count":0,"master_deck":["RobotSpaceExplorer:Scan+1","RobotSpaceExplorer:MiniLasers","RobotSpaceExplorer:ImprovisedAttack+1","RobotSpaceExplorer:Blitz+1","RobotSpaceExplorer:StarLightning+1","RobotSpaceExplorer:SurgingStrike","RobotSpaceExplorer:MiniDrones+1","RobotSpaceExplorer:StarDust+1","RobotSpaceExplorer:SurgingStrike","RobotSpaceExplorer:Comet+1","RobotSpaceExplorer:ToxicBomb","RobotSpaceExplorer:PowerCollector","RobotSpaceExplorer:MiniDrones+1","RobotSpaceExplorer:MiniBoosters+1","RobotSpaceExplorer:TurboDodge+1","RobotSpaceExplorer:SlimeMissile","RobotSpaceExplorer:RigExplosive","RobotSpaceExplorer:GearShield+1","RobotSpaceExplorer:Probe","RobotSpaceExplorer:ScrapMissile","RobotSpaceExplorer:Blitz","RobotSpaceExplorer:TrailblazerForm+1","RobotSpaceExplorer:MiniBoosters+1","RobotSpaceExplorer:HighVoltage+1","RobotSpaceExplorer:PowerCollector+1","RobotSpaceExplorer:ScrapMissile","Madness+1","Madness+1","RobotSpaceExplorer:MiniBoosters+1","RobotSpaceExplorer:FranticSearch+1","RobotSpaceExplorer:TrailblazerForm+1","Madness+1","RobotSpaceExplorer:ScrapMissile+1","RobotSpaceExplorer:Pulsar+1"],"relics":["RobotSpaceExplorer:RoboCore","NeowsBlessing","Oddly Smooth Stone","Shuriken","CaptainsWheel","Bronze Scales","Pandora\u0027s Box","Vajra","MutagenicStrength","Toxic Egg 2","Eternal Feather","Ginger","Astrolabe","War Paint","Bottled Tornado","Art of War","Membership Card","Whetstone","White_Cape"],"acts_visited":["Exordium","TheCity","TheBeyond","TheEnding"],"potions_floor_usage":[12,14,14,24,28,28,28,29,35,35,35,35,41,41,42,45,50,50,55],"damage_taken":[{"damage":0,"enemies":"Jaw Worm","floor":1,"turns":1},{"damage":0,"enemies":"Cultist","floor":2,"turns":1},{"damage":0,"enemies":"2 Louse","floor":4,"turns":1},{"damage":8,"enemies":"Exordium Thugs","floor":5,"turns":5},{"damage":0,"enemies":"3 Louse","floor":7,"turns":3},{"damage":6,"enemies":"Exordium Wildlife","floor":8,"turns":2},{"damage":0,"enemies":"Large Slime","floor":10,"turns":5},{"damage":2,"enemies":"3 Sentries","floor":12,"turns":5},{"damage":7,"enemies":"Lagavulin","floor":14,"turns":5},{"damage":0,"enemies":"Slime Boss","floor":16,"turns":7},{"damage":2,"enemies":"3 Byrds","floor":18,"turns":3},{"damage":0,"enemies":"Chosen","floor":22,"turns":3},{"damage":0,"enemies":"3 Cultists","floor":24,"turns":4},{"damage":0,"enemies":"Book of Stabbing","floor":28,"turns":4},{"damage":11,"enemies":"Snecko","floor":29,"turns":4},{"damage":36,"enemies":"Automaton","floor":33,"turns":7},{"damage":4,"enemies":"3 Darklings","floor":35,"turns":3},{"damage":0,"enemies":"3 Shapes","floor":39,"turns":3},{"damage":2,"enemies":"Jaw Worm Horde","floor":41,"turns":4},{"damage":0,"enemies":"Transient","floor":42,"turns":5},{"damage":18,"enemies":"Reptomancer","floor":45,"turns":5},{"damage":53,"enemies":"Awakened One","floor":50,"turns":9},{"damage":30,"enemies":"Shield and Spear","floor":54,"turns":6},{"damage":56,"enemies":"The Heart","floor":55,"turns":2}],"seed_played":"-1179835008384439364","potions_obtained":[{"floor":2,"key":"SneckoOil"},{"floor":8,"key":"champ:CounterPotion"},{"floor":12,"key":"Dexterity Potion"},{"floor":14,"key":"SteroidPotion"},{"floor":18,"key":"ColorlessPotion"},{"floor":24,"key":"CultistPotion"},{"floor":33,"key":"EntropicBrew"},{"floor":39,"key":"SkillPotion"},{"floor":41,"key":"SteroidPotion"},{"floor":54,"key":"ColorlessPotion"}],"is_trial":false,"path_per_floor":["M","M","?","M","M","R","M","M","T","M","T","E","R","E","R","B",null,"M","?","T","?","M","R","M","?","T","R","E","M","?","?","R","B",null,"M","T","?","?","M","R","M","M","T","$","E","$","R","?","R","B",null,"R","$","E","B"],"character_chosen":"RobotSpaceExplorer","items_purchased":["Fruit Juice","Madness+1","Bottled Tornado","Membership Card","Whetstone"],"campfire_rested":0,"item_purchase_floors":[44,44,44,46,46],"current_hp_per_floor":[75,75,75,75,67,67,67,61,61,61,61,59,59,52,52,52,75,73,73,73,73,73,73,73,73,73,73,73,62,62,62,74,38,75,71,71,62,62,62,75,73,73,73,73,60,60,78,78,80,27,80,80,80,50,0,0],"gold":43,"neow_bonus":"THREE_ENEMY_KILL","is_daily":false,"chose_seed":false,"campfire_upgraded":9,"win_rate":0.0,"timestamp":1608693665,"path_taken":["M","M","?","?","M","R","M","M","T","M","?","E","R","E","R","BOSS","M","?","?","?","M","R","?","?","T","R","E","M","?","?","R","BOSS","M","?","?","?","M","R","?","M","T","?","E","$","R","?","R","BOSS","R","$","E","BOSS"],"items_purchased_type":["Potion","Card","Relic","Relic","Relic"],"build_version":"2020-12-13","purchased_purges":0,"victory":false,"max_hp_per_floor":[75,75,75,75,75,75,75,75,75,75,75,75,75,75,75,75,75,75,75,75,75,75,75,75,75,75,75,75,75,75,75,75,75,75,75,75,75,75,75,75,75,75,75,75,80,80,80,80,80,80,80,80,80,80,80,80],"card_choices":[{"not_picked":["RobotSpaceExplorer:SlimeMissile","RobotSpaceExplorer:SurgingShield"],"picked":"RobotSpaceExplorer:ImprovisedAttack","floor":1},{"not_picked":["RobotSpaceExplorer:GlueShot","RobotSpaceExplorer:Ammunition"],"picked":"RobotSpaceExplorer:Blitz","floor":2},{"not_picked":["RobotSpaceExplorer:FranticSearch","RobotSpaceExplorer:PowerCollector"],"picked":"RobotSpaceExplorer:StarLightning","floor":4},{"not_picked":["RobotSpaceExplorer:GlueShot","RobotSpaceExplorer:SurgingShield"],"picked":"RobotSpaceExplorer:MetalStrike","floor":5},{"not_picked":["RobotSpaceExplorer:BlastShield","RobotSpaceExplorer:Smokescreen"],"picked":"RobotSpaceExplorer:SurgingStrike","floor":7},{"not_picked":["RobotSpaceExplorer:GearShield","RobotSpaceExplorer:Pulsar"],"picked":"RobotSpaceExplorer:MiniDrones","floor":8},{"not_picked":["RobotSpaceExplorer:Jetpack","RobotSpaceExplorer:JunkDive"],"picked":"RobotSpaceExplorer:StunGrenade","floor":10},{"not_picked":["RobotSpaceExplorer:Pulsar","RobotSpaceExplorer:Jetpack"],"picked":"RobotSpaceExplorer:StarDust","floor":12},{"not_picked":["RobotSpaceExplorer:FrostMissile","RobotSpaceExplorer:ImprovisedAttack"],"picked":"RobotSpaceExplorer:SurgingStrike","floor":14},{"not_picked":["RobotSpaceExplorer:Blaster","RobotSpaceExplorer:TrailblazerForm"],"picked":"RobotSpaceExplorer:Comet","floor":16},{"not_picked":["RobotSpaceExplorer:GlueSpray","RobotSpaceExplorer:ImprovisedAttack"],"picked":"RobotSpaceExplorer:RigExplosive","floor":18},{"not_picked":["RobotSpaceExplorer:GlueShot","RobotSpaceExplorer:MakeshiftVolley+1"],"picked":"RobotSpaceExplorer:GearShield","floor":22},{"not_picked":["RobotSpaceExplorer:Electroshield","RobotSpaceExplorer:SurgingShield"],"picked":"RobotSpaceExplorer:Probe","floor":24},{"not_picked":["RobotSpaceExplorer:GlueShot+1","RobotSpaceExplorer:SurgingShield+1"],"picked":"RobotSpaceExplorer:ScrapMissile","floor":28},{"not_picked":["RobotSpaceExplorer:Electroshield+1","RobotSpaceExplorer:FrostMissile"],"picked":"RobotSpaceExplorer:Blitz","floor":29},{"not_picked":["RobotSpaceExplorer:Explosion","RobotSpaceExplorer:Comet+1"],"picked":"RobotSpaceExplorer:TrailblazerForm","floor":33},{"not_picked":["RobotSpaceExplorer:SlimeMissile+1","RobotSpaceExplorer:ToxicBomb+1"],"picked":"RobotSpaceExplorer:ScrapMissile","floor":35},{"not_picked":["RobotSpaceExplorer:StunGrenade","RobotSpaceExplorer:Calculate+1"],"picked":"RobotSpaceExplorer:MiniBoosters+1","floor":39},{"not_picked":["RobotSpaceExplorer:Probe","RobotSpaceExplorer:StunGrenade+1"],"picked":"RobotSpaceExplorer:FranticSearch+1","floor":41},{"not_picked":["RobotSpaceExplorer:StunGrenade","RobotSpaceExplorer:Counterblock+1"],"picked":"RobotSpaceExplorer:TrailblazerForm","floor":42},{"not_picked":["RobotSpaceExplorer:ImprovisedAttack+1","RobotSpaceExplorer:MetalStrike+1"],"picked":"RobotSpaceExplorer:ScrapMissile+1","floor":45},{"not_picked":["RobotSpaceExplorer:JunkDive+1","RobotSpaceExplorer:StunGrenade+1"],"picked":"RobotSpaceExplorer:Pulsar+1","floor":54}],"player_experience":1575245,"relics_obtained":[{"floor":9,"key":"Oddly Smooth Stone"},{"floor":11,"key":"Shuriken"},{"floor":12,"key":"CaptainsWheel"},{"floor":14,"key":"Bronze Scales"},{"floor":20,"key":"Vajra"},{"floor":26,"key":"Toxic Egg 2"},{"floor":28,"key":"Eternal Feather"},{"floor":36,"key":"War Paint"},{"floor":45,"key":"Art of War"},{"floor":54,"key":"White_Cape"}],"event_choices":[{"cards_removed":["RobotSpaceExplorer:Defend"],"damage_healed":0,"gold_gain":0,"player_choice":"Card Removal","damage_taken":0,"max_hp_gain":0,"max_hp_loss":0,"event_name":"Wheel of Change","floor":3,"gold_loss":0},{"damage_healed":0,"gold_gain":0,"player_choice":"Ignored","damage_taken":0,"max_hp_gain":0,"max_hp_loss":0,"event_name":"Beggar","floor":19,"gold_loss":0},{"damage_healed":0,"gold_gain":0,"player_choice":"Ignored","damage_taken":0,"max_hp_gain":0,"max_hp_loss":0,"event_name":"Ghosts","floor":21,"gold_loss":0},{"damage_healed":0,"gold_gain":0,"player_choice":"Inject Mutagens","damage_taken":0,"relics_obtained":["MutagenicStrength"],"max_hp_gain":0,"max_hp_loss":0,"event_name":"Drug Dealer","floor":25,"gold_loss":0},{"damage_healed":0,"gold_gain":0,"player_choice":"Stole Relic","damage_taken":0,"relics_obtained":["Ginger"],"max_hp_gain":0,"max_hp_loss":0,"event_name":"Addict","floor":30,"gold_loss":0,"cards_obtained":["Shame"]},{"cards_removed":["Shame"],"damage_healed":0,"gold_gain":0,"player_choice":"Purged","damage_taken":0,"max_hp_gain":0,"max_hp_loss":0,"event_name":"Purifier","floor":31,"gold_loss":0},{"damage_healed":0,"gold_gain":0,"player_choice":"Embrace Madness","damage_taken":9,"max_hp_gain":0,"max_hp_loss":0,"event_name":"Winding Halls","floor":37,"gold_loss":0,"cards_obtained":["Madness","Madness"]},{"damage_healed":0,"gold_gain":0,"player_choice":"Ignored","damage_taken":0,"max_hp_gain":0,"max_hp_loss":0,"event_name":"Tomb of Lord Red Mask","floor":38,"gold_loss":0}],"is_beta":false,"boss_relics":[{"not_picked":["Black Star","Busted Crown"],"picked":"Pandora\u0027s Box"},{"not_picked":["SlaversCollar","Velvet Choker"],"picked":"Astrolabe"}],"items_purged_floors":[],"is_endless":false,"potions_floor_spawned":[2,8,12,14,18,24,33,39,41,54],"killed_by":"The Heart","ascension_level":0}}