{"host":"2461dio7vetlq1z3","time":1608688071,"event":{"mods":["2.2 Compatiblity","AchievementEnabler","BaseMod","Better Third Choice","Hermit","Marisa????????","Minty Spire (QoL Compilation)","Relic Stats","Replay The Spire","Spicy Shops","StSLib","The Runesmith","Waifu the Spire"],"gold_per_floor":[15,30,30,44,61,61,61,61],"floor_reached":7,"playtime":357,"items_purged":[],"score":86,"play_id":"8fa286d9-b167-444a-b91a-307dd60a1c44","local_time":"20201223024751","is_ascension_mode":true,"campfire_choices":[{"data":"Demonic Infusion","floor":6,"key":"SMITH"}],"circlet_count":0,"master_deck":["AscendersBane","Strike_R","Strike_R","Strike_R","Strike_R","Strike_R","Defend_R","Defend_R","Defend_R","Defend_R","Bash","Demonic Infusion+1","Metallicize","Dual Wield","Wild Strike","Anger"],"relics":["Burning Blood"],"acts_visited":["Exordium"],"potions_floor_usage":[7],"damage_taken":[{"damage":11,"enemies":"Jaw Worm","floor":1,"turns":5},{"damage":0,"enemies":"2 Louse","floor":2,"turns":3},{"damage":24,"enemies":"Cultist","floor":4,"turns":6},{"damage":17,"enemies":"2 Fungi Beasts","floor":5,"turns":5},{"damage":41,"enemies":"3 Sentries","floor":7,"turns":8}],"seed_played":"-2505158851899912065","potions_obtained":[{"floor":1,"key":"AttackPotion"}],"is_trial":false,"path_per_floor":["M","M","?","M","M","R","E"],"character_chosen":"IRONCLAD","items_purchased":[],"campfire_rested":0,"item_purchase_floors":[],"current_hp_per_floor":[63,69,69,51,40,40,0,0],"gold":61,"neow_bonus":"THREE_RARE_CARDS","is_daily":false,"chose_seed":false,"campfire_upgraded":1,"win_rate":0.0,"timestamp":1608688071,"path_taken":["M","M","?","M","M","R","E"],"items_purchased_type":[],"build_version":"2020-12-13","purchased_purges":0,"victory":false,"max_hp_per_floor":[75,75,75,75,75,75,75,75],"relic_stats":{"counters":[5,27],"obtain_stats":[{"Burning Blood":0},{"Burning Blood":0},{"Burning Blood":0}],"Burning Blood":24},"card_choices":[{"not_picked":["Demon Form","Barricade"],"picked":"Demonic Infusion","floor":0},{"not_picked":["Clothesline","ReplayTheSpireMod:Strike From Hell"],"picked":"Metallicize","floor":1},{"not_picked":["Shrug It Off","Disarm"],"picked":"Dual Wield","floor":2},{"not_picked":["Replay:Undeath\u0027s Touch","Reckless Charge"],"picked":"Wild Strike","floor":4},{"not_picked":["Searing Blow","Wild Strike"],"picked":"Anger","floor":5}],"player_experience":953377,"relics_obtained":[],"event_choices":[{"damage_healed":0,"gold_gain":0,"player_choice":"Ignored","damage_taken":30,"max_hp_gain":0,"max_hp_loss":0,"event_name":"betterThird:BetterSerpent","floor":3,"gold_loss":0}],"is_beta":false,"boss_relics":[],"items_purged_floors":[],"is_endless":false,"potions_floor_spawned":[1],"killed_by":"3 Sentries","ascension_level":20}}