{"host":"uyp13icwa33nzjib","time":1608758665,"event":{"mods":["AchievementEnabler","BaseMod","BetterRewards","Colored Map","Infinite Spire","Mimic Mod","Minty Spire (QoL Compilation)","Quick Restart","Replay The Spire","StSLib"],"gold_per_floor":[113,124,124,124,199,199,228,228,255,267,302,133,168,182,182,281,281,292,292,207,207,207],"floor_reached":21,"playtime":769,"items_purged":["Defend_G"],"score":195,"play_id":"fc209801-4f76-4a71-8502-e48dab589b5d","local_time":"20201223162425","daily_mods":["Red Cards","Green Cards","Blue Cards","Purple Cards","Colorless Cards","Heirloom","Elite Swarm","Lethality","Uncertain Future"],"is_ascension_mode":false,"campfire_choices":[{"data":"Neutralize","floor":6,"key":"SMITH"},{"floor":8,"key":"REST"},{"data":"Reaper","floor":8,"key":"SMITH"},{"floor":15,"key":"REST"},{"data":"Rampage","floor":15,"key":"SMITH"}],"circlet_count":0,"master_deck":["Strike_G","Strike_G","Strike_G","Strike_G","Strike_G","Defend_G","Defend_G","Defend_G","Defend_G","Survivor","Neutralize+1","Dash","Reaper+1","Bandage Up","Immolate","PiercingWail","Violence","Rampage+1","Master of Strategy","CarveReality+1"],"relics":["Ring of the Serpent","infinitespire:Magic Flask","Potion Belt","MealTicket","infinitespire:Beetle Shell","ReplayTheSpireMod:TigerMarble","ReplayTheSpireMod:Lightbulb","Art of War","Frozen Egg 2"],"acts_visited":["Exordium","TheCity"],"potions_floor_usage":[16,16],"damage_taken":[{"damage":0,"enemies":"Small Slimes","floor":1,"turns":2},{"damage":0,"enemies":"2 Louse","floor":2,"turns":3},{"damage":40,"enemies":"3 Sentries","floor":7,"turns":8},{"damage":3,"enemies":"Jaw Worm","floor":10,"turns":3},{"damage":19,"enemies":"Gremlin Nob","floor":11,"turns":4},{"damage":12,"enemies":"Lagavulin","floor":13,"turns":5},{"damage":0,"enemies":"2 Fungi Beasts","floor":14,"turns":1},{"damage":60,"enemies":"Slime Boss","floor":16,"turns":11},{"damage":31,"enemies":"Shell Parasite","floor":18,"turns":6},{"damage":0,"enemies":"2 Thieves","floor":21,"turns":1}],"seed_played":"4159304958941932603","potions_obtained":[{"floor":2,"key":"FearPotion"},{"floor":7,"key":"SpeedPotion"},{"floor":11,"key":"SmokeBomb"},{"floor":14,"key":"Energy Potion"}],"is_trial":true,"path_per_floor":["M","M","?","?","?","R","E","R","T","M","E","$","E","M","R","B",null,"M","?","?","M"],"character_chosen":"THE_SILENT","items_purchased":["PiercingWail","Adrenaline Potion"],"campfire_rested":2,"item_purchase_floors":[12,12],"current_hp_per_floor":[70,70,70,70,59,59,19,40,40,45,38,53,52,52,70,16,70,51,51,51,55,55],"gold":207,"neow_bonus":"","is_daily":false,"chose_seed":false,"campfire_upgraded":3,"win_rate":0.0,"timestamp":1608758665,"path_taken":["M","M","?","?","?","R","E","R","T","M","E","$","E","M","R","BOSS","M","?","?","M"],"items_purchased_type":["Card","Potion"],"build_version":"2020-12-22","purchased_purges":1,"victory":false,"max_hp_per_floor":[70,70,70,70,70,70,70,70,70,70,70,70,70,70,70,70,70,70,70,70,70,70],"card_choices":[{"not_picked":["Replay:Undeath\u0027s Touch","Uppercut"],"picked":"Dash","floor":1},{"not_picked":["FearNoEvil","Anger","Replay:AtTheReady"],"picked":"SKIP","floor":2},{"not_picked":["Amplify","Atom Bomb"],"picked":"Reaper","floor":7},{"not_picked":["Rebound","Cold Snap"],"picked":"Bandage Up","floor":10},{"not_picked":["ReplayRNGCard","Replay:Many Hands"],"picked":"Immolate","floor":11},{"not_picked":["All For One","Replay:AllIn"],"picked":"Violence","floor":13},{"not_picked":["Hologram","ReplayTheSpireMod:Strike From Hell"],"picked":"Rampage","floor":14},{"not_picked":["Eclipse","Tools of the Trade"],"picked":"Master of Strategy","floor":16},{"not_picked":["Outmaneuver","EmptyBody"],"picked":"CarveReality+1","floor":18}],"player_experience":311527,"relics_obtained":[{"floor":3,"key":"Potion Belt"},{"floor":7,"key":"MealTicket"},{"floor":9,"key":"infinitespire:Beetle Shell"},{"floor":11,"key":"ReplayTheSpireMod:TigerMarble"},{"floor":13,"key":"ReplayTheSpireMod:Lightbulb"}],"event_choices":[{"damage_healed":0,"gold_gain":0,"player_choice":"Leave","damage_taken":0,"max_hp_gain":0,"max_hp_loss":0,"event_name":"The Cleric","floor":4,"gold_loss":0},{"damage_healed":0,"gold_gain":75,"player_choice":"Gather Gold","damage_taken":11,"max_hp_gain":0,"max_hp_loss":0,"event_name":"World of Goop","floor":5,"gold_loss":0},{"damage_healed":0,"gold_gain":0,"player_choice":"Obtained Relic","damage_taken":0,"relics_obtained":["Frozen Egg 2"],"max_hp_gain":0,"max_hp_loss":0,"event_name":"Addict","floor":20,"gold_loss":85}],"is_beta":false,"boss_relics":[{"not_picked":["SacredBark","Velvet Choker"],"picked":"Ring of the Serpent"}],"items_purged_floors":[12],"is_endless":false,"potions_floor_spawned":[2,7,11,14],"killed_by":"2 Thieves","ascension_level":0}}