{"host":"wonp23fsqqcu31ie","time":1608699061,"event":{"mods":["2.2 Compatiblity","AchievementEnabler","Aspiration","BaseMod","Bestiary","Better Altar","Better Match","Better Sensory Stone","Better Skull","Better Third Choice","BetterRewards","Block Reminder","Colored Map","Colored Powertips","Conspire","DeckTracker","Displayed Cursed Tome","Downfall","Hermit","Highlight Path","Hubris","Minty Spire (QoL Compilation)","Permanent Neow","Quick Restart","Rare Cards Sparkle","Relic Stats","Replay The Spire","Shade Mod","Shop Mod","StSLib","SuperFastMode","The Animator","The Cursed","The Dragon Tamer","The Gatherer","The Necromancer","The Runesmith","The Servant 0.9.4"],"gold_per_floor":[19,19,19,32,32,64,64,89,113,124,135,148,161,178,178,273,273,308,62,62,62,72,72,72,105,128,162,188,188,253,271,271,271,271],"floor_reached":33,"playtime":1104,"items_purged":[],"score":349,"play_id":"ad3d8db8-701e-4230-919a-bf1c640db75e","local_time":"20201223155101","is_ascension_mode":true,"campfire_choices":[{"floor":7,"key":"REST"},{"floor":15,"key":"REST"},{"floor":23,"key":"RECALL"},{"floor":29,"key":"REST"},{"floor":32,"key":"REST"}],"circlet_count":0,"master_deck":["hermit:Strike_Hermit","hermit:Strike_Hermit","hermit:Strike_Hermit","hermit:Strike_Hermit","hermit:Defend_Hermit","hermit:Defend_Hermit","hermit:Defend_Hermit","hermit:Snapshot+1","hermit:Quickdraw","hermit:TakeCover","hermit:FromBeyond","hermit:BodyArmor","hermit:Deadeye","hermit:Quickdraw","hermit:Dive","hermit:WideOpen","hermit:Quickdraw","hermit:DeadOrAlive","hermit:Manifest+1","hermit:Combo","hermit:SprayPray","hermit:TrackingShot+1","hermit:FullyLoaded","hermit:GhostlyPresence","hermit:Showdown"],"relics":["hermit:Momento","conspire:InfiniteJournal","Blood Vial","ReplayTheSpireMod:Shallot","conspire:SpecialSausage","StrikeDummy","aspiration:Stabinomicon","Pear","Anchor","hubris:DeckOfHolding","ReplayFunnel"],"acts_visited":["Exordium","TheCity"],"potions_floor_usage":[16,16,16,28,30,31,33],"damage_taken":[{"damage":8,"enemies":"Jaw Worm","floor":1,"turns":4},{"damage":7,"enemies":"2 Louse","floor":4,"turns":3},{"damage":44,"enemies":"Replay:BlueRogue","floor":6,"turns":13},{"damage":11,"enemies":"3 Sentries","floor":8,"turns":9},{"damage":3,"enemies":"Cultist","floor":10,"turns":4},{"damage":0,"enemies":"Red Slaver","floor":11,"turns":4},{"damage":0,"enemies":"Looter","floor":12,"turns":3},{"damage":11,"enemies":"Exordium Thugs","floor":13,"turns":6},{"damage":0,"enemies":"Large Slime","floor":14,"turns":6},{"damage":6,"enemies":"Hexaghost","floor":16,"turns":9},{"damage":26,"enemies":"3 Byrds","floor":18,"turns":5},{"damage":5,"enemies":"Chosen","floor":22,"turns":2},{"damage":18,"enemies":"conspire:SneckoGhost","floor":25,"turns":7},{"damage":10,"enemies":"Book of Stabbing","floor":27,"turns":3},{"damage":11,"enemies":"Shelled Parasite and Fungi","floor":28,"turns":4},{"damage":29,"enemies":"Gremlin Leader","floor":30,"turns":8},{"damage":3,"enemies":"Centurion and Healer","floor":31,"turns":4},{"damage":37,"enemies":"Collector","floor":33,"turns":6}],"seed_played":"8352021813273768310","potions_obtained":[{"floor":8,"key":"Strength Potion"},{"floor":10,"key":"Swift Potion"},{"floor":11,"key":"LiquidBronze"},{"floor":13,"key":"Energy Potion"},{"floor":16,"key":"Guardian:BlockOnCardUsePotion"},{"floor":25,"key":"Flashbang"},{"floor":30,"key":"BlessingOfTheForge"},{"floor":31,"key":"Elixir"}],"is_trial":false,"path_per_floor":["M","?","$","M","?","E","R","E","T","M","M","M","M","M","R","B",null,"M","$","?","?","M","R","$","E","T","E","M","R","E","M","R","B"],"character_chosen":"HERMIT","items_purchased":["StrikeDummy"],"campfire_rested":4,"item_purchase_floors":[19],"current_hp_per_floor":[67,67,67,60,60,16,38,29,29,28,30,32,23,25,47,43,75,49,49,33,33,30,30,30,24,24,16,7,32,5,4,29,0,0],"gold":271,"neow_bonus":"ONE_RARE_RELIC","is_daily":false,"chose_seed":false,"campfire_upgraded":0,"win_rate":0.0,"timestamp":1608699061,"path_taken":["M","?","?","M","?","E","R","E","T","M","?","M","M","M","R","BOSS","M","$","?","?","?","R","?","E","T","E","M","R","E","?","R","BOSS"],"items_purchased_type":["Relic"],"build_version":"2020-12-13","purchased_purges":0,"victory":false,"max_hp_per_floor":[75,75,75,75,75,75,75,75,75,75,75,75,75,75,75,75,75,75,75,75,75,75,75,75,85,85,85,85,85,85,85,85,85,85],"relic_stats":{"Blood Vial":28,"counters":[27,136],"obtain_stats":[{"ReplayFunnel":30,"MerchantsRug":13,"Regal Pillow":5,"Pear":25,"aspiration:Nostalgia":0,"Oddly Smooth Stone":11,"conspire:SpecialSausage":17,"aspiration:Stabinomicon":20,"conspire:InfiniteJournal":0,"Blood Vial":6,"Replay:Ringing Soul":13,"Anchor":26,"ReplayTheSpireMod:Shallot":8,"Strawberry":5,"Onion Ring":6,"hubris:DeckOfHolding":27,"ReplayTheSpireMod:Lightbulb":9,"StrikeDummy":19,"hermit:Momento":0,"hermit:Spyglass":8,"m_RuneBlood":0},{"ReplayFunnel":25,"MerchantsRug":7,"Regal Pillow":3,"Pear":22,"aspiration:Nostalgia":0,"Oddly Smooth Stone":7,"conspire:SpecialSausage":19,"aspiration:Stabinomicon":20,"conspire:InfiniteJournal":9,"Blood Vial":12,"Replay:Ringing Soul":7,"Anchor":22,"ReplayTheSpireMod:Shallot":13,"Strawberry":3,"Onion Ring":4,"hubris:DeckOfHolding":23,"ReplayTheSpireMod:Lightbulb":6,"StrikeDummy":20,"hermit:Momento":0,"hermit:Spyglass":6,"m_RuneBlood":0},{"ReplayFunnel":126,"MerchantsRug":22,"Regal Pillow":8,"Pear":111,"aspiration:Nostalgia":0,"Oddly Smooth Stone":22,"conspire:SpecialSausage":97,"aspiration:Stabinomicon":102,"conspire:InfiniteJournal":36,"Blood Vial":56,"Replay:Ringing Soul":22,"Anchor":111,"ReplayTheSpireMod:Shallot":65,"Strawberry":8,"Onion Ring":12,"hubris:DeckOfHolding":114,"ReplayTheSpireMod:Lightbulb":20,"StrikeDummy":102,"hermit:Momento":0,"hermit:Spyglass":20,"m_RuneBlood":0}]},"card_choices":[{"not_picked":["hermit:Manifest","hermit:Deadeye"],"picked":"hermit:Quickdraw","floor":1},{"not_picked":["hermit:Desperado","hermit:Virtue"],"picked":"hermit:TakeCover","floor":4},{"not_picked":["hermit:Snipe","hermit:Misfire"],"picked":"hermit:FromBeyond","floor":6},{"not_picked":["hermit:Coalescence","hermit:EyeOfTheStorm"],"picked":"hermit:BodyArmor","floor":8},{"not_picked":["hermit:Glare","hermit:PistolWhip"],"picked":"hermit:Deadeye","floor":10},{"not_picked":["hermit:TrackingShot","hermit:Combo"],"picked":"hermit:Quickdraw","floor":11},{"not_picked":["hermit:ItchyTrigger","hermit:Manifest"],"picked":"hermit:Dive","floor":12},{"not_picked":["hermit:Coalescence","hermit:EternalForm"],"picked":"hermit:WideOpen","floor":13},{"not_picked":["hermit:Cheat","hermit:LowProfile"],"picked":"hermit:Quickdraw","floor":14},{"not_picked":["hermit:Purgatory","hermit:FatalDesire"],"picked":"hermit:DeadOrAlive","floor":16},{"not_picked":["hermit:BodyArmor","hermit:Snipe+1"],"picked":"hermit:Manifest+1","floor":18},{"not_picked":["hermit:Coalescence","hermit:Manifest"],"picked":"hermit:SprayPray","floor":22},{"not_picked":["hermit:CalledShot","hermit:WideOpen+1"],"picked":"hermit:TrackingShot+1","floor":25},{"not_picked":["hermit:HoleUp","hermit:Gestalt"],"picked":"hermit:FullyLoaded","floor":27},{"not_picked":["hermit:EyeOfTheStorm+1","hermit:ItchyTrigger+1"],"picked":"hermit:GhostlyPresence","floor":28},{"not_picked":["hermit:Dive","hermit:LowProfile","hermit:SprayPray"],"picked":"SKIP","floor":30},{"not_picked":["hermit:Purgatory","hermit:Roulette"],"picked":"hermit:Showdown","floor":31}],"player_experience":386020,"relics_obtained":[{"floor":6,"key":"Blood Vial"},{"floor":8,"key":"ReplayTheSpireMod:Shallot"},{"floor":25,"key":"Pear"},{"floor":26,"key":"Anchor"},{"floor":27,"key":"hubris:DeckOfHolding"},{"floor":30,"key":"ReplayFunnel"}],"event_choices":[{"cards_removed":["hermit:Covet"],"damage_healed":0,"gold_gain":0,"player_choice":"Offered Basic","damage_taken":0,"max_hp_gain":0,"max_hp_loss":0,"event_name":"Bonfire Elementals","floor":2,"gold_loss":0},{"damage_healed":0,"gold_gain":0,"player_choice":"Obtained Book","damage_taken":16,"max_hp_gain":0,"max_hp_loss":0,"event_name":"Cursed Tome","floor":20,"gold_loss":0},{"damage_healed":0,"gold_gain":0,"cards_transformed":["hermit:Defend_Hermit"],"player_choice":"Transformed","damage_taken":0,"max_hp_gain":0,"max_hp_loss":0,"event_name":"Transmorgrifier","floor":21,"gold_loss":0,"cards_obtained":["hermit:Combo"]}],"is_beta":false,"boss_relics":[{"not_picked":["ReplayTheSpireMod:DimensionalGlitch","hubris:TerracottaHorce"],"picked":"conspire:SpecialSausage"}],"items_purged_floors":[],"is_endless":false,"potions_floor_spawned":[8,10,11,13,16,25,30,31],"killed_by":"Collector","ascension_level":2}}