{"host":"879u177vr8bnqwsn","time":1608765537,"event":{"mods":["BaseMod","Infinite Spire","Minty Spire (QoL Compilation)","Replay The Spire","StSLib"],"gold_per_floor":[115,133,133,146,159,191,171,181,231,231,245,245,261,274,274,372,372,388,73,85,100,309,343,343,361,386,386,403,434,444,444,444,548,548,564,583,583,633,651,679,679,693,693,706,706,725,743,761,761,761,761,761,65,91,91],"floor_reached":56,"playtime":3929,"items_purged":["Strike_G"],"score":1254,"play_id":"4cbffb07-2b44-440a-88d9-9ddc903fd537","local_time":"20201223211857","is_ascension_mode":false,"campfire_choices":[{"data":"Replay:Poison Smokescreen","floor":10,"key":"SMITH"},{"data":"Skewer","floor":12,"key":"SMITH"},{"floor":32,"key":"REST"},{"floor":41,"key":"RECALL"},{"data":"infinitespire:Execution","floor":49,"key":"SMITH"},{"data":"Wraith Form v2","floor":52,"key":"SMITH"}],"circlet_count":0,"master_deck":["Strike_G","Strike_G+1","Strike_G","Defend_G","Defend_G","Defend_G","Defend_G","Defend_G+1","Survivor","Neutralize","Skewer+1","Bouncing Flask","Replay:Poison Smokescreen+1","Poisoned Stab","Backflip","Leg Sweep+1","Bane","Leg Sweep","Bouncing Flask","Wraith Form v2+1","Poisoned Stab","Well Laid Plans","Blade Dance","PiercingWail","Toxin Wave","Footwork+1","Expertise","Calculated Gamble","Sneak Up","infinitespire:Execution+1","Tools of the Trade","Dodge and Roll","Escape Plan","Draining Mist+1","Blur","Distraction+1","Dodge and Roll","Prepared","Hallucinations","Backflip","Noxious Fumes+1","Cloak And Dagger","Panache","Footwork","Leg Sweep"],"relics":["Ring of the Snake","Boot","infinitespire:ShieldingShard","Happy Flower","Painkiller Herb","ReplayTheSpireMod:Lightbulb","Divine Protection","MutagenicStrength","Bag of Preparation","Oddly Smooth Stone","TheAbacus","SacredBark","SlaversCollar","Simple Rune","infinitespire:Lychee Nut","Matryoshka","Question Card","Lizard Tail","Chemical X","infinitespire:Satchel"],"acts_visited":["Exordium","TheCity","TheBeyond","TheEnding"],"potions_floor_usage":[1,6,16,28,29,39,39,47,48,50,55],"damage_taken":[{"damage":0,"enemies":"Cultist","floor":1,"turns":4},{"damage":0,"enemies":"Jaw Worm","floor":2,"turns":3},{"damage":0,"enemies":"2 Louse","floor":4,"turns":3},{"damage":3,"enemies":"Red Slaver","floor":5,"turns":4},{"damage":12,"enemies":"Lagavulin","floor":6,"turns":4},{"damage":8,"enemies":"Large Slime","floor":8,"turns":7},{"damage":0,"enemies":"Exordium Wildlife","floor":11,"turns":5},{"damage":0,"enemies":"2 Fungi Beasts","floor":13,"turns":3},{"damage":0,"enemies":"Looter","floor":14,"turns":3},{"damage":13,"enemies":"The Guardian","floor":16,"turns":9},{"damage":0,"enemies":"Spheric Guardian","floor":18,"turns":3},{"damage":0,"enemies":"Chosen","floor":20,"turns":4},{"damage":0,"enemies":"Snecko","floor":21,"turns":5},{"damage":20,"enemies":"Gremlin Leader","floor":23,"turns":7},{"damage":0,"enemies":"Snake Plant","floor":25,"turns":4},{"damage":0,"enemies":"Cultist and Chosen","floor":28,"turns":5},{"damage":13,"enemies":"Slavers","floor":29,"turns":7},{"damage":0,"enemies":"Shelled Parasite and Fungi","floor":30,"turns":5},{"damage":4,"enemies":"Automaton","floor":33,"turns":10},{"damage":0,"enemies":"3 Shapes","floor":35,"turns":8},{"damage":0,"enemies":"Orb Walker","floor":36,"turns":4},{"damage":0,"enemies":"Mind Bloom Boss Battle","floor":38,"turns":5},{"damage":2,"enemies":"Transient","floor":39,"turns":5},{"damage":3,"enemies":"Nightmare","floor":40,"turns":8},{"damage":0,"enemies":"Writhing Mass","floor":42,"turns":5},{"damage":0,"enemies":"4 Shapes","floor":44,"turns":9},{"damage":0,"enemies":"Maw","floor":46,"turns":8},{"damage":0,"enemies":"Transient","floor":47,"turns":5},{"damage":0,"enemies":"Sphere and 2 Shapes","floor":48,"turns":5},{"damage":0,"enemies":"Time Eater","floor":50,"turns":14},{"damage":17,"enemies":"Shield and Spear","floor":54,"turns":9},{"damage":13,"enemies":"The Heart","floor":55,"turns":13}],"seed_played":"5462575651537389120","potions_obtained":[{"floor":1,"key":"EntropicBrew"},{"floor":5,"key":"Toxic Potion"},{"floor":7,"key":"CultistPotion"},{"floor":16,"key":"Strength Potion"},{"floor":28,"key":"GhostInAJar"},{"floor":30,"key":"DistilledChaos"},{"floor":44,"key":"SpeedPotion"},{"floor":46,"key":"Energy Potion"},{"floor":47,"key":"SkillPotion"},{"floor":48,"key":"Explosive Potion"},{"floor":54,"key":"Block Potion"}],"is_trial":false,"path_per_floor":["M","M","?","M","M","E","?","M","T","R","M","R","M","M","R","B",null,"?","T","?","?","?","E","?","?","T","?","?","E","?","AVR","T","B",null,"?","?","AVR","?","?","NM","T","?","T","?","?","?","?","?","T","B",null,"T","T","E","B",null],"character_chosen":"THE_SILENT","items_purchased":["Well Laid Plans","ReplayTheSpireMod:Lightbulb","Lizard Tail","Panache","Footwork","Chemical X"],"campfire_rested":1,"item_purchase_floors":[19,19,53,53,53,53],"current_hp_per_floor":[70,70,70,70,67,55,55,47,47,47,47,47,47,47,68,55,70,70,70,70,70,53,33,33,33,33,20,34,21,21,21,43,39,75,75,75,75,56,54,53,53,56,56,56,56,56,56,56,56,56,56,56,56,39,32],"gold":91,"neow_bonus":"RANDOM_COMMON_RELIC","is_daily":false,"chose_seed":false,"campfire_upgraded":4,"win_rate":0.0,"timestamp":1608765537,"path_taken":["M","?","?","M","?","E","?","M","T","R","?","R","M","M","R","BOSS","?","T","?","?","?","E","?","?","T","?","?","E","?","AVR","T","BOSS","?","?","AVR","?","?","NM","T","?","T","?","?","?","?","?","T","BOSS","T","T","E","BOSS"],"items_purchased_type":["Card","Relic","Relic","Card","Card","Relic"],"build_version":"2020-12-22","purchased_purges":1,"victory":true,"max_hp_per_floor":[70,70,70,70,70,70,70,70,70,70,70,70,70,70,70,70,70,70,70,70,70,70,70,70,70,70,75,75,75,75,75,75,75,75,75,75,75,56,56,56,56,56,56,56,56,56,56,56,56,56,56,56,56,56,56],"card_choices":[{"not_picked":["Outmaneuver","ReplayTheSpireMod:Scrap Shanks"],"picked":"Skewer","floor":1},{"not_picked":["Catalyst","Heel Hook"],"picked":"Bouncing Flask","floor":2},{"not_picked":["Deadly Poison","Backflip"],"picked":"Replay:Poison Smokescreen","floor":4},{"not_picked":["Backflip","Outmaneuver"],"picked":"Poisoned Stab","floor":5},{"not_picked":["Hidden Blade","Finisher"],"picked":"Backflip","floor":6},{"not_picked":["Doppelganger","Poisoned Stab"],"picked":"Leg Sweep","floor":8},{"not_picked":["Hidden Blade","Dagger Throw"],"picked":"Bane","floor":11},{"not_picked":["ReplayTheSpireMod:Tripwire","Dash"],"picked":"Leg Sweep","floor":13},{"not_picked":["Deadly Poison","Prepared"],"picked":"Bouncing Flask","floor":14},{"not_picked":["Doppelganger","Night Terror"],"picked":"Wraith Form v2","floor":16},{"not_picked":["Dash","Setup"],"picked":"Poisoned Stab","floor":18},{"not_picked":["Prepared","Replay:Poison Smokescreen"],"picked":"Blade Dance","floor":20},{"not_picked":["Riddle With Holes","Blade Dance"],"picked":"PiercingWail","floor":21},{"not_picked":["ReplayTheSpireMod:Scrap Shanks+1","Flying Knee+1"],"picked":"Toxin Wave","floor":22},{"not_picked":["Grand Finale","Accuracy","Calculated Gamble"],"picked":"SKIP","floor":23},{"not_picked":["Slice+1","Deadly Poison"],"picked":"Footwork+1","floor":25},{"not_picked":["ReplayTheSpireMod:Shiv Toss","Slice"],"picked":"Expertise","floor":28},{"not_picked":["Finisher","Bane+1"],"picked":"Calculated Gamble","floor":29},{"not_picked":["Prepared","Blade Dance"],"picked":"Sneak Up","floor":30},{"not_picked":["Phantasmal Killer","Unload"],"picked":"Tools of the Trade","floor":33},{"not_picked":["Bane+1","Backstab"],"picked":"Dodge and Roll","floor":35},{"not_picked":["Outmaneuver+1","Quick Slash+1"],"picked":"Escape Plan","floor":36},{"not_picked":["Skewer","Setup+1"],"picked":"Draining Mist+1","floor":38},{"not_picked":["Deadly Poison","Dagger Spray+1"],"picked":"Blur","floor":39},{"not_picked":["Predator","Toxin Wave+1"],"picked":"Distraction+1","floor":40},{"not_picked":["Masterful Stab+1","Hidden Blade"],"picked":"Dodge and Roll","floor":42},{"not_picked":["Blade Dance+1","Expertise+1","All Out Attack"],"picked":"Prepared","floor":44},{"not_picked":["Underhanded Strike+1","Dagger Spray+1","Infinite Blades"],"picked":"Backflip","floor":46},{"not_picked":["Sucker Punch+1","PiercingWail+1","Distraction+1"],"picked":"Noxious Fumes+1","floor":47},{"not_picked":["Dash","Concentrate","ReplayTheSpireMod:Shiv Toss+1"],"picked":"Cloak And Dagger","floor":48},{"not_picked":["Distraction+1","All Out Attack","ReplayTheSpireMod:Shiv Toss+1"],"picked":"Leg Sweep","floor":54}],"player_experience":695918,"relics_obtained":[{"floor":6,"key":"infinitespire:ShieldingShard"},{"floor":9,"key":"Happy Flower"},{"floor":23,"key":"Divine Protection"},{"floor":26,"key":"Bag of Preparation"},{"floor":29,"key":"Oddly Smooth Stone"},{"floor":38,"key":"infinitespire:Lychee Nut"},{"floor":40,"key":"Matryoshka"},{"floor":43,"key":"Question Card"},{"floor":54,"key":"infinitespire:Satchel"}],"event_choices":[{"cards_removed":["Strike_G"],"damage_healed":0,"gold_gain":0,"player_choice":"Purged","damage_taken":0,"max_hp_gain":0,"max_hp_loss":0,"event_name":"Purifier","floor":3,"gold_loss":0},{"damage_healed":0,"gold_gain":0,"player_choice":"Bought 1 Potion","damage_taken":0,"max_hp_gain":0,"max_hp_loss":0,"event_name":"The Woman in Blue","floor":7,"gold_loss":0},{"damage_healed":0,"gold_gain":0,"player_choice":"Inject Mutagens","damage_taken":0,"relics_obtained":["MutagenicStrength"],"max_hp_gain":0,"max_hp_loss":0,"event_name":"Drug Dealer","floor":24,"gold_loss":0},{"damage_healed":0,"gold_gain":0,"player_choice":"Shed Blood","damage_taken":18,"max_hp_gain":5,"max_hp_loss":0,"event_name":"Forgotten Altar","floor":27,"gold_loss":0},{"damage_healed":0,"gold_gain":0,"player_choice":"Fight","damage_taken":0,"max_hp_gain":0,"max_hp_loss":0,"event_name":"MindBloom","floor":38,"gold_loss":0},{"damage_healed":0,"gold_gain":0,"player_choice":"1 cards matched","damage_taken":0,"max_hp_gain":0,"max_hp_loss":0,"event_name":"Match and Keep!","floor":45,"gold_loss":0,"cards_obtained":["Hallucinations"]}],"is_beta":false,"boss_relics":[{"not_picked":["Ring of Chaos","Snecko Eye"],"picked":"Painkiller Herb"},{"not_picked":["Velvet Choker","WristBlade"],"picked":"SlaversCollar"}],"items_purged_floors":[19],"is_endless":false,"potions_floor_spawned":[1,5,13,14,16,20,23,28,30,35,44,46,47,48,54],"ascension_level":0}}