{"host":"5dk97cf2ubw2v967","time":1608742496,"event":{"mods":["AlwaysNeverKeys","BaseMod","Better Altar","Better Vampires","Block Reminder","Colored Powertips","Downfall","Googly Eyes","Highlight Path","Minty Spire (QoL Compilation)","Permanent Neow","Potion Indicator Mod","Quick Restart","Relic Filter","Relic Stats","Say the Spire","Spicy Shops","StSLib","Waifu the Spire","everything is the same but u backflip on backflip"],"gold_per_floor":[117,117,117,132,148,181,181,207,233,266,285,285,308,308,308,407,407,431,346,369,369,10,10,43,43,116,155,155,179,179,179,179,179,179],"floor_reached":33,"playtime":1128,"items_purged":["Regret"],"score":578,"play_id":"1d1f3d55-5ef3-43bc-aee1-e5d074d25c2c","local_time":"20201223165456","is_ascension_mode":true,"campfire_choices":[{"data":"Apotheosis","floor":7,"key":"SMITH"},{"floor":15,"key":"REST"},{"floor":23,"key":"REST"},{"floor":25,"key":"REST"},{"floor":28,"key":"REST"},{"floor":32,"key":"REST"}],"circlet_count":0,"master_deck":["AscendersBane","Strike_R","Strike_R","Strike_R","Strike_R","Strike_R","Defend_R","Defend_R","Defend_R","Defend_R+1","Bash","Apotheosis+1","Hemokinesis","Hemokinesis","Warcry","Infernal Blade+1","Iron Wave","Decay","Feed","Shrug It Off","Rupture","Disarm","Intimidate+1","Exhume"],"relics":["Burning Blood","Tiny Chest","Pen Nib","Oddly Smooth Stone","Anchor","Nunchaku","War Paint","Golden Idol","Busted Crown","Sundial","Membership Card","Toy Ornithopter","Red Skull","The Courier","Ancient Tea Set","Molten Egg 2","NlothsMask"],"acts_visited":["Exordium","TheCity"],"potions_floor_usage":[16,16,18,27],"damage_taken":[{"damage":4,"enemies":"Jaw Worm","floor":1,"turns":4},{"damage":9,"enemies":"Small Slimes","floor":4,"turns":3},{"damage":9,"enemies":"2 Louse","floor":5,"turns":3},{"damage":29,"enemies":"Lagavulin","floor":6,"turns":5},{"damage":14,"enemies":"Gremlin Nob","floor":10,"turns":3},{"damage":0,"enemies":"Red Slaver","floor":11,"turns":2},{"damage":41,"enemies":"Hexaghost","floor":16,"turns":7},{"damage":5,"enemies":"Chosen","floor":18,"turns":3},{"damage":35,"enemies":"3 Byrds","floor":20,"turns":7},{"damage":35,"enemies":"Gremlin Leader","floor":24,"turns":6},{"damage":35,"enemies":"Slavers","floor":27,"turns":6},{"damage":0,"enemies":"Centurion and Healer","floor":29,"turns":5},{"damage":27,"enemies":"Automaton","floor":33,"turns":6}],"seed_played":"4161233742987427351","potions_obtained":[{"floor":10,"key":"BlessingOfTheForge"},{"floor":11,"key":"Strength Potion"},{"floor":16,"key":"champ:CounterPotion"},{"floor":20,"key":"DuplicationPotion"}],"is_trial":false,"path_per_floor":["M","?","?","M","M","E","R","T","T","E","M","?","T","?","R","B",null,"M","?","M","?","$","R","E","R","T","E","R","M","T","?","R","B"],"character_chosen":"IRONCLAD","items_purchased":["Membership Card","Rupture","Toy Ornithopter","Disarm"],"campfire_rested":5,"item_purchase_floors":[22,22,22,22],"current_hp_per_floor":[68,68,63,60,57,34,34,34,34,26,32,32,32,32,50,15,50,51,51,26,26,26,45,16,35,35,11,30,40,40,40,61,34,34],"gold":179,"neow_bonus":"RANDOM_COLORLESS_2","is_daily":false,"chose_seed":false,"campfire_upgraded":1,"win_rate":0.0,"timestamp":1608742496,"path_taken":["M","?","?","M","M","E","R","?","T","E","M","?","?","?","R","BOSS","M","?","M","?","$","R","E","R","T","E","R","M","?","?","R","BOSS"],"items_purchased_type":["Relic","Card","Relic","Card"],"build_version":"2020-12-22","purchased_purges":1,"victory":false,"max_hp_per_floor":[68,68,68,68,68,68,68,68,68,68,68,68,68,62,62,62,62,62,62,66,66,66,66,66,66,66,66,66,70,70,70,70,70,70],"relic_stats":{"Nunchaku":[10],"Busted Crown":10,"counters":[13,60],"Golden Idol":50,"Sundial":[2],"Tiny Chest":2,"Pen Nib":[11],"War Paint":["Defend_R","Infernal Blade"],"obtain_stats":[{"Golden Idol":14,"Oddly Smooth Stone":6,"Pen Nib":3,"The Courier":26,"War Paint":10,"Ancient Tea Set":27,"Burning Blood":0,"Anchor":8,"Nunchaku":9,"Busted Crown":17,"Sundial":19,"Tiny Chest":2,"Molten Egg 2":30,"Membership Card":22,"Toy Ornithopter":22,"Red Skull":24,"NlothsMask":31},{"Golden Idol":6,"Oddly Smooth Stone":4,"Pen Nib":1,"The Courier":10,"War Paint":5,"Ancient Tea Set":11,"Burning Blood":0,"Anchor":4,"Nunchaku":4,"Busted Crown":7,"Sundial":8,"Tiny Chest":1,"Molten Egg 2":12,"Membership Card":9,"Toy Ornithopter":9,"Red Skull":10,"NlothsMask":12},{"Golden Idol":20,"Oddly Smooth Stone":15,"Pen Nib":4,"The Courier":43,"War Paint":18,"Ancient Tea Set":49,"Burning Blood":0,"Anchor":15,"Nunchaku":15,"Busted Crown":27,"Sundial":30,"Tiny Chest":4,"Molten Egg 2":54,"Membership Card":37,"Toy Ornithopter":37,"Red Skull":43,"NlothsMask":54}],"Burning Blood":70,"Toy Ornithopter":5},"card_choices":[{"not_picked":["Magnetism","Panache"],"picked":"Apotheosis","floor":0},{"not_picked":["Warcry","Flex"],"picked":"Hemokinesis","floor":1},{"not_picked":["Clash","Body Slam"],"picked":"Hemokinesis","floor":4},{"not_picked":["Heavy Blade","Flex"],"picked":"Warcry","floor":5},{"not_picked":["Perfected Strike","Clothesline","Whirlwind"],"picked":"SKIP","floor":6},{"not_picked":["Entrench","Limit Break"],"picked":"Infernal Blade","floor":10},{"not_picked":["Flex","Wild Strike"],"picked":"Iron Wave","floor":11},{"not_picked":["Corruption","Limit Break"],"picked":"Feed","floor":16},{"not_picked":[],"picked":"Shrug It Off","floor":18},{"not_picked":["Wild Strike+1"],"picked":"SKIP","floor":20},{"not_picked":["Thunderclap"],"picked":"SKIP","floor":24},{"not_picked":[],"picked":"Intimidate+1","floor":27},{"not_picked":[],"picked":"Exhume","floor":29}],"player_experience":1249137,"relics_obtained":[{"floor":6,"key":"Oddly Smooth Stone"},{"floor":8,"key":"Anchor"},{"floor":9,"key":"Nunchaku"},{"floor":10,"key":"War Paint"},{"floor":24,"key":"Red Skull"},{"floor":26,"key":"The Courier"},{"floor":27,"key":"Ancient Tea Set"},{"floor":30,"key":"Molten Egg 2"}],"event_choices":[{"damage_healed":0,"gold_gain":0,"player_choice":"Box","damage_taken":0,"relics_obtained":["Tiny Chest"],"max_hp_gain":0,"max_hp_loss":0,"event_name":"Big Fish","floor":2,"gold_loss":0,"cards_obtained":["Regret"]},{"damage_healed":0,"gold_gain":0,"player_choice":"Success","damage_taken":5,"relics_obtained":["Pen Nib"],"max_hp_gain":0,"max_hp_loss":0,"event_name":"Scrap Ooze","floor":3,"gold_loss":0},{"damage_healed":0,"gold_gain":0,"player_choice":"Cursed","damage_taken":0,"max_hp_gain":0,"max_hp_loss":0,"event_name":"Wheel of Change","floor":12,"gold_loss":0,"cards_obtained":["Decay"]},{"damage_healed":0,"gold_gain":0,"player_choice":"Lose Max HP","damage_taken":0,"relics_obtained":["Golden Idol"],"max_hp_gain":0,"max_hp_loss":6,"event_name":"Golden Idol","floor":14,"gold_loss":0},{"damage_healed":0,"gold_gain":0,"player_choice":"Obtained Relic","damage_taken":0,"relics_obtained":["Sundial"],"max_hp_gain":0,"max_hp_loss":0,"event_name":"Addict","floor":19,"gold_loss":85},{"damage_healed":0,"gold_gain":0,"player_choice":"Ignored","damage_taken":0,"max_hp_gain":0,"max_hp_loss":0,"event_name":"Cursed Tome","floor":21,"gold_loss":0},{"damage_healed":0,"gold_gain":0,"player_choice":"Trade","damage_taken":0,"relics_obtained":["NlothsMask"],"max_hp_gain":0,"max_hp_loss":0,"event_name":"FaceTrader","floor":31,"gold_loss":0}],"is_beta":false,"boss_relics":[{"not_picked":["Calling Bell","Astrolabe"],"picked":"Busted Crown"}],"items_purged_floors":[22],"is_endless":false,"potions_floor_spawned":[10,11,16,20],"killed_by":"Automaton","ascension_level":20}}