{"host":"12piqfhmdln9x2la","time":1608733401,"event":{"mods":["2.2 Compatiblity","AchievementEnabler","BaseMod","BetterRewards","Colored Powertips","Minty Spire (QoL Compilation)","Quick Restart","SuperFastMode"],"gold_per_floor":[109,128,303,303,36,69,69,80,104,134,134,149,178,190,190,288,338,358,358,358,376,387,387,132,132,132],"floor_reached":25,"playtime":490,"items_purged":["Doubt","Defend_R"],"score":296,"play_id":"a2df834e-dd6a-4d6e-b799-a6c6f0573fd1","local_time":"20201223232321","is_ascension_mode":true,"campfire_choices":[{"data":"Armaments","floor":7,"key":"SMITH"},{"data":"Inflame","floor":11,"key":"SMITH"},{"data":"Defend_R","floor":15,"key":"PURGE"},{"floor":23,"key":"RECALL"}],"circlet_count":0,"master_deck":["Defend_R","Defend_R","Bash","Spot Weakness+1","Infernal Blade","Rupture","Inflame+1","Armaments+1","Flex","Anger","Sword Boomerang","Perfected Strike","Armaments","Brutality","Bite","Bite","Bite","Bite","Bite","Thunderclap"],"relics":["Burning Blood","NeowsBlessing","Bag of Marbles","Dream Catcher","Bag of Preparation","Charon\u0027s Ashes","Peace Pipe","Tiny House","Red Skull","Pen Nib"],"acts_visited":["Exordium","TheCity"],"potions_floor_usage":[16,16,22,25],"damage_taken":[{"damage":0,"enemies":"Cultist","floor":1,"turns":1},{"damage":0,"enemies":"Jaw Worm","floor":2,"turns":1},{"damage":0,"enemies":"Gremlin Nob","floor":6,"turns":1},{"damage":10,"enemies":"Small Slimes","floor":8,"turns":3},{"damage":29,"enemies":"Lagavulin","floor":10,"turns":7},{"damage":12,"enemies":"Exordium Wildlife","floor":12,"turns":3},{"damage":6,"enemies":"Gremlin Nob","floor":13,"turns":3},{"damage":0,"enemies":"3 Louse","floor":14,"turns":1},{"damage":18,"enemies":"Hexaghost","floor":16,"turns":8},{"damage":38,"enemies":"2 Thieves","floor":18,"turns":4},{"damage":15,"enemies":"3 Byrds","floor":21,"turns":3},{"damage":55,"enemies":"Sentry and Sphere","floor":22,"turns":5},{"damage":28,"enemies":"Gremlin Leader","floor":25,"turns":2}],"seed_played":"2306374271354204454","potions_obtained":[{"floor":6,"key":"HeartOfIron"},{"floor":8,"key":"BloodPotion"},{"floor":10,"key":"Swift Potion"},{"floor":13,"key":"DuplicationPotion"},{"floor":17,"key":"GamblersBrew"},{"floor":18,"key":"SpeedPotion"}],"is_trial":false,"path_per_floor":["M","M","?","?","$","E","R","M","T","E","R","M","E","M","R","B",null,"M","?","?","M","M","R","$","E"],"character_chosen":"IRONCLAD","items_purchased":["Inflame","Bag of Marbles","Pen Nib"],"campfire_rested":0,"item_purchase_floors":[5,5,24],"current_hp_per_floor":[80,80,80,80,80,80,80,76,76,53,53,47,47,53,53,41,85,53,53,53,50,13,13,13,0,0],"gold":132,"neow_bonus":"THREE_ENEMY_KILL","is_daily":false,"chose_seed":false,"campfire_upgraded":2,"win_rate":0.0,"timestamp":1608733401,"path_taken":["M","M","?","?","$","E","R","M","T","E","R","M","E","M","R","BOSS","M","?","?","M","M","R","?","E"],"items_purchased_type":["Card","Relic","Relic"],"build_version":"2020-12-22","purchased_purges":2,"victory":false,"max_hp_per_floor":[80,80,80,80,80,80,80,80,80,80,80,80,80,80,80,80,85,85,85,59,59,59,59,59,59,59],"card_choices":[{"not_picked":["Pommel Strike","Bloodletting"],"picked":"Spot Weakness","floor":1},{"not_picked":["Clash","Perfected Strike"],"picked":"Infernal Blade","floor":2},{"not_picked":["Body Slam","Anger"],"picked":"Armaments","floor":6},{"not_picked":["Shrug It Off","Warcry"],"picked":"Flex","floor":8},{"not_picked":["Dual Wield","Shrug It Off"],"picked":"Anger","floor":10},{"not_picked":["Wild Strike","Fire Breathing"],"picked":"Sword Boomerang","floor":12},{"not_picked":["Entrench","Sword Boomerang"],"picked":"Perfected Strike","floor":13},{"not_picked":["Clothesline","Rage"],"picked":"Armaments","floor":14},{"not_picked":["Barricade","Double Tap"],"picked":"Brutality","floor":16},{"not_picked":["Combust","Ghostly Armor","Armaments"],"picked":"SKIP","floor":18},{"not_picked":["Sword Boomerang","Evolve"],"picked":"Thunderclap","floor":21},{"not_picked":["Ghostly Armor","Clothesline+1","Dark Embrace"],"picked":"SKIP","floor":22}],"player_experience":111306,"relics_obtained":[{"floor":6,"key":"Dream Catcher"},{"floor":9,"key":"Bag of Preparation"},{"floor":10,"key":"Charon\u0027s Ashes"},{"floor":13,"key":"Peace Pipe"}],"event_choices":[{"damage_healed":0,"gold_gain":175,"player_choice":"AGREE","damage_taken":0,"max_hp_gain":0,"max_hp_loss":0,"event_name":"Liars Game","floor":3,"gold_loss":0,"cards_obtained":["Doubt"]},{"damage_healed":0,"gold_gain":0,"cards_transformed":["Strike_R"],"player_choice":"Transformed","damage_taken":0,"max_hp_gain":0,"max_hp_loss":0,"event_name":"Transmorgrifier","floor":4,"gold_loss":0,"cards_obtained":["Rupture"]},{"damage_healed":0,"gold_gain":0,"player_choice":"Opened","damage_taken":0,"relics_obtained":["Red Skull"],"max_hp_gain":0,"max_hp_loss":0,"event_name":"The Mausoleum","floor":19,"gold_loss":0},{"damage_healed":0,"gold_gain":0,"player_choice":"Became a vampire","damage_taken":0,"max_hp_gain":0,"max_hp_loss":26,"event_name":"Vampires","floor":20,"gold_loss":0,"cards_obtained":["Bite","Bite","Bite","Bite","Bite"]}],"is_beta":false,"boss_relics":[{"not_picked":["Fusion Hammer","Snecko Eye"],"picked":"Tiny House"}],"items_purged_floors":[5,24],"is_endless":false,"potions_floor_spawned":[6,8,10,13,14,18,21,22],"killed_by":"Gremlin Leader","ascension_level":2}}