{"host":"baymyijz6sxaqj5s","time":1608724131,"event":{"mods":["AchievementEnabler","BaseMod","Colored Map","Colored Powertips","DeckTracker","KOR Keyword Fix","Keyboard Shortcuts","Minty Spire (QoL Compilation)","Quick Restart","StSLib","SuperFastMode"],"gold_per_floor":[115,65,78,96,115,115,190,204,204,223,182,182,198,213,213,311,311,329,342,342,373,383,383,383,416,441,441,441,183,98,111,111,213,213,233,233,182,182,107,107,54,73,73,85,135,151,373,393,393,393],"floor_reached":51,"playtime":1983,"items_purged":["Blind"],"score":709,"play_id":"24dd91cb-42d3-426d-8eca-890f02446059","local_time":"20201223204851","is_ascension_mode":false,"campfire_choices":[{"data":"Heavy Blade","floor":6,"key":"SMITH"},{"floor":15,"key":"REST"},{"floor":23,"key":"REST"},{"floor":28,"key":"REST"},{"data":"Shrug It Off","floor":32,"key":"SMITH"},{"data":"Shrug It Off","floor":40,"key":"SMITH"},{"data":"Body Slam","floor":49,"key":"SMITH"}],"circlet_count":0,"master_deck":["Strike_R+1","Strike_R+1","Strike_R+1","Strike_R+1","Defend_R+1","Defend_R+1","Defend_R+1","Defend_R+1","Bash","Heavy Blade+1","Inflame","Shrug It Off+1","Shrug It Off+1","Shrug It Off+1","Spot Weakness+1","Sword Boomerang","Thunderclap","Bloodletting+1","Demon Form","Shrug It Off","Warcry","Body Slam+1","Heavy Blade+1","Shrug It Off"],"relics":["Black Blood","Champion Belt","FossilizedHelix","Sozu","Red Mask","WingedGreaves","War Paint","Matryoshka","Pantograph","Happy Flower","Darkstone Periapt","Peace Pipe"],"acts_visited":["Exordium","TheCity","TheBeyond"],"potions_floor_usage":[13,16,16,19],"damage_taken":[{"damage":0,"enemies":"Small Slimes","floor":1,"turns":3},{"damage":0,"enemies":"2 Louse","floor":3,"turns":2},{"damage":1,"enemies":"Jaw Worm","floor":4,"turns":5},{"damage":10,"enemies":"2 Fungi Beasts","floor":5,"turns":5},{"damage":0,"enemies":"3 Louse","floor":8,"turns":3},{"damage":4,"enemies":"Large Slime","floor":10,"turns":6},{"damage":12,"enemies":"Exordium Thugs","floor":13,"turns":7},{"damage":2,"enemies":"Looter","floor":14,"turns":3},{"damage":19,"enemies":"The Guardian","floor":16,"turns":9},{"damage":0,"enemies":"Chosen","floor":18,"turns":4},{"damage":17,"enemies":"2 Thieves","floor":19,"turns":3},{"damage":24,"enemies":"Masked Bandits","floor":21,"turns":5},{"damage":0,"enemies":"Snecko","floor":22,"turns":5},{"damage":31,"enemies":"Slavers","floor":25,"turns":5},{"damage":7,"enemies":"Centurion and Healer","floor":31,"turns":7},{"damage":17,"enemies":"Champ","floor":33,"turns":7},{"damage":5,"enemies":"Orb Walker","floor":35,"turns":3},{"damage":3,"enemies":"3 Shapes","floor":42,"turns":5},{"damage":2,"enemies":"3 Darklings","floor":44,"turns":6},{"damage":0,"enemies":"Mind Bloom Boss Battle","floor":45,"turns":8},{"damage":6,"enemies":"Writhing Mass","floor":46,"turns":6},{"damage":26,"enemies":"4 Shapes","floor":48,"turns":6},{"damage":73,"enemies":"Donu and Deca","floor":50,"turns":9}],"seed_played":"-2132745009615811458","potions_obtained":[{"floor":3,"key":"Dexterity Potion"},{"floor":13,"key":"SkillPotion"},{"floor":14,"key":"Fruit Juice"},{"floor":16,"key":"Swift Potion"}],"is_trial":false,"path_per_floor":["M","?","M","M","M","R","?","M","T","M","$","?","M","M","R","B",null,"M","M","?","?","M","R","?","E","T","$","R","$","?","M","R","B",null,"M","?","$","?","$","R","$","M","T","M","?","M","?","M","R","B",null],"character_chosen":"IRONCLAD","items_purchased":["Spot Weakness","Matryoshka","Shrug It Off","Warcry"],"campfire_rested":3,"item_purchase_floors":[11,29,37,41],"current_hp_per_floor":[88,88,88,88,84,84,73,79,79,81,81,63,57,61,87,79,93,93,82,82,64,70,93,93,68,68,68,93,93,93,92,92,82,93,93,93,93,93,93,93,93,93,93,93,93,93,93,79,79,32],"gold":393,"neow_bonus":"TEN_PERCENT_HP_BONUS","is_daily":false,"chose_seed":false,"campfire_upgraded":4,"win_rate":0.0,"timestamp":1608724131,"path_taken":["M","?","M","M","M","R","?","M","T","M","$","?","M","M","R","BOSS","M","M","?","?","M","R","?","E","T","$","R","$","?","M","R","R","BOSS","M","?","?","?","?","R","$","?","T","M","?","M","?","M","R","BOSS"],"items_purchased_type":["Card","Relic","Card","Card"],"build_version":"2020-12-22","purchased_purges":1,"victory":true,"max_hp_per_floor":[88,88,88,88,88,88,88,88,88,88,88,88,88,88,88,93,93,93,93,93,93,93,93,93,93,93,93,93,93,93,93,93,93,93,93,93,93,93,93,93,93,93,93,93,93,93,93,93,93,93],"card_choices":[{"not_picked":["Perfected Strike","Power Through"],"picked":"Heavy Blade","floor":1},{"not_picked":["Sentinel","Cleave"],"picked":"Inflame","floor":3},{"not_picked":["Sword Boomerang","Havoc"],"picked":"Shrug It Off","floor":4},{"not_picked":["Wild Strike","Power Through"],"picked":"Shrug It Off","floor":5},{"not_picked":["Flex","Battle Trance"],"picked":"Shrug It Off","floor":8},{"not_picked":["Searing Blow","Rupture","Battle Trance"],"picked":"SKIP","floor":10},{"not_picked":["Burning Pact","Dropkick"],"picked":"Sword Boomerang","floor":13},{"not_picked":["Infernal Blade","Dark Embrace"],"picked":"Thunderclap","floor":14},{"not_picked":["True Grit","Thunderclap","Iron Wave"],"picked":"SKIP","floor":18},{"not_picked":["Heavy Blade+1","Infernal Blade"],"picked":"Bloodletting+1","floor":19},{"not_picked":["Twin Strike+1","Shrug It Off"],"picked":"Demon Form","floor":22},{"not_picked":["Clothesline","Flex","Pommel Strike"],"picked":"SKIP","floor":25},{"not_picked":["True Grit","Twin Strike","Iron Wave"],"picked":"SKIP","floor":31},{"not_picked":["Flex","Twin Strike","Carnage"],"picked":"SKIP","floor":35},{"not_picked":["Enlightenment","Secret Technique"],"picked":"Blind","floor":38},{"not_picked":["Clash+1","Sever Soul"],"picked":"Body Slam","floor":42},{"not_picked":["Flex+1","Searing Blow","Clothesline"],"picked":"SKIP","floor":44},{"not_picked":["Perfected Strike","Brutality"],"picked":"Heavy Blade+1","floor":46},{"not_picked":["Thunderclap","Body Slam"],"picked":"Shrug It Off","floor":48}],"player_experience":200116,"relics_obtained":[{"floor":9,"key":"Champion Belt"},{"floor":21,"key":"Red Mask"},{"floor":25,"key":"WingedGreaves"},{"floor":26,"key":"War Paint"},{"floor":43,"key":"Happy Flower"},{"floor":43,"key":"Darkstone Periapt"},{"floor":45,"key":"Peace Pipe"}],"event_choices":[{"cards_removed":["Strike_R"],"damage_healed":0,"gold_gain":0,"player_choice":"Card Removal","damage_taken":0,"max_hp_gain":0,"max_hp_loss":0,"event_name":"The Cleric","floor":2,"gold_loss":50},{"damage_healed":0,"gold_gain":75,"player_choice":"Gather Gold","damage_taken":11,"max_hp_gain":0,"max_hp_loss":0,"event_name":"World of Goop","floor":7,"gold_loss":0},{"damage_healed":0,"gold_gain":0,"player_choice":"Success","damage_taken":18,"relics_obtained":["FossilizedHelix"],"max_hp_gain":0,"max_hp_loss":0,"event_name":"Scrap Ooze","floor":12,"gold_loss":0},{"damage_healed":0,"gold_gain":0,"player_choice":"Simplicity","damage_taken":0,"max_hp_gain":0,"max_hp_loss":0,"event_name":"Back to Basics","floor":20,"gold_loss":0,"cards_upgraded":["Strike_R","Strike_R","Strike_R","Strike_R","Defend_R","Defend_R","Defend_R","Defend_R"]},{"damage_healed":0,"gold_gain":0,"player_choice":"Fought Bandits","damage_taken":0,"max_hp_gain":0,"max_hp_loss":0,"event_name":"Masked Bandits","floor":21,"gold_loss":0},{"damage_healed":0,"gold_gain":0,"player_choice":"Ignored","damage_taken":0,"max_hp_gain":0,"max_hp_loss":0,"event_name":"The Mausoleum","floor":24,"gold_loss":0},{"damage_healed":0,"gold_gain":0,"player_choice":"Obtained Relic","damage_taken":0,"relics_obtained":["Pantograph"],"max_hp_gain":0,"max_hp_loss":0,"event_name":"Addict","floor":30,"gold_loss":85},{"damage_healed":0,"gold_gain":0,"player_choice":"Ignored","damage_taken":0,"max_hp_gain":0,"max_hp_loss":0,"event_name":"SecretPortal","floor":36,"gold_loss":0},{"damage_healed":0,"gold_gain":0,"player_choice":"Memory 1","damage_taken":0,"max_hp_gain":0,"max_hp_loss":0,"event_name":"SensoryStone","floor":38,"gold_loss":0},{"damage_healed":0,"gold_gain":0,"player_choice":"Fight","damage_taken":0,"max_hp_gain":0,"max_hp_loss":0,"event_name":"MindBloom","floor":45,"gold_loss":0},{"damage_healed":0,"gold_gain":222,"player_choice":"Wore Mask","damage_taken":0,"max_hp_gain":0,"max_hp_loss":0,"event_name":"Tomb of Lord Red Mask","floor":47,"gold_loss":0}],"is_beta":false,"boss_relics":[{"not_picked":["Runic Cube","Coffee Dripper"],"picked":"Sozu"},{"not_picked":["Tiny House","SacredBark"],"picked":"Black Blood"}],"items_purged_floors":[39],"is_endless":false,"potions_floor_spawned":[3,13,14,16,18,22,33,35,44,46],"ascension_level":0}}