{"host":"diy71vlueofrnn1o","time":1608753825,"event":{"mods":["2.2 Compatiblity","AchievementEnabler","BaseMod","Best Route Mod","Colored Map","Curses Come First","DeckTracker","Minty Spire (QoL Compilation)","Quick Restart","Rare Cards Sparkle","StSLib","SuperFastMode"],"gold_per_floor":[360,63,81,92,112,147,161,195,244,244,271,271,271,271,271,375,375,392,26,40,59,59,59],"floor_reached":22,"playtime":2119,"items_purged":["Regret","Strike_G"],"score":346,"play_id":"a7b16349-3dc9-4e30-b9d3-e89d77354c02","local_time":"20201223210345","is_ascension_mode":true,"campfire_choices":[{"data":"After Image","floor":10,"key":"SMITH"},{"floor":12,"key":"REST"},{"floor":15,"key":"REST"}],"circlet_count":0,"master_deck":["Strike_G+1","Strike_G+1","Strike_G","Strike_G","Defend_G","Defend_G","Defend_G","Defend_G","Defend_G","Survivor","Neutralize","Bane","After Image+1","Prepared","Footwork","Dash","Crippling Poison","Flying Knee","A Thousand Cuts","Bouncing Flask+1","Bullet Time+1","Deflect+1","Leg Sweep+1","Escape Plan+1","Terror+1"],"relics":["Ring of the Snake","PreservedInsect","Bag of Marbles","Ancient Tea Set","Snake Skull","Toxic Egg 2","Oddly Smooth Stone","SlaversCollar","Membership Card","Calipers"],"acts_visited":["Exordium","TheCity"],"potions_floor_usage":[5,16,20],"damage_taken":[{"damage":6,"enemies":"Cultist","floor":1,"turns":4},{"damage":6,"enemies":"Small Slimes","floor":3,"turns":4},{"damage":9,"enemies":"Jaw Worm","floor":4,"turns":7},{"damage":0,"enemies":"Exordium Wildlife","floor":5,"turns":4},{"damage":18,"enemies":"Lagavulin","floor":6,"turns":9},{"damage":7,"enemies":"Lots of Slimes","floor":7,"turns":4},{"damage":4,"enemies":"Gremlin Nob","floor":8,"turns":4},{"damage":12,"enemies":"Lagavulin","floor":11,"turns":6},{"damage":0,"enemies":"Hexaghost","floor":16,"turns":7},{"damage":18,"enemies":"Chosen","floor":18,"turns":5},{"damage":23,"enemies":"3 Byrds","floor":20,"turns":5},{"damage":0,"enemies":"Centurion and Healer","floor":21,"turns":7},{"damage":23,"enemies":"Chosen and Byrds","floor":22,"turns":4}],"seed_played":"4776720140768884776","potions_obtained":[{"floor":1,"key":"AttackPotion"},{"floor":4,"key":"DuplicationPotion"},{"floor":5,"key":"SneckoOil"},{"floor":11,"key":"SteroidPotion"},{"floor":16,"key":"DuplicationPotion"}],"is_trial":false,"path_per_floor":["M","$","M","M","M","E","M","E","T","R","E","R","?","T","R","B",null,"M","$","M","M","M"],"character_chosen":"THE_SILENT","items_purchased":["PreservedInsect","After Image","Membership Card","Calipers","Leg Sweep+1"],"campfire_rested":2,"item_purchase_floors":[2,2,19,19,19],"current_hp_per_floor":[57,57,51,42,42,24,17,13,13,13,1,22,8,8,29,29,60,42,42,19,19,0,0],"gold":59,"neow_bonus":"TWO_FIFTY_GOLD","is_daily":false,"chose_seed":false,"campfire_upgraded":1,"win_rate":0.0,"timestamp":1608753825,"path_taken":["M","$","M","?","M","E","M","E","T","R","E","R","?","?","R","BOSS","M","$","M","M","M"],"items_purchased_type":["Relic","Card","Relic","Relic","Card"],"build_version":"2020-12-22","purchased_purges":2,"victory":false,"max_hp_per_floor":[70,70,70,70,70,70,70,70,70,70,70,70,70,70,70,70,70,70,70,70,70,70,70],"card_choices":[{"not_picked":["Calculated Gamble","Reflex"],"picked":"Bane","floor":1},{"not_picked":["PiercingWail","Acrobatics"],"picked":"Prepared","floor":3},{"not_picked":["Outmaneuver","Poisoned Stab"],"picked":"Footwork","floor":4},{"not_picked":["Bouncing Flask","Cloak And Dagger"],"picked":"Dash","floor":5},{"not_picked":["Calculated Gamble","Sucker Punch"],"picked":"Crippling Poison","floor":6},{"not_picked":["Poisoned Stab","Sucker Punch"],"picked":"Flying Knee","floor":7},{"not_picked":["After Image","PiercingWail"],"picked":"A Thousand Cuts","floor":8},{"not_picked":["Heel Hook","Dagger Spray"],"picked":"Bouncing Flask+1","floor":11},{"not_picked":["Grand Finale","After Image"],"picked":"Bullet Time+1","floor":16},{"not_picked":["Setup+1","Bane"],"picked":"Deflect+1","floor":18},{"not_picked":["Masterful Stab","All Out Attack+1"],"picked":"Escape Plan+1","floor":20},{"not_picked":["Outmaneuver+1","Dash"],"picked":"Terror+1","floor":21}],"player_experience":382401,"relics_obtained":[{"floor":6,"key":"Bag of Marbles"},{"floor":8,"key":"Ancient Tea Set"},{"floor":9,"key":"Snake Skull"},{"floor":11,"key":"Toxic Egg 2"},{"floor":14,"key":"Oddly Smooth Stone"}],"event_choices":[{"damage_healed":0,"gold_gain":0,"player_choice":"Entered Light","damage_taken":14,"max_hp_gain":0,"max_hp_loss":0,"event_name":"Shining Light","floor":13,"gold_loss":0,"cards_upgraded":["Strike_G","Strike_G"]}],"is_beta":false,"boss_relics":[{"not_picked":["HoveringKite","Pandora\u0027s Box"],"picked":"SlaversCollar"}],"items_purged_floors":[2,19],"is_endless":false,"potions_floor_spawned":[1,4,5,11,16],"killed_by":"Chosen and Byrds","ascension_level":7}}