{"host":"by8i6f8xc0ywpsd5","time":1608728893,"event":{"mods":["BaseMod","Colored Map","Minty Spire (QoL Compilation)","Relic Stats"],"gold_per_floor":[360,372,1,1,16,16,48,48,99,110,139,64,94,110,110,181,181,200,200,214,234,39,51,84,84,84,111,111,111,127,458,458,458,458],"floor_reached":33,"playtime":2126,"items_purged":["Doubt"],"score":655,"play_id":"793e6388-89aa-4a6e-8fad-ee841d92524b","local_time":"20201223150813","is_ascension_mode":true,"campfire_choices":[{"data":"Hemokinesis","floor":6.0,"key":"SMITH"},{"data":"Bash","floor":8.0,"key":"SMITH"},{"data":"Disarm","floor":15,"key":"SMITH"},{"floor":25,"key":"REST"},{"data":"Apotheosis","floor":29,"key":"SMITH"},{"data":"Juggernaut","floor":32,"key":"SMITH"}],"circlet_count":0,"master_deck":["AscendersBane","Strike_R","Strike_R","Strike_R","Defend_R","Defend_R","Defend_R","Defend_R","Bash+1","Power Through","Twin Strike","Feel No Pain","Hemokinesis+1","Shockwave","Dark Embrace","Reckless Charge","Disarm+1","Reckless Charge","Reckless Charge","Juggernaut+1","Shrug It Off","Wild Strike","Ghostly Armor","Battle Trance+1","Burning Pact","Apotheosis+1","True Grit","Shrug It Off","Ghostly","Ghostly","Ghostly"],"relics":["Burning Blood","Oddly Smooth Stone","Regal Pillow","Happy Flower","Odd Mushroom","Bag of Marbles","Sozu","The Courier","Pear","Strawberry","Old Coin"],"acts_visited":["Exordium","TheCity"],"potions_floor_usage":[13,24],"damage_taken":[{"damage":0.0,"enemies":"2 Louse","floor":1.0,"turns":3.0},{"damage":28.0,"enemies":"Jaw Worm","floor":2.0,"turns":8.0},{"damage":2.0,"enemies":"Cultist","floor":5.0,"turns":3.0},{"damage":15.0,"enemies":"3 Sentries","floor":7.0,"turns":12.0},{"damage":8,"enemies":"2 Fungi Beasts","floor":10,"turns":3},{"damage":14,"enemies":"The Mushroom Lair","floor":11,"turns":4},{"damage":6,"enemies":"Lagavulin","floor":13,"turns":7},{"damage":5,"enemies":"Looter","floor":14,"turns":2},{"damage":27,"enemies":"Hexaghost","floor":16,"turns":10},{"damage":26,"enemies":"2 Thieves","floor":18,"turns":4},{"damage":2,"enemies":"Chosen","floor":20,"turns":4},{"damage":6,"enemies":"Centurion and Healer","floor":21,"turns":5},{"damage":15,"enemies":"Snake Plant","floor":23,"turns":4},{"damage":21,"enemies":"Gremlin Leader","floor":24,"turns":7},{"damage":17,"enemies":"Book of Stabbing","floor":27,"turns":5},{"damage":2,"enemies":"Sentry and Sphere","floor":30,"turns":6},{"damage":8,"enemies":"Gremlin Leader","floor":31,"turns":8},{"damage":31,"enemies":"Collector","floor":33,"turns":11}],"seed_played":"6444279776596407305","potions_obtained":[{"floor":2.0,"key":"BlessingOfTheForge"},{"floor":10,"key":"BlessingOfTheForge"},{"floor":11,"key":"BlessingOfTheForge"}],"is_trial":false,"path_per_floor":["M","M","$","?","M","R","E","R","T","M","?","?","E","M","R","B",null,"M","?","M","M","$","M","E","R","T","E","?","R","M","E","R","B"],"character_chosen":"IRONCLAD","items_purchased":["Feel No Pain","Hemokinesis","Oddly Smooth Stone","Apotheosis"],"campfire_rested":1,"item_purchase_floors":[3,3,3,22],"current_hp_per_floor":[74,52,52,45,49,49,40,40,40,38,30,30,30,31,31,10,59,39,39,43,43,43,34,19,56,66,62,46,46,46,44,44,13,13],"gold":458,"neow_bonus":"TWO_FIFTY_GOLD","is_daily":false,"chose_seed":false,"campfire_upgraded":5,"win_rate":0.0,"timestamp":1608728893,"path_taken":["M","M","$","?","M","R","E","R","T","M","?","?","E","M","R","BOSS","M","?","M","?","$","M","E","R","T","E","?","R","M","E","R","BOSS"],"items_purchased_type":["Card","Card","Relic","Card"],"build_version":"2020-12-22","purchased_purges":1,"victory":false,"max_hp_per_floor":[75,75,75,75,75,75,75,75,75,75,75,75,75,75,75,75,75,75,75,75,75,75,75,75,75,85,92,46,46,46,46,46,46,46],"relic_stats":{"Sozu":3,"Regal Pillow":15,"Happy Flower":[26],"counters":[18,106],"obtain_stats":[{"Sozu":17,"Regal Pillow":7,"Pear":26,"Happy Flower":9,"Strawberry":27,"Oddly Smooth Stone":3,"The Courier":24,"Bag of Marbles":13,"Odd Mushroom":11,"Burning Blood":0,"Old Coin":31},{"Sozu":9,"Regal Pillow":4,"Pear":14,"Happy Flower":4,"Strawberry":15,"Oddly Smooth Stone":2,"The Courier":14,"Bag of Marbles":7,"Odd Mushroom":6,"Burning Blood":0,"Old Coin":17},{"Sozu":52,"Regal Pillow":26,"Pear":76,"Happy Flower":26,"Strawberry":81,"Oddly Smooth Stone":11,"The Courier":76,"Bag of Marbles":40,"Odd Mushroom":33,"Burning Blood":0,"Old Coin":95}],"Burning Blood":98},"card_choices":[{"not_picked":["Thunderclap","Disarm"],"picked":"Power Through","floor":1.0},{"not_picked":["Thunderclap","Heavy Blade"],"picked":"Twin Strike","floor":2.0},{"not_picked":["Carnage","Headbutt"],"picked":"Shockwave","floor":5.0},{"not_picked":["Thunderclap","Cleave"],"picked":"Dark Embrace","floor":7.0},{"not_picked":["Double Tap","Cleave"],"picked":"Reckless Charge","floor":10},{"not_picked":["Clash","Heavy Blade"],"picked":"Disarm","floor":11},{"not_picked":["Shockwave","Heavy Blade"],"picked":"Reckless Charge","floor":13},{"not_picked":["Headbutt","Pommel Strike"],"picked":"Reckless Charge","floor":14},{"not_picked":["Brutality","Fiend Fire"],"picked":"Juggernaut","floor":16},{"not_picked":["Rampage","Flame Barrier"],"picked":"Shrug It Off","floor":18},{"not_picked":["Clash","Searing Blow+1"],"picked":"Battle Trance+1","floor":20},{"not_picked":["Shrug It Off","Spot Weakness+1"],"picked":"Burning Pact","floor":21},{"not_picked":["Combust","Clash","Thunderclap"],"picked":"SKIP","floor":23},{"not_picked":["Metallicize","Wild Strike"],"picked":"True Grit","floor":24},{"not_picked":["Ghostly Armor","Searing Blow"],"picked":"Shrug It Off","floor":27},{"not_picked":["Entrench+1","Clash","Spot Weakness+1"],"picked":"SKIP","floor":30},{"not_picked":["Pummel","Headbutt","Rampage"],"picked":"SKIP","floor":31}],"player_experience":1695095,"relics_obtained":[{"floor":7.0,"key":"Regal Pillow"},{"floor":9.0,"key":"Happy Flower"},{"floor":11,"key":"Odd Mushroom"},{"floor":13,"key":"Bag of Marbles"},{"floor":24,"key":"The Courier"},{"floor":26,"key":"Pear"},{"floor":27,"key":"Strawberry"},{"floor":31,"key":"Old Coin"}],"event_choices":[{"cards_removed":["Strike_R"],"damage_healed":0.0,"max_hp_gain":0.0,"max_hp_loss":0.0,"gold_gain":0.0,"event_name":"Golden Wing","player_choice":"Card Removal","floor":4.0,"gold_loss":0.0,"damage_taken":7.0},{"damage_healed":0,"gold_gain":0,"player_choice":"Fought Mushrooms","damage_taken":0,"max_hp_gain":0,"max_hp_loss":0,"event_name":"Mushrooms","floor":11,"gold_loss":0},{"cards_removed":["Strike_R"],"damage_healed":0,"gold_gain":0,"player_choice":"Card Removal","damage_taken":0,"max_hp_gain":0,"max_hp_loss":0,"event_name":"The Cleric","floor":12,"gold_loss":75},{"damage_healed":0,"gold_gain":0,"player_choice":"2 cards matched","damage_taken":0,"max_hp_gain":0,"max_hp_loss":0,"event_name":"Match and Keep!","floor":19,"gold_loss":0,"cards_obtained":["Wild Strike","Ghostly Armor"]},{"damage_healed":0,"gold_gain":0,"player_choice":"Became a Ghost","damage_taken":0,"max_hp_gain":0,"max_hp_loss":46,"event_name":"Ghosts","floor":28,"gold_loss":0,"cards_obtained":["Ghostly","Ghostly","Ghostly"]}],"is_beta":false,"boss_relics":[{"not_picked":["SlaversCollar","Fusion Hammer"],"picked":"Sozu"}],"items_purged_floors":[3],"is_endless":false,"potions_floor_spawned":[2,10,11,18,20,30],"killed_by":"Collector","ascension_level":20}}