{"host":"2e3z4r48quhw80cc","time":1608719317,"event":{"mods":["BaseMod","Minty Spire (QoL Compilation)","Quick Restart","StSLib","SuperFastMode"],"gold_per_floor":[111,186,186,104,104,131,131,161,233,248,259,259,273,118,118,223,223,239,164,22,37,37,37,52,52,99,99,111,111,111,111,111],"floor_reached":31,"playtime":861,"items_purged":["Strike_B"],"score":451,"play_id":"ebafbc4d-9f75-406c-8a5f-06800df6b86a","local_time":"20201223192837","is_ascension_mode":true,"campfire_choices":[{"data":"Zap","floor":7.0,"key":"SMITH"},{"data":"White Noise","floor":12.0,"key":"SMITH"},{"data":"Barrage","floor":15.0,"key":"SMITH"},{"data":"Fission","floor":23.0,"key":"SMITH"},{"data":"Rainbow","floor":25.0,"key":"SMITH"},{"data":"Self Repair","floor":27.0,"key":"SMITH"}],"circlet_count":0,"master_deck":["AscendersBane","Strike_B","Zap+1","Dualcast","Chill","Capacitor","Self Repair+1","White Noise+1","Capacitor","Barrage+1","Echo Form","Fission+1","Hello World+1","Auto Shields+1","White Noise+1","FTL","Rainbow+1","Glacier","Hologram","Genetic Algorithm"],"relics":["Cracked Core","NeowsBlessing","Singing Bowl","Lantern","Question Card","Sundial","Astrolabe","Boot"],"acts_visited":["Exordium","TheCity"],"potions_floor_usage":[],"damage_taken":[{"damage":0.0,"enemies":"Small Slimes","floor":1.0,"turns":1.0},{"damage":0.0,"enemies":"3 Sentries","floor":6.0,"turns":1.0},{"damage":0.0,"enemies":"Gremlin Nob","floor":8.0,"turns":1.0},{"damage":11.0,"enemies":"Jaw Worm","floor":10.0,"turns":6.0},{"damage":3.0,"enemies":"2 Louse","floor":11.0,"turns":3.0},{"damage":11.0,"enemies":"Large Slime","floor":13.0,"turns":7.0},{"damage":25.0,"enemies":"The Guardian","floor":16.0,"turns":10.0},{"damage":7.0,"enemies":"3 Byrds","floor":18.0,"turns":2.0},{"damage":22.0,"enemies":"Spheric Guardian","floor":21.0,"turns":4.0},{"damage":15.0,"enemies":"Centurion and Healer","floor":24.0,"turns":5.0},{"damage":43.0,"enemies":"3 Cultists","floor":28.0,"turns":7.0},{"damage":22,"enemies":"Colosseum Slavers","floor":30,"turns":2},{"damage":0,"enemies":"Snecko","floor":31,"turns":3}],"seed_played":"7773780359018793589","potions_obtained":[{"floor":8.0,"key":"FearPotion"},{"floor":10.0,"key":"Swift Potion"},{"floor":11.0,"key":"LiquidBronze"},{"floor":18.0,"key":"BlessingOfTheForge"},{"floor":24.0,"key":"BlessingOfTheForge"}],"is_trial":false,"path_per_floor":["M","?","?","$","?","E","R","E","T","M","M","R","M","$","R","B",null,"M","?","$","M","?","R","M","R","T","R","M","?","?","M"],"character_chosen":"DEFECT","items_purchased":["Capacitor","Echo Form","Rainbow"],"campfire_rested":0,"item_purchase_floors":[4,14,20],"current_hp_per_floor":[68,57,45,45,50,50,50,57,57,55,59,59,55,55,55,37,71,71,71,71,58,58,58,57,57,57,57,26,26,4,4,4],"gold":111,"neow_bonus":"THREE_ENEMY_KILL","is_daily":false,"chose_seed":false,"campfire_upgraded":6,"win_rate":0.0,"timestamp":1608719317,"path_taken":["M","?","?","$","?","E","R","E","T","M","M","R","M","$","R","BOSS","M","?","$","M","?","R","?","R","T","R","M","?","?","M"],"items_purchased_type":["Card","Card","Card"],"build_version":"2020-12-22","purchased_purges":1,"victory":false,"max_hp_per_floor":[75,75,75,75,80,80,80,80,80,82,82,82,82,82,82,82,82,82,82,82,84,84,84,84,84,84,84,86,86,86,86,86],"card_choices":[{"not_picked":["Gash","Streamline"],"picked":"Chill","floor":1.0},{"not_picked":["Rebound","Hologram"],"picked":"Self Repair","floor":6.0},{"not_picked":["Reprogram","Stack"],"picked":"White Noise","floor":8.0},{"not_picked":["Hologram","Conserve Battery","Compile Driver","Go for the Eyes"],"picked":"Singing Bowl","floor":10.0},{"not_picked":["Coolheaded","Stack","Beam Cell"],"picked":"Capacitor","floor":11.0},{"not_picked":["BootSequence","Hello World","Rip and Tear"],"picked":"Barrage","floor":13.0},{"not_picked":["Seek","Buffer","Echo Form"],"picked":"Fission","floor":16.0},{"not_picked":["Cold Snap","Gash+1","Coolheaded"],"picked":"FTL","floor":18.0},{"not_picked":["Chill","Barrage+1","Rebound+1","Steam"],"picked":"Singing Bowl","floor":21.0},{"not_picked":["Steam+1","Aggregate","Reprogram"],"picked":"Glacier","floor":24.0},{"not_picked":["Rebound","Stack+1","Steam","Streamline+1"],"picked":"Singing Bowl","floor":28.0}],"player_experience":76090,"relics_obtained":[{"floor":6.0,"key":"Lantern"},{"floor":8.0,"key":"Question Card"},{"floor":9.0,"key":"Sundial"},{"floor":26.0,"key":"Boot"}],"event_choices":[{"damage_healed":0.0,"max_hp_gain":0.0,"max_hp_loss":0.0,"gold_gain":75.0,"event_name":"World of Goop","player_choice":"Gather Gold","floor":2.0,"gold_loss":0.0,"damage_taken":11.0},{"damage_healed":0.0,"max_hp_gain":0.0,"max_hp_loss":0.0,"gold_gain":0.0,"event_name":"Scrap Ooze","player_choice":"Success","floor":3.0,"gold_loss":0.0,"damage_taken":12.0,"relics_obtained":["Singing Bowl"]},{"damage_healed":0.0,"max_hp_gain":5.0,"max_hp_loss":0.0,"gold_gain":0.0,"event_name":"Big Fish","player_choice":"Donut","floor":5.0,"gold_loss":0.0,"damage_taken":0.0},{"cards_removed":["Defend_B"],"damage_healed":0.0,"max_hp_gain":0.0,"max_hp_loss":0.0,"gold_gain":0.0,"event_name":"Beggar","player_choice":"Gave Gold","floor":19.0,"gold_loss":75.0,"damage_taken":0.0},{"damage_healed":0.0,"max_hp_gain":0.0,"max_hp_loss":0.0,"gold_gain":0.0,"event_name":"Ghosts","player_choice":"Ignored","floor":22.0,"gold_loss":0.0,"damage_taken":0.0},{"damage_healed":0.0,"max_hp_gain":0.0,"max_hp_loss":0.0,"gold_gain":0.0,"cards_transformed":["Defend_B","Defend_B"],"event_name":"Drug Dealer","player_choice":"Became Test Subject","floor":29.0,"gold_loss":0.0,"damage_taken":0.0,"cards_obtained":["Hologram","Genetic Algorithm"]},{"damage_healed":0,"gold_gain":0,"player_choice":"Fight","damage_taken":0,"max_hp_gain":0,"max_hp_loss":0,"event_name":"Colosseum","floor":30,"gold_loss":0},{"damage_healed":0,"gold_gain":0,"player_choice":"Fled From Nobs","damage_taken":0,"max_hp_gain":0,"max_hp_loss":0,"event_name":"Colosseum","floor":30,"gold_loss":0}],"is_beta":false,"boss_relics":[{"not_picked":["Velvet Choker","Philosopher\u0027s Stone"],"picked":"Astrolabe"}],"items_purged_floors":[14],"is_endless":false,"potions_floor_spawned":[8,10,11,18,24],"killed_by":"Snecko","ascension_level":11}}