{"host":"pi8b3ffzwvxqztac","time":1608736818,"event":{"mods":["BaseMod","Colored Map","Downfall","Minty Spire (QoL Compilation)","StSLib"],"gold_per_floor":[99,109,125,144,319,244,291,216,216,235,145,165,177,195,207,304,304,304,316,330,20,20,34,34,47,47,76,1,28,28,28,46,146,146,146,158,175,175,175,68,143,143,143,156,256,254,273,53,73,73,73,73,73,73],"floor_reached":52,"playtime":3632,"items_purged":["Doubt","champ:Strike","champ:Strike"],"score":686,"play_id":"0c92b43e-83e7-4b42-9ef8-ae120f70238b","local_time":"20201224042018","is_ascension_mode":false,"campfire_choices":[{"floor":1,"key":"RECALL"},{"data":"champ:Taunt","floor":6,"key":"SMITH"},{"data":"champ:FanOfKnives","floor":8,"key":"SMITH"},{"data":"champ:StrikeOfGenius","floor":18,"key":"SMITH"},{"data":"Apotheosis","floor":26,"key":"SMITH"},{"floor":28,"key":"REST"},{"floor":30,"key":"REST"},{"data":"champ:MurderStrike","floor":35,"key":"SMITH"},{"data":"expansioncontent:DashGenerateEvil","floor":43,"key":"SMITH"}],"circlet_count":0,"master_deck":["champ:Strike","champ:Strike","champ:Defend","champ:Defend","champ:Defend","champ:Defend","champ:Execute","champ:Taunt+1","champ:DefensiveShout","champ:FanOfKnives+1","champ:BerserkersShout","expansioncontent:Collect","champ:StrikeOfGenius+1","champ:BringItOn","champ:Encircle","champ:GladiatorsShout","champ:MurderStrike+1","champ:RapidStrikes","Apotheosis+1","champ:BringItOn","champ:AdrenalArmor","champ:LastStand","champ:FanOfKnives","expansioncontent:DashGenerateEvil+1","Parasite","champ:AdrenalArmor+1","Panacea","champ:FlashCut"],"relics":["champ:ChampionCrown","downfall:HeartBlessingRed","downfall:HeartBlessingBlue","Velvet Choker","Membership Card","Gremlin Horn","InkBottle","downfall:HeartBlessingGreen","Potion Belt","Busted Crown","Letter Opener","Vajra","CaptainsWheel","champ:BerserkersGuideToSlaughter","Incense Burner"],"acts_visited":["Exordium","TheCity","TheBeyond","TheEnding"],"potions_floor_usage":[12,16,19,27,37,50,52],"damage_taken":[{"damage":10,"enemies":"Small Slimes","floor":2,"turns":6},{"damage":11,"enemies":"Jaw Worm","floor":3,"turns":3},{"damage":5,"enemies":"Cultist","floor":4,"turns":3},{"damage":48,"enemies":"Large Slime","floor":10,"turns":7},{"damage":17,"enemies":"downfall:FleeingMerchant","floor":11,"turns":4},{"damage":3,"enemies":"Exordium Thugs","floor":12,"turns":3},{"damage":8,"enemies":"Blue Slaver","floor":13,"turns":4},{"damage":30,"enemies":"Large Slime","floor":14,"turns":7},{"damage":12,"enemies":"3 Louse","floor":15,"turns":3},{"damage":62,"enemies":"downfall:Silent","floor":16,"turns":9},{"damage":10,"enemies":"Spheric Guardian","floor":19,"turns":3},{"damage":6,"enemies":"3 Byrds","floor":20,"turns":4},{"damage":35,"enemies":"downfall:FleeingMerchant","floor":21,"turns":4},{"damage":39,"enemies":"Snake Plant","floor":23,"turns":3},{"damage":11,"enemies":"Snecko","floor":25,"turns":4},{"damage":62,"enemies":"Gremlin Leader","floor":27,"turns":5},{"damage":65,"enemies":"Slavers","floor":29,"turns":4},{"damage":29,"enemies":"3 Cultists","floor":32,"turns":4},{"damage":67,"enemies":"downfall:Ironclad","floor":33,"turns":7},{"damage":16,"enemies":"Orb Walker","floor":36,"turns":3},{"damage":19,"enemies":"3 Shapes","floor":37,"turns":5},{"damage":20,"enemies":"downfall:FleeingMerchant","floor":40,"turns":4},{"damage":17,"enemies":"Writhing Mass","floor":44,"turns":6},{"damage":5,"enemies":"downfall:FleeingMerchant","floor":46,"turns":4},{"damage":5,"enemies":"Sphere and 2 Shapes","floor":47,"turns":3},{"damage":27,"enemies":"Spire Growth","floor":49,"turns":5},{"damage":19,"enemies":"downfall:Defect","floor":50,"turns":7},{"damage":114,"enemies":"downfall:CharBossMerchant","floor":52,"turns":7}],"seed_played":"6537341772270462934","potions_obtained":[{"floor":10,"key":"sneckomod:MuddlingPotion"},{"floor":14,"key":"SpeedPotion"},{"floor":16,"key":"ColorlessPotion"},{"floor":19,"key":"Energy Potion"},{"floor":27,"key":"BlessingOfTheForge"},{"floor":29,"key":"hexamod:EctoCoolerPotion"},{"floor":33,"key":"Regen Potion"},{"floor":37,"key":"DistilledChaos"},{"floor":44,"key":"Explosive Potion"}],"is_trial":false,"path_per_floor":["R","M","M","M","?","R","T","R","?","M","$","M","M","M","M","B",null,"R","M","M","$","?","M","T","M","R","E","R","E","R","?","M","B",null,"R","M","M","?","?","?","T","?","R","M","?","$","M","$","M","B",null,"E"],"character_chosen":"THE_CHAMP","items_purchased":["Membership Card","Apotheosis","expansioncontent:DashGenerateEvil","Panacea","Vajra","CaptainsWheel","champ:FlashCut","champ:BerserkersGuideToSlaughter","Incense Burner"],"campfire_rested":2,"item_purchase_floors":[21,21,40,46,46,46,46,48,48],"current_hp_per_floor":[99,97,96,96,96,96,96,106,106,74,74,74,72,59,57,19,109,109,109,109,94,94,75,75,75,75,45,77,26,58,109,109,94,109,109,109,98,98,98,93,93,93,93,90,90,90,89,89,77,103,109,0,0,0],"gold":73,"neow_bonus":"TEN_PERCENT_HP_BONUS","is_daily":false,"chose_seed":false,"campfire_upgraded":6,"win_rate":0.0,"timestamp":1608736818,"path_taken":["R","M","M","M","?","R","T","R","?","M","$","M","?","M","M","BOSS","R","M","M","$","?","M","T","M","R","E","R","E","R","?","M","BOSS","R","M","M","?","?","?","T","?","R","?","?","$","M","$","M","BOSS","E"],"items_purchased_type":["Relic","Card","Card","Card","Relic","Relic","Card","Relic","Relic"],"build_version":"2020-12-22","purchased_purges":3,"victory":false,"max_hp_per_floor":[99,99,99,99,99,99,99,109,109,109,109,109,109,109,109,109,109,109,109,109,109,109,109,109,109,109,109,109,109,109,109,109,109,109,109,109,109,109,109,109,109,109,109,109,109,109,109,109,109,109,109,109,109,109],"card_choices":[{"not_picked":["champ:CrookedStrike","champ:BerserkersShout"],"picked":"champ:DefensiveShout","floor":2},{"not_picked":["champ:DefensiveShout","champ:Circumvent"],"picked":"champ:FanOfKnives","floor":3},{"not_picked":["champ:PerfectedStrike","champ:DefensiveShout"],"picked":"champ:BerserkersShout","floor":4},{"not_picked":["champ:CrookedStrike","champ:Circumvent"],"picked":"champ:BringItOn","floor":10},{"not_picked":["champ:ViciousMockery","champ:StanceDance","champ:TornadoPunch"],"picked":"SKIP","floor":11},{"not_picked":["champ:BerserkerStyle","champ:StrikeOfGenius"],"picked":"champ:Encircle","floor":12},{"not_picked":["champ:BladeFlurry","champ:TornadoPunch"],"picked":"champ:GladiatorsShout","floor":13},{"not_picked":["champ:DefensiveStyle","champ:FanOfKnives","champ:DefensiveShout"],"picked":"SKIP","floor":14},{"not_picked":["champ:Haymaker","champ:BladeFlurry","champ:GladiatorsShout"],"picked":"SKIP","floor":15},{"not_picked":["champ:LastStand","champ:ShieldSlam"],"picked":"champ:MurderStrike","floor":16},{"not_picked":["champ:GladiatorsShout+1","champ:BerserkersShout"],"picked":"champ:RapidStrikes","floor":19},{"not_picked":["champ:BladeFlurry","champ:DefensiveStyle","champ:Encircle"],"picked":"SKIP","floor":20},{"not_picked":["champ:GladiatorsShout","champ:BerserkersShout"],"picked":"champ:EndlessRage","floor":21},{"not_picked":["champ:FocusedDefense+1","champ:StanceDance"],"picked":"champ:BringItOn","floor":23},{"not_picked":["champ:BladeFlurry","champ:Haymaker+1","champ:ShieldThrow"],"picked":"SKIP","floor":25},{"not_picked":["champ:FightOn","champ:Encircle","champ:Riposte"],"picked":"SKIP","floor":27},{"not_picked":["champ:FaceSlap","champ:Duel"],"picked":"champ:AdrenalArmor","floor":29},{"not_picked":["champ:EnragedBash+1","champ:TornadoPunch+1","champ:Haymaker+1"],"picked":"SKIP","floor":32},{"not_picked":["champ:Devastate","champ:IgnorePain"],"picked":"champ:LastStand","floor":33},{"not_picked":["champ:PerfectedStrike"],"picked":"SKIP","floor":36},{"not_picked":["champ:Encircle"],"picked":"SKIP","floor":37},{"not_picked":[],"picked":"champ:FanOfKnives","floor":40},{"not_picked":[],"picked":"champ:AdrenalArmor+1","floor":44},{"not_picked":["champ:TornadoPunch+1"],"picked":"SKIP","floor":46},{"not_picked":["champ:PreciseThrust"],"picked":"SKIP","floor":47},{"not_picked":["champ:GladiatorsShout+1"],"picked":"SKIP","floor":49}],"player_experience":430638,"relics_obtained":[{"floor":24,"key":"Gremlin Horn"},{"floor":27,"key":"InkBottle"},{"floor":29,"key":"Potion Belt"},{"floor":41,"key":"Letter Opener"}],"event_choices":[{"damage_healed":51,"gold_gain":0,"player_choice":"Full Heal","damage_taken":0,"max_hp_gain":0,"max_hp_loss":0,"event_name":"Wheel of Change","floor":31,"gold_loss":0},{"cards_removed":["champ:EndlessRage"],"damage_healed":0,"gold_gain":0,"player_choice":"Removed Power","damage_taken":0,"max_hp_gain":0,"max_hp_loss":0,"event_name":"Falling","floor":39,"gold_loss":0}],"is_beta":false,"boss_relics":[{"not_picked":["Sozu","downfall:Hecktoplasm"],"picked":"Velvet Choker"},{"not_picked":["Snecko Eye","Cursed Key"],"picked":"Busted Crown"}],"items_purged_floors":[11,21,46],"is_endless":false,"potions_floor_spawned":[10,14,16,19,27,29,33,37,44],"killed_by":"downfall:CharBossMerchant","ascension_level":0}}