{"host":"1tkoe3l8wf0xx8if","time":1608748646,"event":{"mods":["AchievementEnabler","BaseMod","Colored Map","Minty Spire (QoL Compilation)","Quick Restart","StSLib","SuperFastMode"],"gold_per_floor":[365,376,391,411,423,423,450,450,450,478,498,79,114,125,125,226,226,240,251,6,6,6,38,38,51,51,51,66,66,66],"floor_reached":29,"playtime":921,"items_purged":["Strike_B","Strike_B"],"score":320,"play_id":"3d679458-918d-49c0-89c2-5cc3d5d49290","local_time":"20201224033726","is_ascension_mode":true,"campfire_choices":[{"data":"Dualcast","floor":6.0,"key":"SMITH"},{"data":"Go for the Eyes","floor":8.0,"key":"SMITH"},{"floor":15.0,"key":"REST"},{"data":"Reboot","floor":24.0,"key":"SMITH"}],"circlet_count":0,"master_deck":["Strike_B","Strike_B","Defend_B","Defend_B","Defend_B","Defend_B","Zap","Dualcast+1","Rebound","Storm","Compile Driver","Ball Lightning","Go for the Eyes+1","Electrodynamics","Self Repair","Conserve Battery","Echo Form","Reboot+1"],"relics":["Cracked Core","Tiny Chest","Singing Bowl","Blue Candle","Runic Capacitor","DataDisk","Sozu","OrangePellets","Toy Ornithopter","Letter Opener"],"acts_visited":["Exordium","TheCity"],"potions_floor_usage":[],"damage_taken":[{"damage":0.0,"enemies":"Small Slimes","floor":1.0,"turns":2.0},{"damage":1.0,"enemies":"Cultist","floor":2.0,"turns":3.0},{"damage":2.0,"enemies":"Jaw Worm","floor":3.0,"turns":2.0},{"damage":12.0,"enemies":"Looter","floor":4.0,"turns":3.0},{"damage":8.0,"enemies":"Exordium Wildlife","floor":5.0,"turns":3.0},{"damage":25.0,"enemies":"3 Sentries","floor":7.0,"turns":5.0},{"damage":7.0,"enemies":"Gremlin Nob","floor":10.0,"turns":3.0},{"damage":4.0,"enemies":"Blue Slaver","floor":11.0,"turns":2.0},{"damage":4.0,"enemies":"3 Sentries","floor":13.0,"turns":3.0},{"damage":6.0,"enemies":"3 Louse","floor":14.0,"turns":2.0},{"damage":24.0,"enemies":"Slime Boss","floor":16.0,"turns":4.0},{"damage":9.0,"enemies":"2 Thieves","floor":18.0,"turns":2.0},{"damage":3.0,"enemies":"Chosen","floor":19.0,"turns":4.0},{"damage":39.0,"enemies":"Slavers","floor":23.0,"turns":4.0},{"damage":18.0,"enemies":"Snecko","floor":25.0,"turns":5.0},{"damage":15,"enemies":"Cultist and Chosen","floor":28,"turns":5},{"damage":37,"enemies":"Book of Stabbing","floor":29,"turns":3}],"seed_played":"8321948363900133256","potions_obtained":[{"floor":3.0,"key":"SkillPotion"},{"floor":4.0,"key":"Weak Potion"},{"floor":5.0,"key":"Fire Potion"},{"floor":13.0,"key":"EssenceOfDarkness"}],"is_trial":false,"path_per_floor":["M","M","M","M","M","R","E","R","T","E","M","$","E","M","R","B",null,"M","M","$","?","$","E","R","M","T","$","M","E"],"character_chosen":"DEFECT","items_purchased":["Self Repair","Runic Capacitor","Regen Potion","SkillPotion","OrangePellets"],"campfire_rested":1,"item_purchase_floors":[12,12,12,12,20],"current_hp_per_floor":[68,67,65,53,45,45,20,20,20,15,11,11,16,12,33,16,72,72,76,76,76,76,44,44,42,42,42,36,0,0],"gold":66,"neow_bonus":"TWO_FIFTY_GOLD","is_daily":false,"chose_seed":false,"campfire_upgraded":3,"win_rate":0.0,"timestamp":1608748646,"path_taken":["M","M","M","M","M","R","E","R","T","E","M","$","E","M","R","BOSS","M","M","$","?","$","E","R","M","T","?","M","E"],"items_purchased_type":["Card","Relic","Potion","Potion","Relic"],"build_version":"2020-12-22","purchased_purges":2,"victory":false,"max_hp_per_floor":[68,68,68,68,68,68,68,68,68,70,70,70,70,72,72,72,72,74,76,76,76,76,76,76,78,78,78,80,80,80],"card_choices":[{"not_picked":["Rip and Tear","Barrage"],"picked":"Rebound","floor":1.0},{"not_picked":["Streamline","Rebound"],"picked":"Storm","floor":2.0},{"not_picked":["Compile Driver","Stack","Darkness"],"picked":"SKIP","floor":3.0},{"not_picked":["Turbo","Fusion"],"picked":"Compile Driver","floor":4.0},{"not_picked":["Chill","Leap"],"picked":"Ball Lightning","floor":5.0},{"not_picked":["Ball Lightning","Force Field"],"picked":"Go for the Eyes","floor":7.0},{"not_picked":["Scrape","Barrage","Stack"],"picked":"Singing Bowl","floor":10.0},{"not_picked":["Force Field","Streamline"],"picked":"Electrodynamics","floor":11.0},{"not_picked":["White Noise","Hologram"],"picked":"Conserve Battery","floor":13.0},{"not_picked":["Capacitor","Ball Lightning","Turbo"],"picked":"Singing Bowl","floor":14.0},{"not_picked":["Fission","Amplify"],"picked":"Echo Form","floor":16.0},{"not_picked":["Stack+1","Aggregate","Go for the Eyes"],"picked":"Singing Bowl","floor":18.0},{"not_picked":["Gash","Hologram","Barrage+1"],"picked":"Singing Bowl","floor":19.0},{"not_picked":["Gash+1","Cold Snap+1"],"picked":"Reboot","floor":23.0},{"not_picked":["Gash","Fusion","Steam Power"],"picked":"Singing Bowl","floor":25.0},{"not_picked":["Barrage+1","Streamline","Sunder"],"picked":"Singing Bowl","floor":28}],"player_experience":310247,"relics_obtained":[{"floor":7.0,"key":"Tiny Chest"},{"floor":9.0,"key":"Singing Bowl"},{"floor":10.0,"key":"Blue Candle"},{"floor":13.0,"key":"DataDisk"},{"floor":23.0,"key":"Toy Ornithopter"},{"floor":26.0,"key":"Letter Opener"}],"event_choices":[{"damage_healed":0.0,"max_hp_gain":0.0,"max_hp_loss":0.0,"gold_gain":0.0,"event_name":"N\u0027loth","player_choice":"Ignored","floor":21.0,"gold_loss":0.0,"damage_taken":0.0}],"is_beta":false,"boss_relics":[{"not_picked":["Philosopher\u0027s Stone","Runic Dome"],"picked":"Sozu"}],"items_purged_floors":[12,20],"is_endless":false,"potions_floor_spawned":[3,4,5,13,19,25],"killed_by":"Book of Stabbing","ascension_level":4}}