{"host":"y76x98twjnyyxs83","time":1608757925,"event":{"mods":["BaseMod","Colored Powertips","Minty Spire (QoL Compilation)","Permanent Neow","Quick Restart","Rare Cards Sparkle","Relic Stats","StSLib"],"gold_per_floor":[112,124,144,144,144,144,185,206,206,245,87,87,121,140,140,239,239,263,286,42,92,17,50,50,81,81,105,105,143,143,158,158,158,158],"floor_reached":33,"playtime":1165,"items_purged":["Strike_P","Strike_P"],"score":796,"play_id":"63255df4-5bbb-4bfd-83fa-2e448e402e29","local_time":"20201224051205","is_ascension_mode":true,"campfire_choices":[{"data":"Brilliance","floor":6.0,"key":"SMITH"},{"data":"MentalFortress","floor":12.0,"key":"SMITH"},{"data":"Pray","floor":15,"key":"SMITH"},{"floor":24,"key":"REST"},{"floor":28,"key":"REST"},{"data":"CrushJoints","floor":30,"key":"SMITH"},{"data":"Brilliance","floor":32,"key":"SMITH"}],"circlet_count":0,"master_deck":["AscendersBane","Strike_P","Strike_P","Defend_P","Defend_P","Defend_P","Eruption","Vigilance","Brilliance+1","InnerPeace","BattleHymn","Crescendo","Tantrum","FearNoEvil","MentalFortress+1","FlurryOfBlows","Pray+1","Brilliance+1","CurseOfTheBell","Worship","CutThroughFate","CrushJoints+1","Wireheading","EmptyFist+1"],"relics":["Velvet Choker","Golden Idol","Ornamental Fan","The Courier","HornCleat","Bag of Marbles","Calling Bell","Dream Catcher","StrikeDummy","Torii","Membership Card","PreservedInsect","Omamori","MealTicket","Kunai","Tiny Chest"],"acts_visited":["Exordium","TheCity"],"potions_floor_usage":[13,25,29],"damage_taken":[{"damage":4.0,"enemies":"Small Slimes","floor":1.0,"turns":3.0},{"damage":3.0,"enemies":"2 Louse","floor":2.0,"turns":4.0},{"damage":4.0,"enemies":"Jaw Worm","floor":3.0,"turns":4.0},{"damage":12.0,"enemies":"Lagavulin","floor":7.0,"turns":7.0},{"damage":14.0,"enemies":"Exordium Wildlife","floor":8.0,"turns":5.0},{"damage":0.0,"enemies":"Gremlin Nob","floor":10.0,"turns":2.0},{"damage":16,"enemies":"Lagavulin","floor":13,"turns":4},{"damage":2,"enemies":"Exordium Thugs","floor":14,"turns":2},{"damage":0,"enemies":"Slime Boss","floor":16,"turns":4},{"damage":14,"enemies":"Shell Parasite","floor":18,"turns":4},{"damage":0,"enemies":"Spheric Guardian","floor":19,"turns":2},{"damage":34,"enemies":"Book of Stabbing","floor":23,"turns":4},{"damage":12,"enemies":"Slavers","floor":25,"turns":4},{"damage":10,"enemies":"Centurion and Healer","floor":27,"turns":4},{"damage":1,"enemies":"Book of Stabbing","floor":29,"turns":2},{"damage":1,"enemies":"3 Cultists","floor":31,"turns":4},{"damage":21,"enemies":"Champ","floor":33,"turns":6}],"seed_played":"1441534609113282104","potions_obtained":[{"floor":3.0,"key":"BlessingOfTheForge"},{"floor":8.0,"key":"SkillPotion"},{"floor":10.0,"key":"AttackPotion"},{"floor":14,"key":"Dexterity Potion"},{"floor":27,"key":"Swift Potion"},{"floor":31,"key":"Explosive Potion"}],"is_trial":false,"path_per_floor":["M","M","M","?","?","R","E","M","T","E","$","R","E","M","R","B",null,"M","M","$","?","?","E","R","E","T","M","R","E","R","M","R","B"],"character_chosen":"WATCHER","items_purchased":["FearNoEvil","MentalFortress","Membership Card","PreservedInsect"],"campfire_rested":2,"item_purchase_floors":[11,11,20,20],"current_hp_per_floor":[57,54,50,50,55,55,43,29,29,29,29,29,13,11,11,11,53,39,39,39,39,39,5,25,13,13,3,23,22,22,21,21,0,0],"gold":158,"neow_bonus":"BOSS_RELIC","is_daily":false,"chose_seed":false,"campfire_upgraded":5,"win_rate":0.0,"timestamp":1608757925,"path_taken":["M","M","M","?","?","R","E","M","T","E","$","R","E","M","R","BOSS","M","M","$","?","?","E","R","E","T","M","R","E","R","M","R","BOSS"],"items_purchased_type":["Card","Card","Relic","Relic"],"build_version":"2020-12-22","purchased_purges":2,"victory":false,"max_hp_per_floor":[68,68,68,62,67,67,67,67,67,67,67,67,67,67,67,67,67,67,67,67,67,67,67,67,67,67,67,67,67,67,67,67,67,67],"relic_stats":{"Dream Catcher":2,"Torii":14,"counters":[17,65],"Golden Idol":90,"Ornamental Fan":[80],"MealTicket":0,"Tiny Chest":0,"PreservedInsect":128,"Kunai":[8],"obtain_stats":[{"Torii":17,"Golden Idol":4,"Velvet Choker":0,"The Courier":9,"PreservedInsect":20,"Omamori":23,"Calling Bell":17,"Dream Catcher":17,"HornCleat":10,"Ornamental Fan":7,"MealTicket":25,"Tiny Chest":29,"Bag of Marbles":13,"Membership Card":20,"Kunai":26,"PureWater":0,"StrikeDummy":17},{"Torii":9,"Golden Idol":3,"Velvet Choker":0,"The Courier":5,"PreservedInsect":11,"Omamori":12,"Calling Bell":9,"Dream Catcher":9,"HornCleat":6,"Ornamental Fan":4,"MealTicket":13,"Tiny Chest":15,"Bag of Marbles":7,"Membership Card":11,"Kunai":13,"PureWater":0,"StrikeDummy":9},{"Torii":35,"Golden Idol":11,"Velvet Choker":0,"The Courier":23,"PreservedInsect":41,"Omamori":45,"Calling Bell":35,"Dream Catcher":35,"HornCleat":25,"Ornamental Fan":18,"MealTicket":49,"Tiny Chest":55,"Bag of Marbles":29,"Membership Card":41,"Kunai":49,"PureWater":0,"StrikeDummy":35}]},"card_choices":[{"not_picked":["Halt","Perseverance","Consecrate"],"picked":"SKIP","floor":1.0},{"not_picked":["Sanctity","EmptyBody"],"picked":"Brilliance","floor":2.0},{"not_picked":["Evaluate","Sanctity"],"picked":"InnerPeace","floor":3.0},{"not_picked":["ThirdEye","Collect"],"picked":"BattleHymn","floor":7.0},{"not_picked":["MentalFortress","BowlingBash"],"picked":"Crescendo","floor":8.0},{"not_picked":["CarveReality","ClearTheMind"],"picked":"Tantrum","floor":10.0},{"not_picked":["FollowUp","Prostrate"],"picked":"FlurryOfBlows","floor":13},{"not_picked":["BowlingBash","Tantrum"],"picked":"Pray","floor":14},{"not_picked":["MasterReality","LessonLearned"],"picked":"Brilliance","floor":16},{"not_picked":["Prostrate","FlyingSleeves"],"picked":"Worship","floor":18},{"not_picked":["EmptyFist","EmptyBody","Swivel"],"picked":"SKIP","floor":19},{"not_picked":["Judgement","FlurryOfBlows","Tantrum"],"picked":"SKIP","floor":23},{"not_picked":["DeceiveReality","ClearTheMind"],"picked":"CutThroughFate","floor":24},{"not_picked":["MasterReality","EmptyFist"],"picked":"CrushJoints","floor":25},{"not_picked":["BowlingBash","Crescendo"],"picked":"Wireheading","floor":27},{"not_picked":["Perseverance","Evaluate+1"],"picked":"EmptyFist+1","floor":28},{"not_picked":["InnerPeace","FollowUp","Consecrate"],"picked":"SKIP","floor":29},{"not_picked":["FearNoEvil","Sanctity","Crescendo"],"picked":"SKIP","floor":31}],"player_experience":1106887,"relics_obtained":[{"floor":7.0,"key":"Ornamental Fan"},{"floor":9.0,"key":"The Courier"},{"floor":10.0,"key":"HornCleat"},{"floor":13,"key":"Bag of Marbles"},{"floor":17,"key":"Dream Catcher"},{"floor":17,"key":"StrikeDummy"},{"floor":17,"key":"Torii"},{"floor":23,"key":"Omamori"},{"floor":25,"key":"MealTicket"},{"floor":26,"key":"Kunai"},{"floor":29,"key":"Tiny Chest"}],"event_choices":[{"damage_healed":0.0,"max_hp_gain":0.0,"max_hp_loss":6.0,"gold_gain":0.0,"event_name":"Golden Idol","player_choice":"Lose Max HP","floor":4.0,"gold_loss":0.0,"damage_taken":0.0,"relics_obtained":["Golden Idol"]},{"damage_healed":0.0,"max_hp_gain":5.0,"max_hp_loss":0.0,"gold_gain":0.0,"event_name":"Big Fish","player_choice":"Donut","floor":5.0,"gold_loss":0.0,"damage_taken":0.0},{"damage_healed":0,"gold_gain":50,"player_choice":"Stole From Cult","damage_taken":0,"max_hp_gain":0,"max_hp_loss":0,"event_name":"Nest","floor":21,"gold_loss":0},{"cards_removed":["Defend_P"],"damage_healed":0,"gold_gain":0,"player_choice":"Gave Gold","damage_taken":0,"max_hp_gain":0,"max_hp_loss":0,"event_name":"Beggar","floor":22,"gold_loss":75}],"is_beta":false,"boss_relics":[{"not_picked":["Runic Dome","Black Star"],"picked":"Calling Bell"}],"items_purged_floors":[11,20],"is_endless":false,"potions_floor_spawned":[3,8,10,14,23,27,31],"killed_by":"Champ","ascension_level":20}}