{"host":"63o2iqaaus9jfjk5","time":1608707173,"event":{"mods":["Astrologer","BaseMod","Beaked The Cultist","Better Altar","Better Match","Better Note","Better Sensory Stone","Better Skull","Better Third Choice","Better Vampires","Better-Laid Plans","BetterRewards","Block Reminder","Colored Powertips","Curses Come First","Displayed Cursed Tome","Glutton Mod","Gremlin Mod","Hermit","JesterMod","Jorbs\u0027s Wanderer Trilogy","Mad Scientist","Marked Mod","Minty Spire (QoL Compilation)","RNG Fix","Red Circlet Mod","Retaliation","Shade Mod","Somnambulant","StSLib","The Blackbeard","The Bladedancer","The Construct","The Cursed","The Florist","The Hierophant","The Necromancer","The Runesmith","The Sage","The Servant 0.9.4","The Showman","The Trickster","TheArtist","TheHeartMod","Unceasing Turn Reminder"],"gold_per_floor":[118,134,134,148,148,179,179,205,205,52,68,20,20,47,47,142,142,159,159],"floor_reached":18,"playtime":1326,"items_purged":[],"score":195,"play_id":"0a49c273-4049-46bb-9d14-ffab9bd78897","local_time":"20201223010613","is_ascension_mode":false,"campfire_choices":[{"floor":7,"key":"REST"},{"floor":15,"key":"REST"}],"circlet_count":0,"master_deck":["blademaster:Strike+1","blademaster:Strike","blademaster:Strike","blademaster:Strike","blademaster:Defend","blademaster:Defend","blademaster:Defend","blademaster:Defend","blademaster:RagingBlow","blademaster:HighVoltage+1","blademaster:WindSlash","blademaster:EyeOfTheStorm","blademaster:CullingStrike","blademaster:LightningCrash","blademaster:Slice","blademaster:Safeguard","blademaster:AspectOfLightning","blademaster:CloudOfSteel","blademaster:ThunderSlash"],"relics":["blademaster:DancersAmulet","Regal Pillow","Smiling Mask","Matryoshka","Boot","Darkstone Periapt","Lee\u0027s Waffle","Frozen Egg 2","Orichalcum","jesterMod:MachoBrace"],"acts_visited":["Exordium","TheCity"],"potions_floor_usage":[16,16],"damage_taken":[{"damage":9,"enemies":"Small Slimes","floor":1,"turns":5},{"damage":0,"enemies":"Cultist","floor":2,"turns":3},{"damage":0,"enemies":"2 Louse","floor":4,"turns":3},{"damage":31,"enemies":"3 Sentries","floor":6,"turns":10},{"damage":26,"enemies":"Gremlin Nob","floor":8,"turns":4},{"damage":19,"enemies":"Red Slaver","floor":11,"turns":6},{"damage":6,"enemies":"The Guardian","floor":16,"turns":10},{"damage":5,"enemies":"Chosen","floor":18,"turns":5}],"seed_played":"-8950041170809871112","potions_obtained":[{"floor":4,"key":"EssenceOfSteel"},{"floor":8,"key":"Block Potion"},{"floor":16,"key":"DDmod:CleansePotion"}],"is_trial":false,"path_per_floor":["M","M","?","M","?","E","R","E","T","$","M","$","?","T","R","B",null,"M"],"character_chosen":"THE_BLADEMASTER","items_purchased":["Lee\u0027s Waffle","blademaster:AspectOfLightning"],"campfire_rested":2,"item_purchase_floors":[10,12],"current_hp_per_floor":[73,73,57,57,57,26,65,39,39,89,70,70,70,70,89,83,89,84,84],"gold":159,"neow_bonus":"TEN_PERCENT_HP_BONUS","is_daily":false,"chose_seed":false,"campfire_upgraded":0,"win_rate":0.0,"timestamp":1608707173,"path_taken":["M","M","?","?","?","E","R","E","T","$","?","$","?","?","R","BOSS","M"],"items_purchased_type":["Relic","Card"],"build_version":"2020-12-22","purchased_purges":0,"victory":false,"max_hp_per_floor":[82,82,82,82,82,82,82,82,82,89,89,89,89,89,89,89,89,89,89],"card_choices":[{"not_picked":["blademaster:Slice","blademaster:Sunder"],"picked":"blademaster:WindSlash","floor":1},{"not_picked":["blademaster:Frontflip","blademaster:ThunderSlash"],"picked":"blademaster:EyeOfTheStorm","floor":2},{"not_picked":["blademaster:Gust","blademaster:ParryingStrike"],"picked":"blademaster:CullingStrike","floor":4},{"not_picked":["blademaster:EyeOfTheTornado","blademaster:Gust"],"picked":"blademaster:LightningCrash","floor":6},{"not_picked":["blademaster:Frenzy","blademaster:IcyWind"],"picked":"blademaster:Slice","floor":8},{"not_picked":["blademaster:LeechingStrike","blademaster:Frontflip"],"picked":"blademaster:Safeguard","floor":11},{"not_picked":["blademaster:RagingBlow","blademaster:Flash"],"picked":"blademaster:CloudOfSteel","floor":16},{"not_picked":["blademaster:AspectOfWind","blademaster:Vortex"],"picked":"blademaster:ThunderSlash","floor":18}],"player_experience":127376,"relics_obtained":[{"floor":6,"key":"Smiling Mask"},{"floor":6,"key":"blademaster:BonusComboPerk"},{"floor":8,"key":"Matryoshka"},{"floor":8,"key":"blademaster:BonusFuryPerk"},{"floor":9,"key":"Boot"},{"floor":9,"key":"Darkstone Periapt"},{"floor":14,"key":"Frozen Egg 2"},{"floor":14,"key":"Orichalcum"}],"event_choices":[{"damage_healed":73,"gold_gain":0,"player_choice":"Upgrade","damage_taken":16,"max_hp_gain":0,"max_hp_loss":82,"event_name":"betterThird:BetterShining","floor":3,"gold_loss":0,"cards_upgraded":["blademaster:HighVoltage","blademaster:Strike"]},{"damage_healed":0,"gold_gain":0,"player_choice":"Ignored","damage_taken":20,"max_hp_gain":0,"max_hp_loss":0,"event_name":"betterThird:BetterSerpent","floor":13,"gold_loss":0}],"is_beta":false,"boss_relics":[{"not_picked":["Snecko Eye","Runic Dome"],"picked":"jesterMod:MachoBrace"}],"items_purged_floors":[],"is_endless":false,"potions_floor_spawned":[4,8,16],"killed_by":"Chosen","ascension_level":0}}