{"host":"3ek78t4i81ecmdy1","time":1608706581,"event":{"mods":["2.2 Compatiblity","AchievementEnabler","BaseMod","Colored Map","DeckTracker","Filter the Spire","Keyboard Shortcuts","Minty Spire (QoL Compilation)","Permanent Neow","Quick Restart","SuperFastMode","everything is the same but u backflip on backflip"],"gold_per_floor":[153,153,103,133,6,6,43,111,111,111,187,187,187,256,256,402,402,415,11,52,52,52,52,71,121,148,204,249,316,46,46,46,146,146,187,197,197,100,136,136,136,181,205,232,246,257,257,257,257,257,257],"floor_reached":50,"playtime":1952,"items_purged":["Regret","Strike_R"],"score":565,"play_id":"83029134-cb4d-4cdb-b68e-5c0ff4c1ce36","local_time":"20201223155621","is_ascension_mode":true,"campfire_choices":[{"data":"HandOfGreed","floor":6.0,"key":"SMITH"},{"data":"Armaments","floor":10,"key":"SMITH"},{"data":"True Grit","floor":12,"key":"SMITH"},{"floor":15,"key":"RECALL"},{"data":"Pommel Strike","floor":23,"key":"SMITH"},{"data":"Fire Breathing","floor":32,"key":"SMITH"},{"data":"Swift Strike","floor":40,"key":"SMITH"},{"data":"Reaper","floor":47,"key":"SMITH"},{"floor":49,"key":"REST"}],"circlet_count":0,"master_deck":["Strike_R","Strike_R","Strike_R","Defend_R","Defend_R","Defend_R","Bash","HandOfGreed+1","Pommel Strike+1","True Grit+1","Armaments+1","Ghostly Armor","Metallicize+1","Sentinel+1","Impervious+1","Iron Wave+1","Shockwave+1","Offering+1","Pummel","Intimidate+1","Double Tap+1","Spot Weakness+1","Fire Breathing+1","Exhume+1","Dropkick+1","Flex+1","Deep Breath+1","Panacea+1","Madness+1","Swift Strike+1","Burning Pact+1","Normality","Reaper+1","Anger+1"],"relics":["Burning Blood","Letter Opener","Self Forming Clay","Toxic Egg 2","Mark of Pain","Anchor","ClockworkSouvenir","Ancient Tea Set","Pear","Vajra","Shuriken","Lantern","Cursed Key","PreservedInsect"],"acts_visited":["Exordium","TheCity","TheBeyond"],"potions_floor_usage":[11,24,27,33,44,48],"damage_taken":[{"damage":2.0,"enemies":"Small Slimes","floor":1.0,"turns":3.0},{"damage":15.0,"enemies":"Jaw Worm","floor":4.0,"turns":4.0},{"damage":0.0,"enemies":"2 Louse","floor":7.0,"turns":3.0},{"damage":21,"enemies":"Gremlin Gang","floor":8,"turns":7},{"damage":6,"enemies":"3 Sentries","floor":11,"turns":7},{"damage":0,"enemies":"Large Slime","floor":14,"turns":7},{"damage":51,"enemies":"Slime Boss","floor":16,"turns":11},{"damage":7,"enemies":"2 Thieves","floor":18,"turns":4},{"damage":0,"enemies":"Chosen","floor":20,"turns":5},{"damage":24,"enemies":"3 Cultists","floor":24,"turns":8},{"damage":4,"enemies":"Book of Stabbing","floor":25,"turns":7},{"damage":29,"enemies":"Slavers","floor":27,"turns":7},{"damage":16,"enemies":"Cultist and Chosen","floor":28,"turns":9},{"damage":0,"enemies":"Centurion and Healer","floor":29,"turns":6},{"damage":27,"enemies":"Collector","floor":33,"turns":10},{"damage":36,"enemies":"3 Shapes","floor":35,"turns":4},{"damage":7,"enemies":"3 Darklings","floor":36,"turns":5},{"damage":11,"enemies":"Spire Growth","floor":39,"turns":6},{"damage":19,"enemies":"4 Shapes","floor":42,"turns":8},{"damage":64,"enemies":"Nemesis","floor":44,"turns":7},{"damage":20,"enemies":"Transient","floor":45,"turns":5},{"damage":23,"enemies":"Maw","floor":46,"turns":8},{"damage":6,"enemies":"Spire Growth","floor":48,"turns":2},{"damage":0,"enemies":"Donu and Deca","floor":50,"turns":1}],"seed_played":"-6936984909906610916","potions_obtained":[{"floor":1.0,"key":"SkillPotion"},{"floor":8,"key":"Explosive Potion"},{"floor":14,"key":"EssenceOfSteel"},{"floor":16,"key":"Block Potion"},{"floor":29,"key":"FairyPotion"},{"floor":33,"key":"BloodPotion"},{"floor":44,"key":"SmokeBomb"},{"floor":45,"key":"FearPotion"}],"is_trial":false,"path_per_floor":["M","?","?","M","$","R","M","M","T","R","E","R","?","M","R","B",null,"M","$","M","?","?","R","M","E","T","E","M","M","$","?","R","B",null,"M","M","?","$","M","R","?","M","T","E","M","M","R","M","R","B"],"character_chosen":"IRONCLAD","items_purchased":["Armaments","Anchor","ClockworkSouvenir","Lantern","Spot Weakness+1","Fire Breathing","Swift Strike"],"campfire_rested":1,"item_purchase_floors":[5,19,19,30,30,30,38],"current_hp_per_floor":[80,80,80,71,71,71,77,62,62,62,62,62,62,68,68,23,80,79,79,80,80,80,80,62,74,74,51,41,47,47,47,47,26,90,60,59,49,49,44,44,44,31,31,27,37,35,35,35,62,62,62],"gold":257,"neow_bonus":"RANDOM_COLORLESS_2","is_daily":false,"chose_seed":false,"campfire_upgraded":7,"win_rate":0.0,"timestamp":1608706581,"path_taken":["M","?","?","M","$","R","M","M","T","R","E","R","?","?","R","BOSS","M","$","M","?","?","R","M","E","T","E","M","M","$","?","R","BOSS","M","M","?","$","M","R","?","M","T","E","?","M","R","?","R","BOSS"],"items_purchased_type":["Card","Relic","Relic","Relic","Card","Card","Card"],"build_version":"2020-12-22","purchased_purges":2,"victory":false,"max_hp_per_floor":[80,80,80,80,80,80,80,80,80,80,80,80,80,80,80,80,80,80,80,80,80,80,80,80,90,90,90,90,90,90,90,90,90,90,90,90,90,90,90,90,90,90,90,90,90,90,90,90,90,90,90],"card_choices":[{"not_picked":["Metamorphosis","Thinking Ahead"],"picked":"HandOfGreed","floor":0.0},{"not_picked":["Anger","Sword Boomerang"],"picked":"Pommel Strike","floor":1.0},{"not_picked":["Ghostly Armor","Headbutt"],"picked":"True Grit","floor":4.0},{"not_picked":["Dual Wield","Twin Strike"],"picked":"Ghostly Armor","floor":7.0},{"not_picked":["Twin Strike","Reckless Charge","Clash"],"picked":"SKIP","floor":8},{"not_picked":["Headbutt","Perfected Strike"],"picked":"Metallicize","floor":11},{"not_picked":["Headbutt","Iron Wave"],"picked":"Sentinel+1","floor":14},{"not_picked":["Berserk","Immolate"],"picked":"Impervious+1","floor":16},{"not_picked":["Sword Boomerang","Clothesline","Thunderclap"],"picked":"SKIP","floor":18},{"not_picked":["Clash+1","Anger"],"picked":"Iron Wave+1","floor":20},{"not_picked":["Hemokinesis","Wild Strike"],"picked":"Shockwave+1","floor":24},{"not_picked":["Cleave","Wild Strike+1"],"picked":"Offering+1","floor":25},{"not_picked":["Searing Blow","Feel No Pain+1"],"picked":"Pummel","floor":27},{"not_picked":["Seeing Red+1","Clash"],"picked":"Intimidate+1","floor":28},{"not_picked":["Sword Boomerang","Heavy Blade"],"picked":"Double Tap+1","floor":29},{"not_picked":["Double Tap+1","Feed"],"picked":"Exhume+1","floor":33},{"not_picked":["Shrug It Off+1","Body Slam+1"],"picked":"Dropkick+1","floor":35},{"not_picked":["Second Wind+1","Seeing Red+1"],"picked":"Flex+1","floor":36},{"not_picked":["Bandage Up+1","Trip+1"],"picked":"Deep Breath+1","floor":37},{"not_picked":["Impatience+1","PanicButton+1"],"picked":"Panacea+1","floor":37},{"not_picked":["Secret Technique+1","Enlightenment+1"],"picked":"Madness+1","floor":37},{"not_picked":["Second Wind+1","Feel No Pain"],"picked":"Burning Pact+1","floor":39},{"not_picked":["Flame Barrier+1","Sever Soul","Armaments+1"],"picked":"SKIP","floor":42},{"not_picked":["Infernal Blade+1","Dropkick"],"picked":"Reaper","floor":44},{"not_picked":["Thunderclap","Sword Boomerang+1","Second Wind+1"],"picked":"SKIP","floor":45},{"not_picked":["Iron Wave","Carnage+1"],"picked":"Anger+1","floor":46}],"player_experience":18674,"relics_obtained":[{"floor":9,"key":"Self Forming Clay"},{"floor":11,"key":"Toxic Egg 2"},{"floor":25,"key":"Pear"},{"floor":26,"key":"Vajra"},{"floor":27,"key":"Shuriken"},{"floor":44,"key":"PreservedInsect"}],"event_choices":[{"damage_healed":0.0,"max_hp_gain":0.0,"max_hp_loss":0.0,"gold_gain":0.0,"event_name":"Big Fish","player_choice":"Box","floor":2.0,"gold_loss":0.0,"damage_taken":0.0,"relics_obtained":["Letter Opener"],"cards_obtained":["Regret"]},{"cards_removed":["Regret"],"damage_healed":0.0,"max_hp_gain":0.0,"max_hp_loss":0.0,"gold_gain":0.0,"event_name":"The Cleric","player_choice":"Card Removal","floor":3.0,"gold_loss":50.0,"damage_taken":0.0},{"damage_healed":0,"gold_gain":0,"player_choice":"Upgraded","damage_taken":0,"max_hp_gain":0,"max_hp_loss":0,"event_name":"Upgrade Shrine","floor":13,"gold_loss":0,"cards_upgraded":["Metallicize"]},{"cards_removed":["Defend_R"],"damage_healed":0,"gold_gain":0,"player_choice":"Elegance","damage_taken":0,"max_hp_gain":0,"max_hp_loss":0,"event_name":"Back to Basics","floor":21,"gold_loss":0},{"damage_healed":0,"gold_gain":0,"player_choice":"Opened","damage_taken":0,"relics_obtained":["Ancient Tea Set"],"max_hp_gain":0,"max_hp_loss":0,"event_name":"The Mausoleum","floor":22,"gold_loss":0},{"damage_healed":0,"gold_gain":0,"player_choice":"Ignored","damage_taken":0,"max_hp_gain":0,"max_hp_loss":0,"event_name":"Vampires","floor":31,"gold_loss":0},{"damage_healed":0,"gold_gain":0,"player_choice":"Memory 3","damage_taken":10,"max_hp_gain":0,"max_hp_loss":0,"event_name":"SensoryStone","floor":37,"gold_loss":0},{"cards_removed":["Strike_R"],"damage_healed":0,"gold_gain":0,"player_choice":"Purged","damage_taken":0,"max_hp_gain":0,"max_hp_loss":0,"event_name":"Purifier","floor":41,"gold_loss":0}],"is_beta":false,"boss_relics":[{"not_picked":["Pandora\u0027s Box","Busted Crown"],"picked":"Mark of Pain"},{"not_picked":["SlaversCollar","SacredBark"],"picked":"Cursed Key"}],"items_purged_floors":[5,19],"is_endless":false,"potions_floor_spawned":[1,8,14,16,18,29,33,44,45,48],"killed_by":"Donu and Deca","ascension_level":1}}