{"host":"cvw9qspg8f691jio","time":1608700230,"event":{"mods":["BaseMod","Filter the Spire","Minty Spire (QoL Compilation)","Relic Stats","StSLib"],"gold_per_floor":[110,185,200,125,207,207,218,518,518,518,518,518,18,38,38,112,112,123,65,65,115,15,48,48,48,48,59,79,79,79],"floor_reached":29,"playtime":716,"items_purged":["Strike_B","Strike_B"],"score":502,"play_id":"dd9b3408-b90e-4a13-82f5-3ab56fccc41a","local_time":"20201223001030","is_ascension_mode":true,"campfire_choices":[{"data":"Ball Lightning","floor":6.0,"key":"SMITH"},{"data":"Darkness","floor":11.0,"key":"SMITH"},{"data":"Hyperbeam","floor":15.0,"key":"SMITH"},{"data":"Defragment","floor":24,"key":"SMITH"}],"circlet_count":0,"master_deck":["AscendersBane","Strike_B+1","Defend_B","Defend_B+1","Defend_B","Defend_B","Zap","Dualcast","CurseOfTheBell","Ball Lightning+1","Ball Lightning","Darkness+1","Hologram","Hyperbeam+1","Biased Cognition","Turbo","Cold Snap","Defragment+1","Steam","Pain","Cold Snap"],"relics":["Calling Bell","Pen Nib","InkBottle","Calipers","Letter Opener","Old Coin","Question Card","Eternal Feather","Cursed Key","Ancient Tea Set","White Beast Statue"],"acts_visited":["Exordium","TheCity"],"potions_floor_usage":[23,27],"damage_taken":[{"damage":0.0,"enemies":"Small Slimes","floor":1.0,"turns":3.0},{"damage":7.0,"enemies":"Jaw Worm","floor":3.0,"turns":4.0},{"damage":0.0,"enemies":"Cultist","floor":7.0,"turns":3.0},{"damage":0.0,"enemies":"2 Fungi Beasts","floor":14.0,"turns":3.0},{"damage":0,"enemies":"Slime Boss","floor":16,"turns":5},{"damage":0,"enemies":"Spheric Guardian","floor":18,"turns":2},{"damage":54,"enemies":"Book of Stabbing","floor":23,"turns":5},{"damage":6,"enemies":"3 Byrds","floor":27,"turns":2},{"damage":2,"enemies":"Snecko","floor":28,"turns":3},{"damage":24,"enemies":"Sentry and Sphere","floor":29,"turns":3}],"seed_played":"81400793202982832","potions_obtained":[{"floor":3.0,"key":"PotionOfCapacity"},{"floor":7.0,"key":"EntropicBrew"},{"floor":23,"key":"EntropicBrew"}],"is_trial":false,"path_per_floor":["M","?","M","?","T","R","M","?","T","?","R","?","$","M","R","B",null,"M","$","?","?","$","E","R","?","T","M","M","M"],"character_chosen":"DEFECT","items_purchased":["Hologram","Eternal Feather","Regen Potion","Cold Snap"],"campfire_rested":0,"item_purchase_floors":[13,13,13,19],"current_hp_per_floor":[64,53,46,46,46,46,46,28,28,33,33,10,10,10,19,19,62,62,62,62,62,62,20,29,29,29,23,21,0,0],"gold":79,"neow_bonus":"BOSS_RELIC","is_daily":false,"chose_seed":false,"campfire_upgraded":4,"win_rate":0.0,"timestamp":1608700230,"path_taken":["M","?","M","?","?","R","M","?","T","?","R","?","$","M","R","BOSS","M","$","?","?","?","E","R","?","T","M","?","M"],"items_purchased_type":["Card","Relic","Potion","Card"],"build_version":"2020-12-13","purchased_purges":2,"victory":false,"max_hp_per_floor":[71,71,71,71,71,71,71,71,71,76,76,76,76,76,76,76,76,76,76,76,76,76,76,76,76,76,76,76,76,76],"relic_stats":{"counters":[10,33],"Eternal Feather":18,"Pen Nib":[4],"Letter Opener":[15],"Question Card":6,"Cursed Key":1,"obtain_stats":[{"Calling Bell":0,"Calipers":0,"Eternal Feather":13,"Pen Nib":0,"Letter Opener":5,"Cracked Core":0,"Question Card":9,"Cursed Key":17,"Ancient Tea Set":23,"InkBottle":0,"White Beast Statue":26,"Old Coin":8},{"Calling Bell":0,"Calipers":0,"Eternal Feather":3,"Pen Nib":0,"Letter Opener":2,"Cracked Core":0,"Question Card":3,"Cursed Key":5,"Ancient Tea Set":7,"InkBottle":0,"White Beast Statue":7,"Old Coin":3},{"Calling Bell":0,"Calipers":0,"Eternal Feather":10,"Pen Nib":0,"Letter Opener":7,"Cracked Core":0,"Question Card":10,"Cursed Key":18,"Ancient Tea Set":25,"InkBottle":0,"White Beast Statue":25,"Old Coin":10}],"InkBottle":[6]},"card_choices":[{"not_picked":["Gash","Steam"],"picked":"Ball Lightning","floor":1.0},{"not_picked":["Go for the Eyes","Force Field"],"picked":"Ball Lightning","floor":3.0},{"not_picked":["Go for the Eyes","Steam"],"picked":"Darkness","floor":7.0},{"not_picked":["Streamline","White Noise","Compile Driver"],"picked":"Hyperbeam","floor":14.0},{"not_picked":["Multi-Cast","Fission","Meteor Strike"],"picked":"Biased Cognition","floor":16},{"not_picked":["Self Repair","Compile Driver","Rebound"],"picked":"Turbo","floor":18},{"not_picked":["Scrape","Skim+1","Ball Lightning"],"picked":"Defragment","floor":23},{"not_picked":["Stack","Steam","Compile Driver","Recycle"],"picked":"SKIP","floor":27},{"not_picked":["Rip and Tear","Conserve Battery+1","Stack"],"picked":"Cold Snap","floor":28}],"player_experience":464248,"relics_obtained":[{"floor":0.0,"key":"Pen Nib"},{"floor":0.0,"key":"InkBottle"},{"floor":0.0,"key":"Calipers"},{"floor":5.0,"key":"Letter Opener"},{"floor":9.0,"key":"Question Card"},{"floor":23,"key":"Ancient Tea Set"},{"floor":26,"key":"White Beast Statue"}],"event_choices":[{"damage_healed":0.0,"max_hp_gain":0.0,"max_hp_loss":0.0,"gold_gain":75.0,"event_name":"World of Goop","player_choice":"Gather Gold","floor":2.0,"gold_loss":0.0,"damage_taken":11.0},{"cards_removed":["Strike_B"],"damage_healed":0.0,"max_hp_gain":0.0,"max_hp_loss":0.0,"gold_gain":0.0,"event_name":"The Cleric","player_choice":"Card Removal","floor":4.0,"gold_loss":75.0,"damage_taken":0.0},{"damage_healed":0.0,"max_hp_gain":0.0,"max_hp_loss":0.0,"gold_gain":0.0,"event_name":"Scrap Ooze","player_choice":"Success","floor":8.0,"gold_loss":0.0,"damage_taken":18.0,"relics_obtained":["Old Coin"]},{"damage_healed":0.0,"max_hp_gain":5.0,"max_hp_loss":0.0,"gold_gain":0.0,"event_name":"Big Fish","player_choice":"Donut","floor":10.0,"gold_loss":0.0,"damage_taken":0.0},{"damage_healed":0.0,"max_hp_gain":0.0,"max_hp_loss":0.0,"gold_gain":0.0,"event_name":"Shining Light","player_choice":"Entered Light","floor":12.0,"gold_loss":0.0,"damage_taken":23.0,"cards_upgraded":["Defend_B","Strike_B"]},{"damage_healed":0,"gold_gain":0,"player_choice":"Ignored","damage_taken":0,"max_hp_gain":0,"max_hp_loss":0,"event_name":"Vampires","floor":20,"gold_loss":0},{"damage_healed":0,"gold_gain":50,"player_choice":"Stole From Cult","damage_taken":0,"max_hp_gain":0,"max_hp_loss":0,"event_name":"Nest","floor":21,"gold_loss":0},{"damage_healed":0,"gold_gain":0,"player_choice":"1 cards matched","damage_taken":0,"max_hp_gain":0,"max_hp_loss":0,"event_name":"Match and Keep!","floor":25,"gold_loss":0,"cards_obtained":["Steam"]}],"is_beta":false,"boss_relics":[{"not_picked":["Runic Dome","Ectoplasm"],"picked":"Cursed Key"}],"items_purged_floors":[13,22],"is_endless":false,"potions_floor_spawned":[3,7,14,23,27,28],"killed_by":"Sentry and Sphere","ascension_level":16}}