{"host":"o7j6aatxjwpw1421","time":1608723335,"event":{"mods":["2.2 Compatiblity","BaseMod","Colored Map","DeckTracker","Highlight Path","Keyboard Shortcuts","Minty Spire (QoL Compilation)","Permanent Neow","Quick Restart","StSLib","SuperFastMode","everything is the same but u backflip on backflip"],"gold_per_floor":[109,109,109,128,145,145,172,172,172,172,172,200,214,214,214,317,317,335,106,106,106,119,151,151,151,176,194,194],"floor_reached":27,"playtime":1497,"items_purged":["Strike_B"],"score":263,"play_id":"4b5030c9-105b-4e1a-a253-d58ea0b83f40","local_time":"20201223203535","is_ascension_mode":true,"campfire_choices":[{"data":"Barrage","floor":6.0,"key":"SMITH"},{"data":"Dualcast","floor":8.0,"key":"SMITH"},{"floor":10.0,"key":"REST"},{"data":"Lockon","floor":15.0,"key":"SMITH"},{"data":"Fission","floor":25,"key":"SMITH"}],"circlet_count":0,"master_deck":["Defend_B+1","Defend_B","Defend_B","Zap","Dualcast+1","Rainbow+1","Barrage+1","Coolheaded","Turbo","Lockon+1","Compile Driver","Doom and Gloom","Parasite","Seek","Conserve Battery","BootSequence","Cold Snap+1","Cold Snap+1","Fusion+1","Fission+1","Thunder Strike","Ball Lightning","Ball Lightning"],"relics":["Cracked Core","Prayer Wheel","Thread and Needle","MealTicket","Art of War","Inserter","Orrery","Anchor","Lantern"],"acts_visited":["Exordium","TheCity"],"potions_floor_usage":[],"damage_taken":[{"damage":5.0,"enemies":"Jaw Worm","floor":1.0,"turns":3.0},{"damage":6.0,"enemies":"2 Louse","floor":4.0,"turns":2.0},{"damage":0.0,"enemies":"Small Slimes","floor":5.0,"turns":2.0},{"damage":9.0,"enemies":"Lagavulin","floor":7.0,"turns":5.0},{"damage":25.0,"enemies":"Gremlin Nob","floor":12.0,"turns":4.0},{"damage":7.0,"enemies":"Exordium Thugs","floor":13.0,"turns":3.0},{"damage":11.0,"enemies":"The Guardian","floor":16.0,"turns":8.0},{"damage":5,"enemies":"Spheric Guardian","floor":18,"turns":4},{"damage":0,"enemies":"Chosen","floor":22,"turns":3},{"damage":50,"enemies":"Slavers","floor":23,"turns":5},{"damage":14,"enemies":"Shelled Parasite and Fungi","floor":27,"turns":4}],"seed_played":"-1452992255419859892","potions_obtained":[{"floor":1.0,"key":"DuplicationPotion"},{"floor":7.0,"key":"Strength Potion"},{"floor":12.0,"key":"Energy Potion"},{"floor":23,"key":"Swift Potion"}],"is_trial":false,"path_per_floor":["M","?","?","M","M","R","E","R","T","R","?","E","M","?","R","B",null,"M","$","?","?","M","E","?","R","T","M"],"character_chosen":"DEFECT","items_purchased":["Orrery"],"campfire_rested":1,"item_purchase_floors":[19],"current_hp_per_floor":[63,49,42,36,36,36,27,27,27,47,47,22,15,32,32,21,68,63,68,68,68,68,18,18,18,18,4,4],"gold":194,"neow_bonus":"THREE_RARE_CARDS","is_daily":false,"chose_seed":false,"campfire_upgraded":4,"win_rate":0.0,"timestamp":1608723335,"path_taken":["M","?","?","M","M","R","E","R","T","R","?","E","?","?","R","BOSS","M","$","?","?","M","E","?","R","T","M"],"items_purchased_type":["Relic"],"build_version":"2020-12-22","purchased_purges":1,"victory":false,"max_hp_per_floor":[68,68,68,68,68,68,68,68,68,68,68,68,68,68,68,68,68,68,68,68,68,68,68,68,68,68,68,68],"card_choices":[{"not_picked":["Seek","Multi-Cast"],"picked":"Rainbow","floor":0.0},{"not_picked":["Leap","Rebound"],"picked":"Barrage","floor":1.0},{"not_picked":["Chaos","Barrage"],"picked":"Coolheaded","floor":4.0},{"not_picked":["Go for the Eyes","Streamline","Reprogram"],"picked":"SKIP","floor":5.0},{"not_picked":["Skim","Static Discharge"],"picked":"Turbo","floor":7.0},{"not_picked":["Blizzard","Fission"],"picked":"Lockon","floor":12.0},{"not_picked":["Rebound","Leap"],"picked":"Compile Driver","floor":13.0},{"not_picked":["Beam Cell","Conserve Battery"],"picked":"Doom and Gloom","floor":13.0},{"not_picked":["Thunder Strike","All For One"],"picked":"Seek","floor":16.0},{"not_picked":["Blizzard","Leap"],"picked":"Conserve Battery","floor":18},{"not_picked":["Conserve Battery","Scrape+1","Steam"],"picked":"SKIP","floor":18},{"not_picked":["Stack","Scrape"],"picked":"BootSequence","floor":19},{"not_picked":["Hologram","Aggregate"],"picked":"Cold Snap+1","floor":19},{"not_picked":["Steam Power","Sweeping Beam"],"picked":"Cold Snap+1","floor":19},{"not_picked":["Steam Power","Steam"],"picked":"Fusion+1","floor":19},{"not_picked":["Streamline","FTL"],"picked":"Ball Lightning","floor":22},{"not_picked":["Stack","Chaos","Hello World"],"picked":"SKIP","floor":22},{"not_picked":["Hologram+1","White Noise","BootSequence"],"picked":"SKIP","floor":23},{"not_picked":["All For One","Conserve Battery","Tempest"],"picked":"SKIP","floor":27},{"not_picked":["Conserve Battery","Gash","Compile Driver"],"picked":"SKIP","floor":27}],"player_experience":335429,"relics_obtained":[{"floor":7.0,"key":"Prayer Wheel"},{"floor":9.0,"key":"Thread and Needle"},{"floor":11.0,"key":"MealTicket"},{"floor":12.0,"key":"Art of War"},{"floor":23,"key":"Anchor"},{"floor":26,"key":"Lantern"}],"event_choices":[{"damage_healed":0.0,"max_hp_gain":0.0,"max_hp_loss":0.0,"gold_gain":0.0,"event_name":"Shining Light","player_choice":"Entered Light","floor":2.0,"gold_loss":0.0,"damage_taken":14.0,"cards_upgraded":["Defend_B","Rainbow"]},{"cards_removed":["Strike_B"],"damage_healed":0.0,"max_hp_gain":0.0,"max_hp_loss":0.0,"gold_gain":0.0,"event_name":"Golden Wing","player_choice":"Card Removal","floor":3.0,"gold_loss":0.0,"damage_taken":7.0},{"damage_healed":0.0,"max_hp_gain":0.0,"max_hp_loss":0.0,"gold_gain":0.0,"event_name":"Wheel of Change","player_choice":"Relic","floor":11.0,"gold_loss":0.0,"damage_taken":0.0},{"damage_healed":17.0,"max_hp_gain":0.0,"max_hp_loss":0.0,"gold_gain":0.0,"event_name":"Mushrooms","player_choice":"Healed and dodged fight","floor":14.0,"gold_loss":0.0,"damage_taken":0.0,"cards_obtained":["Parasite"]},{"damage_healed":0,"gold_gain":0,"cards_transformed":["Defend_B","Strike_B"],"player_choice":"Became Test Subject","damage_taken":0,"max_hp_gain":0,"max_hp_loss":0,"event_name":"Drug Dealer","floor":20,"gold_loss":0,"cards_obtained":["Fission","Thunder Strike"]},{"damage_healed":0,"gold_gain":0,"player_choice":"Read","damage_taken":0,"max_hp_gain":0,"max_hp_loss":0,"event_name":"The Library","floor":21,"gold_loss":0,"cards_obtained":["Ball Lightning"]},{"cards_removed":["Strike_B"],"damage_healed":0,"gold_gain":0,"player_choice":"Elegance","damage_taken":0,"max_hp_gain":0,"max_hp_loss":0,"event_name":"Back to Basics","floor":24,"gold_loss":0}],"is_beta":false,"boss_relics":[{"not_picked":["Sozu","Calling Bell"],"picked":"Inserter"}],"items_purged_floors":[19],"is_endless":false,"potions_floor_spawned":[1,7,12,23],"killed_by":"Shelled Parasite and Fungi","ascension_level":2}}