{"host":"e51yr5r324k9740w","time":1608684065,"event":{"mods":["BaseMod","Better Third Choice","BetterRewards","Downfall","Minty Spire (QoL Compilation)","Replay The Spire","StSLib"],"gold_per_floor":[114,130,130,0,0,0,26,26,26,45,45,45,59,72,72,72,72],"floor_reached":16,"playtime":2379,"items_purged":[],"score":100,"play_id":"3e23a8d5-17ab-402a-bdce-ad76cced1742","local_time":"20201222184105","is_ascension_mode":false,"campfire_choices":[{"data":"Enlightenment","floor":6.0,"key":"SMITH"},{"floor":12,"key":"REST"},{"data":"Biased Cognition","floor":15,"key":"SMITH"}],"circlet_count":0,"master_deck":["Strike_B","Strike_B","Strike_B+1","Strike_B","Defend_B","Defend_B","Defend_B","Defend_B","Zap+1","Dualcast+1","Rebound","Storm","Enlightenment+1","ReplayGash+1","ReplayTheSpireMod:System Scan","Biased Cognition+1"],"relics":["Cracked Core","betterThird:SlimedRelic","Bag of Preparation","Turnip"],"acts_visited":[],"potions_floor_usage":[16,16],"damage_taken":[{"damage":1.0,"enemies":"Small Slimes","floor":1.0,"turns":3.0},{"damage":1.0,"enemies":"Jaw Worm","floor":2.0,"turns":2.0},{"damage":38,"enemies":"3 Sentries","floor":7,"turns":9},{"damage":0,"enemies":"2 Louse","floor":10,"turns":2},{"damage":2,"enemies":"Blue Slaver","floor":13,"turns":3},{"damage":0,"enemies":"Looter","floor":14,"turns":2},{"damage":43,"enemies":"Slime Boss","floor":16,"turns":8}],"seed_played":"-4425097626357267786","potions_obtained":[{"floor":2.0,"key":"EssenceOfDarkness"},{"floor":14,"key":"SkillPotion"}],"is_trial":false,"path_per_floor":["M","M","?","?","?","R","E","$","T","M","?","R","M","M","R","B"],"character_chosen":"DEFECT","items_purchased":[],"campfire_rested":1,"item_purchase_floors":[],"current_hp_per_floor":[74,73,58,64,53,53,15,15,15,15,15,39,37,37,37,0,0],"gold":72,"neow_bonus":"UPGRADE_CARD","is_daily":false,"chose_seed":false,"campfire_upgraded":2,"win_rate":0.0,"timestamp":1608684065,"path_taken":["M","M","?","?","?","R","E","?","T","?","?","R","M","?","R","BOSS"],"items_purchased_type":[],"build_version":"2020-12-13","purchased_purges":0,"victory":false,"max_hp_per_floor":[75,75,75,81,81,81,81,81,81,81,81,81,81,81,81,81,81],"card_choices":[{"not_picked":["Conserve Battery","Sweeping Beam"],"picked":"Rebound","floor":1.0},{"not_picked":["Go for the Eyes","Steam"],"picked":"Storm","floor":2.0},{"not_picked":["ReplaySolidLightProjector","FIFO Queue"],"picked":"ReplayGash","floor":7},{"not_picked":["Leap","Stack"],"picked":"ReplayTheSpireMod:System Scan","floor":10},{"not_picked":["BasicCrystalCard","Beam Cell"],"picked":"Biased Cognition","floor":13},{"not_picked":["Beam Cell","Go for the Eyes","Rebound"],"picked":"SKIP","floor":14}],"player_experience":272060,"relics_obtained":[{"floor":7,"key":"Bag of Preparation"},{"floor":9,"key":"Turnip"}],"event_choices":[{"damage_healed":73.0,"max_hp_gain":0.0,"max_hp_loss":75.0,"gold_gain":0.0,"event_name":"betterThird:BetterShining","player_choice":"Upgrade","floor":3.0,"gold_loss":0.0,"damage_taken":15.0,"cards_upgraded":["Strike_B","Dualcast"]},{"damage_healed":0.0,"max_hp_gain":0.0,"max_hp_loss":0.0,"gold_gain":0.0,"event_name":"betterThird:BetterSerpent","player_choice":"RENOUNCE","floor":4.0,"gold_loss":130.0,"damage_taken":130.0,"cards_obtained":["Enlightenment"]},{"damage_healed":0.0,"max_hp_gain":0.0,"max_hp_loss":0.0,"gold_gain":0.0,"event_name":"betterThird:BetterGoop","player_choice":"Slimed","floor":5.0,"gold_loss":0.0,"damage_taken":11.0},{"damage_healed":0,"gold_gain":0,"player_choice":"Upgraded","damage_taken":0,"max_hp_gain":0,"max_hp_loss":0,"event_name":"Upgrade Shrine","floor":11,"gold_loss":0,"cards_upgraded":["ReplayGash"]}],"is_beta":false,"boss_relics":[],"items_purged_floors":[],"is_endless":false,"potions_floor_spawned":[2,14],"killed_by":"Slime Boss","ascension_level":0}}