{"host":"h8l1uc7c2i19r904","time":1608757495,"event":{"mods":["AchievementEnabler","BaseMod","Colored Map","Colored Powertips","Downfall","Minty Spire (QoL Compilation)","Quick Restart","Replay The Spire","StSLib","SuperFastMode"],"gold_per_floor":[117,117,16,16,16,49,49,81,81,30,40,40,70,70,70,174,174,191,191,116,21,35,35,47,47,47,47,147,165,199,199,199,199,199],"floor_reached":33,"playtime":2159,"items_purged":[],"score":327,"play_id":"77cb9e46-32df-4a31-b3fa-6b274e541e40","local_time":"20201223130455","is_ascension_mode":false,"campfire_choices":[{"data":"BasicCrystalCard","floor":7,"key":"SMITH"},{"data":"Genetic Algorithm","floor":12,"key":"SMITH"},{"data":"Aggregate","floor":15,"key":"SMITH"},{"data":"Zap","floor":23,"key":"SMITH"},{"data":"Conserve Battery","floor":25,"key":"SMITH"},{"data":"Dualcast","floor":27,"key":"SMITH"},{"floor":32,"key":"DIG"}],"circlet_count":0,"master_deck":["Strike_B+1","Strike_B+1","Strike_B+1","Strike_B+1","Defend_B+1","Defend_B+1","Defend_B+1","Zap+1","Dualcast+1","Steam","BasicCrystalCard+1","Aggregate+1","Conserve Battery+1","Loop+1","Genetic Algorithm+1","Echo Form+1","Heatsinks+1","Redo+1","Rebound+1","ReplaySort+1","Ball Lightning","Consume+1","J.A.X."],"relics":["Cracked Core","NeowsBlessing","Bottled Lightning","BranchBurnRelic","Garlic","Ornamental Fan","Golden Egg","Philosopher\u0027s Stone","Divine Protection","WingedGreaves","Question Card","Replay:Bottled Eggs","Shovel"],"acts_visited":["Exordium","TheCity"],"potions_floor_usage":[13,16,16,16,28,30],"damage_taken":[{"damage":0,"enemies":"2 Louse","floor":1,"turns":1},{"damage":0,"enemies":"Gremlin Nob","floor":6,"turns":1},{"damage":0,"enemies":"3 Sentries","floor":8,"turns":1},{"damage":0,"enemies":"Cultist","floor":11,"turns":3},{"damage":12,"enemies":"Replay:BlueRogue","floor":13,"turns":4},{"damage":43,"enemies":"Hexaghost","floor":16,"turns":14},{"damage":3,"enemies":"Shell Parasite","floor":18,"turns":5},{"damage":19,"enemies":"2 Thieves","floor":22,"turns":5},{"damage":6,"enemies":"Snake Plant","floor":24,"turns":5},{"damage":5,"enemies":"Colosseum Slavers","floor":28,"turns":4},{"damage":41,"enemies":"Colosseum Nobs","floor":28,"turns":6},{"damage":5,"enemies":"Shelled Parasite and Fungi","floor":29,"turns":7},{"damage":16,"enemies":"Gremlin Leader","floor":30,"turns":8},{"damage":26,"enemies":"Collector","floor":33,"turns":3}],"seed_played":"4212824739437504860","potions_obtained":[{"floor":2,"key":"LiquidMemories"},{"floor":2,"key":"Weak Potion"},{"floor":2,"key":"Venom Potion"},{"floor":13,"key":"Fire Potion"},{"floor":24,"key":"Doom Potion"},{"floor":29,"key":"Adrenaline Potion"}],"is_trial":false,"path_per_floor":["M","?","$","T","?","E","R","E","T","$","M","R","E","$","R","B",null,"M","?","?","$","M","R","M","R","T","R","?","M","E","?","R_BF","B"],"character_chosen":"DEFECT","items_purchased":["BasicCrystalCard","Fire Potion","Loop+1","Heatsinks","Redo"],"campfire_rested":0,"item_purchase_floors":[3,3,10,21,21],"current_hp_per_floor":[75,75,75,75,75,75,75,75,75,75,75,75,68,68,68,38,75,72,72,72,72,53,53,61,61,61,61,27,22,6,6,6,0,0],"gold":199,"neow_bonus":"THREE_ENEMY_KILL","is_daily":false,"chose_seed":false,"campfire_upgraded":6,"win_rate":0.0,"timestamp":1608757495,"path_taken":["M","?","$","?","?","E","R","E","T","$","M","R","E","?","R","BOSS","M","?","?","$","?","R","M","R","T","R","?","M","E","?","R_BF","BOSS"],"items_purchased_type":["Card","Potion","Card","Card","Card"],"build_version":"2020-12-22","purchased_purges":0,"victory":false,"max_hp_per_floor":[75,75,75,75,75,75,75,75,75,75,75,75,75,75,75,75,75,75,75,75,75,75,75,75,75,75,75,75,75,75,75,75,75,75],"card_choices":[{"not_picked":["Beam Cell","Leap"],"picked":"Steam","floor":1},{"not_picked":["ReplayGash","Rebound"],"picked":"Aggregate","floor":6},{"not_picked":["Time Bomb","Melter"],"picked":"Conserve Battery","floor":8},{"not_picked":["Leap","Hologram"],"picked":"Genetic Algorithm","floor":11},{"not_picked":["Panic Button","Barrage","Coolheaded"],"picked":"SKIP","floor":13},{"not_picked":["Amplify","Mirror Shield"],"picked":"Echo Form","floor":16},{"not_picked":["Compile Driver","Steam","Force Field"],"picked":"SKIP","floor":18},{"not_picked":["Conserve Battery","Leap"],"picked":"Rebound+1","floor":22},{"not_picked":["Compile Driver","BasicCrystalCard","Go for the Eyes"],"picked":"SKIP","floor":24},{"not_picked":["Compile Driver","BasicCrystalCard","Go for the Eyes"],"picked":"SKIP","floor":24},{"not_picked":["ReplayTheSpireMod:System Scan","Genetic Algorithm"],"picked":"ReplaySort","floor":28},{"not_picked":["FIFO Queue","Rebound","White Noise"],"picked":"Ball Lightning","floor":29},{"not_picked":["ReplayTheSpireMod:Calculation Training","Beam Cell+1","Static Discharge"],"picked":"Consume+1","floor":30}],"player_experience":111561,"relics_obtained":[{"floor":4,"key":"Bottled Lightning"},{"floor":6,"key":"Dead Branch"},{"floor":8,"key":"Garlic"},{"floor":9,"key":"Ornamental Fan"},{"floor":13,"key":"Golden Egg"},{"floor":26,"key":"Divine Protection"},{"floor":28,"key":"WingedGreaves"},{"floor":28,"key":"Question Card"},{"floor":30,"key":"Replay:Bottled Eggs"},{"floor":32,"key":"Shovel"}],"event_choices":[{"damage_healed":0,"gold_gain":0,"player_choice":"Got Potions","damage_taken":0,"max_hp_gain":0,"max_hp_loss":0,"event_name":"Lab","floor":2,"gold_loss":0},{"damage_healed":0,"gold_gain":0,"player_choice":"Simplicity","damage_taken":0,"max_hp_gain":0,"max_hp_loss":0,"event_name":"Back to Basics","floor":19,"gold_loss":0,"cards_upgraded":["Strike_B","Strike_B","Strike_B","Strike_B","Defend_B","Defend_B","Defend_B"]},{"cards_removed":["Defend_B"],"damage_healed":0,"gold_gain":0,"player_choice":"Gave Gold","damage_taken":0,"max_hp_gain":0,"max_hp_loss":0,"event_name":"Beggar","floor":20,"gold_loss":75},{"damage_healed":0,"gold_gain":0,"player_choice":"Fight","damage_taken":0,"max_hp_gain":0,"max_hp_loss":0,"event_name":"Colosseum","floor":28,"gold_loss":0},{"damage_healed":0,"gold_gain":0,"player_choice":"Fought Nobs","damage_taken":0,"max_hp_gain":0,"max_hp_loss":0,"event_name":"Colosseum","floor":28,"gold_loss":0},{"damage_healed":0,"gold_gain":0,"player_choice":"Obtain J.A.X.","damage_taken":0,"max_hp_gain":0,"max_hp_loss":0,"event_name":"Drug Dealer","floor":31,"gold_loss":0,"cards_obtained":["J.A.X."]}],"is_beta":false,"boss_relics":[{"not_picked":["Inserter","Astrolabe"],"picked":"Philosopher\u0027s Stone"}],"items_purged_floors":[],"is_endless":false,"potions_floor_spawned":[13,24,29],"killed_by":"Collector","ascension_level":0}}