{"host":"zksvs3x2ysy9npnz","time":1608757375,"event":{"mods":["Aspiration","BaseMod","Beaked The Cultist","BetterRewards","CatGirl Mod","Clockwork Mod","Conspire","Downfall","Energized Spire","Fiend Mod","Friendly Minions","Halation","Hermit","Highlight Path","Hubris","Hunter ??","Infinite Spire","Jedi Mod","Minty Spire (QoL Compilation)","Permanent Neow","Quick Restart","Relic Stats","Replay The Spire","Shop Mod","StSLib","SuperFastMode","The Blackbeard","The Bladedancer","The Construct"],"gold_per_floor":[113,113,154,169,187,187,187],"floor_reached":6,"playtime":469,"items_purged":[],"score":54,"play_id":"572f96c3-1941-44e8-8290-1ccc2b0ead89","local_time":"20201223220255","is_ascension_mode":true,"campfire_choices":[],"circlet_count":0,"master_deck":["AscendersBane","Fiend:FiendDemonSlash","Fiend:FiendDemonSlash","Fiend:FiendDemonSlash","Fiend:FiendDemonSlash","Fiend:FiendDemonSlash","Fiend:FiendFortify","Fiend:FiendFortify","Fiend:FiendFortify","Fiend:FiendFortify+1","Fiend:FiendConsume","Fiend:FiendBloodlust","Fiend:FiendDeepenWound+1","Fiend:FiendMeditate"],"relics":["Fiend:FiendTotem","aspiration:Nostalgia","Replay:M_StaffOfTheSnake","Molten Egg 2"],"acts_visited":["Exordium"],"potions_floor_usage":[],"damage_taken":[{"damage":4,"enemies":"Jaw Worm","floor":1,"turns":3},{"damage":26,"enemies":"conspire:MimicChest","floor":3,"turns":6},{"damage":0,"enemies":"Small Slimes","floor":4,"turns":2},{"damage":0,"enemies":"Cultist","floor":5,"turns":3},{"damage":41,"enemies":"Lagavulin","floor":6,"turns":7}],"seed_played":"2916687804428513711","potions_obtained":[],"is_trial":false,"path_per_floor":["M","?","?","M","M","E"],"character_chosen":"THE_FIEND","items_purchased":[],"campfire_rested":0,"item_purchase_floors":[],"current_hp_per_floor":[59,59,33,33,33,0,0],"gold":187,"neow_bonus":"NOSTALGIA","is_daily":false,"chose_seed":false,"campfire_upgraded":0,"win_rate":0.0,"timestamp":1608757375,"path_taken":["M","?","?","M","?","E"],"items_purchased_type":[],"build_version":"2020-12-22","purchased_purges":0,"victory":false,"max_hp_per_floor":[70,70,70,70,70,70,70],"relic_stats":{"counters":[5,21],"obtain_stats":[{"Replay:M_StaffOfTheSnake":0,"aspiration:Nostalgia":0,"Molten Egg 2":3,"Fiend:FiendTotem":0},{"Replay:M_StaffOfTheSnake":0,"aspiration:Nostalgia":0,"Molten Egg 2":2,"Fiend:FiendTotem":0},{"Replay:M_StaffOfTheSnake":0,"aspiration:Nostalgia":0,"Molten Egg 2":9,"Fiend:FiendTotem":0}]},"card_choices":[{"not_picked":["Fiend:FiendMeatMagnet","ClearTheMind"],"picked":"Fiend:FiendBloodlust","floor":1},{"not_picked":["ThirdEye","Night Terror"],"picked":"Fiend:FiendDeepenWound+1","floor":3},{"not_picked":["Flying Knee+1","InnerPeace"],"picked":"Fiend:FiendMeditate","floor":4},{"not_picked":["Nirvana","InnerPeace","WaveOfTheHand"],"picked":"SKIP","floor":5}],"player_experience":1910748,"relics_obtained":[{"floor":3,"key":"Molten Egg 2"}],"event_choices":[],"is_beta":false,"boss_relics":[],"items_purged_floors":[],"is_endless":false,"potions_floor_spawned":[],"killed_by":"Lagavulin","ascension_level":10}}