{"host":"vfjw5z5u57sxa51v","time":1608748379,"event":{"mods":["AchievementEnabler","Act Like it!","Aspiration","Bard","BaseMod","Beaked The Cultist","Better Altar","Better Match","Better Note","Better Sensory Stone","Better Skull","Better Third Choice","BetterRewards","CCEM","Colored Map","Conspire","Downfall","GifTheSpireLib","Halation","Hallownest","Highlight Path","Hubris","Hunter ??","Infinite Spire","Jedi Mod","Jorbs\u0027s Wanderer Trilogy","Mad Scientist","Marisa????????","Minty Spire (QoL Compilation)","Permanent Neow","Replay The Spire","Shade Mod","Shop Mod","Spicy Shops","StSLib","Stuff the Spire","The Administrix","The Blackbeard","The Bug Knight","The Mystic","The Necromancer","The Runesmith","The Servant 0.9.4","The Spell Scribe","Unceasing Turn Reminder","everything is the same but u backflip on backflip"],"gold_per_floor":[111,111,131,150,162,196,206,237,237,237,85,114,128,144,144,244,244,255,165,165,176,275,275,275,275,350,383,402,412,412,429,429,429,429],"floor_reached":33,"playtime":2507,"items_purged":[],"score":314,"play_id":"b37a8cfc-fc07-40f4-998b-32fcff28b056","local_time":"20201223193259","is_ascension_mode":false,"campfire_choices":[{"data":"jedi:studyfrost","floor":15,"key":"SMITH"},{"floor":23,"key":"REST"},{"data":"aspiration:Polymerization","floor":25,"key":"SMITH"},{"floor":32,"key":"REST"}],"circlet_count":0,"master_deck":["Strike_B","Strike_B+1","Strike_B","Defend_B","Defend_B","Defend_B","Defend_B","Zap","Dualcast","StuffTheSpire:LoadUp+1","Coolheaded","Cold Snap","Defragment","aspiration:Polymerization+1","Conserve Battery","Capacitor","Ball Lightning","hubris:PowerSurge","jedi:studyfrost+1","Creative AI","Echo Form","StuffTheSpire:Synthwave","StuffTheSpire:Synthwave","FTL","White Noise","Biased Cognition"],"relics":["Cracked Core","Peace Pipe","Meat on the Bone","halation:OrihimeAndHikoboshiSamaAndTears","conspire:Flyswatter","beaked:SacredDeck","CCEMRelics:FryingPan","MealTicket","Inserter","StuffTheSpire:Nightcore"],"acts_visited":["Exordium","TheCity"],"potions_floor_usage":[6,12,27,29,33],"damage_taken":[{"damage":6,"enemies":"Jaw Worm","floor":1,"turns":2},{"damage":3,"enemies":"infinitespire:Voidling","floor":3,"turns":3},{"damage":9,"enemies":"2 Louse","floor":4,"turns":3},{"damage":21,"enemies":"Exordium Thugs","floor":5,"turns":5},{"damage":9,"enemies":"3 Sentries","floor":6,"turns":7},{"damage":0,"enemies":"3 Louse","floor":7,"turns":4},{"damage":20,"enemies":"Gremlin Nob","floor":8,"turns":3},{"damage":0,"enemies":"HollowMod:MossKnight","floor":12,"turns":5},{"damage":6,"enemies":"Large Slime","floor":13,"turns":4},{"damage":12,"enemies":"Gremlin Gang","floor":14,"turns":3},{"damage":3,"enemies":"Fading Forest","floor":16,"turns":11},{"damage":10,"enemies":"Shell Parasite","floor":18,"turns":6},{"damage":19,"enemies":"2 Thieves","floor":21,"turns":3},{"damage":15,"enemies":"Gremlin Leader","floor":27,"turns":3},{"damage":21,"enemies":"Snake Plant","floor":28,"turns":4},{"damage":7,"enemies":"Chosen and Byrds","floor":29,"turns":6},{"damage":12,"enemies":"Centurion and Healer","floor":31,"turns":6},{"damage":36,"enemies":"hubris:MusketHawk","floor":33,"turns":6}],"seed_played":"9047445825059795835","potions_obtained":[{"floor":1,"key":"Fire Potion"},{"floor":4,"key":"Elixir"},{"floor":12,"key":"Energy Potion"},{"floor":28,"key":"ColorlessPotion"},{"floor":31,"key":"SkillPotion"}],"is_trial":false,"path_per_floor":["M","?","M","M","M","E","M","E","T","?","$","E","M","M","R","B",null,"M","?","?","M","?","R","HB","R","T","E","M","M","AVR","M","R","B"],"character_chosen":"DEFECT","items_purchased":["Regen Potion","hubris:PowerSurge"],"campfire_rested":2,"item_purchase_floors":[11,11],"current_hp_per_floor":[69,69,66,57,36,27,27,7,7,15,15,41,47,47,47,54,75,65,65,65,46,46,68,38,38,38,23,14,19,19,19,30,0,0],"gold":429,"neow_bonus":"THREE_CARDS","is_daily":false,"chose_seed":false,"campfire_upgraded":2,"win_rate":0.0,"timestamp":1608748379,"path_taken":["M","?","M","?","M","E","M","E","T","?","$","E","M","M","R","BOSS","M","?","?","M","?","R","HB","R","T","E","M","M","AVR","?","R","BOSS"],"items_purchased_type":["Potion","Card"],"build_version":"2020-12-22","purchased_purges":0,"victory":false,"max_hp_per_floor":[75,75,75,75,75,75,75,75,75,75,75,75,75,75,75,75,75,75,75,75,75,75,75,38,38,38,38,38,38,38,38,38,38,38],"card_choices":[{"not_picked":["Gash","Conserve Battery"],"picked":"StuffTheSpire:LoadUp","floor":0},{"not_picked":["Compile Driver","Steam"],"picked":"Coolheaded","floor":1},{"not_picked":["StuffTheSpire:ShieldGenerator","jedi:blockon"],"picked":"Cold Snap","floor":3},{"not_picked":["StuffTheSpire:Plugnplay","Stack"],"picked":"Defragment","floor":4},{"not_picked":["Leap","Lockon"],"picked":"aspiration:Polymerization","floor":5},{"not_picked":["StuffTheSpire:LaunchingStrike","Stack"],"picked":"Conserve Battery","floor":6},{"not_picked":["jedi:BurstLightning","Reinforced Body"],"picked":"Capacitor","floor":7},{"not_picked":["Stack","Compile Driver"],"picked":"Ball Lightning","floor":8},{"not_picked":["Aggregate","StuffTheSpire:NuclearReactor"],"picked":"jedi:studyfrost","floor":12},{"not_picked":["Beam Cell","Go for the Eyes","jedi:BurstLightning"],"picked":"SKIP","floor":13},{"not_picked":["Hologram","Gash","jedi:BurstLightning"],"picked":"SKIP","floor":14},{"not_picked":["jedi:readyaimfire","Rainbow"],"picked":"Creative AI","floor":16},{"not_picked":["BasicCrystalCard","Go for the Eyes"],"picked":"StuffTheSpire:Synthwave","floor":18},{"not_picked":["jedi:blockon","Fusion"],"picked":"StuffTheSpire:Synthwave","floor":21},{"not_picked":["Compile Driver","ReplaySolidLightProjector"],"picked":"FTL","floor":27},{"not_picked":["conspire:Rain","StuffTheSpire:LoadUp+1"],"picked":"White Noise","floor":28},{"not_picked":["Reprogram+1","StuffTheSpire:ShieldGenerator+1"],"picked":"Biased Cognition","floor":29},{"not_picked":["Melter","Steam","Sweeping Beam"],"picked":"SKIP","floor":31}],"player_experience":17502,"relics_obtained":[{"floor":6,"key":"Peace Pipe"},{"floor":8,"key":"Meat on the Bone"},{"floor":9,"key":"halation:OrihimeAndHikoboshiSamaAndTears"},{"floor":12,"key":"conspire:Flyswatter"},{"floor":26,"key":"CCEMRelics:FryingPan"},{"floor":27,"key":"MealTicket"}],"event_choices":[{"damage_healed":0,"gold_gain":0,"player_choice":"Upgraded","damage_taken":0,"max_hp_gain":0,"max_hp_loss":0,"event_name":"Upgrade Shrine","floor":2,"gold_loss":0,"cards_upgraded":["StuffTheSpire:LoadUp"]},{"cards_removed":["Strike_B"],"damage_healed":0,"gold_gain":0,"player_choice":"Upgrade and Remove","damage_taken":0,"max_hp_gain":0,"max_hp_loss":0,"event_name":"Designer","floor":19,"gold_loss":90,"cards_upgraded":["Strike_B"]},{"damage_healed":0,"gold_gain":0,"player_choice":"Ignored","damage_taken":0,"max_hp_gain":0,"max_hp_loss":0,"event_name":"betterNote:BetterNote","floor":20,"gold_loss":0,"cards_obtained":["conspire:Charge"]},{"damage_healed":0,"gold_gain":99,"player_choice":"Steal","damage_taken":0,"max_hp_gain":0,"max_hp_loss":0,"event_name":"betterThird:BetterNest","floor":22,"gold_loss":0}],"is_beta":false,"boss_relics":[{"not_picked":["aspiration:RunicSpoon","hubris:TerracottaHorce"],"picked":"beaked:SacredDeck"}],"items_purged_floors":[],"is_endless":false,"potions_floor_spawned":[1,4,12,28,31],"killed_by":"hubris:MusketHawk","ascension_level":0}}