{"host":"w5ovz9boloi14a0g","time":1608747853,"event":{"mods":["BaseMod","Googly Eyes","Minty Spire (QoL Compilation)","Replay The Spire","StSLib","SuperFastMode"],"gold_per_floor":[112,112,128,146,162,197,197,232,304,304,219,232,260,260,260,260,260],"floor_reached":16,"playtime":566,"items_purged":[],"score":120,"play_id":"546ebc03-8586-402b-ac8d-fc501211c8ac","local_time":"20201223122413","is_ascension_mode":false,"campfire_choices":[{"floor":7.0,"key":"REST"},{"data":"Cloak And Dagger","floor":10.0,"key":"SMITH"},{"floor":15,"key":"REST"}],"circlet_count":0,"master_deck":["Strike_G","Strike_G+1","Strike_G","Strike_G","Strike_G","Defend_G","Defend_G","Defend_G","Defend_G","Defend_G","Survivor","Neutralize","Sucker Punch","Crippling Poison+1","Cloak And Dagger+1","Flying Knee","Underhanded Strike","Footwork","Backstab","ReplayTheSpireMod:Shiv Toss"],"relics":["Ring of the Snake","WingedGreaves","TungstenRod","Lantern","The Courier","Kunai"],"acts_visited":[],"potions_floor_usage":[],"damage_taken":[{"damage":0.0,"enemies":"Small Slimes","floor":1.0,"turns":3.0},{"damage":0.0,"enemies":"Cultist","floor":3.0,"turns":3.0},{"damage":0.0,"enemies":"2 Louse","floor":4.0,"turns":4.0},{"damage":36.0,"enemies":"Exordium Wildlife","floor":5.0,"turns":9.0},{"damage":16.0,"enemies":"3 Sentries","floor":6.0,"turns":12.0},{"damage":15.0,"enemies":"Lagavulin","floor":8.0,"turns":9.0},{"damage":0,"enemies":"Gremlin Gang","floor":12,"turns":3},{"damage":5,"enemies":"3 Sentries","floor":13,"turns":8},{"damage":38,"enemies":"Slime Boss","floor":16,"turns":7}],"seed_played":"-5184297689946951168","potions_obtained":[{"floor":6.0,"key":"Languid Potion"},{"floor":8.0,"key":"Reflective Coating"},{"floor":13,"key":"FearPotion"}],"is_trial":false,"path_per_floor":["M","?","M","M","M","E","R","E","T","R","$","M","E","?","R","B"],"character_chosen":"THE_SILENT","items_purchased":["Footwork","Backstab"],"campfire_rested":2,"item_purchase_floors":[11,11],"current_hp_per_floor":[77,77,77,77,41,25,48,33,33,33,33,33,28,14,37,0,0],"gold":260,"neow_bonus":"TEN_PERCENT_HP_BONUS","is_daily":false,"chose_seed":false,"campfire_upgraded":1,"win_rate":0.0,"timestamp":1608747853,"path_taken":["M","?","M","M","M","E","R","E","T","R","?","M","E","?","R","BOSS"],"items_purchased_type":["Card","Card"],"build_version":"2020-12-22","purchased_purges":0,"victory":false,"max_hp_per_floor":[77,77,77,77,77,77,77,77,77,77,77,77,77,77,77,77,77],"card_choices":[{"not_picked":["Bane","Riddle With Holes"],"picked":"Dagger Spray","floor":1.0},{"not_picked":["Underhanded Strike","Skewer"],"picked":"Sucker Punch","floor":3.0},{"not_picked":["Blade Dance","PiercingWail"],"picked":"Crippling Poison","floor":4.0},{"not_picked":["Caltrops","Dodge and Roll"],"picked":"Cloak And Dagger","floor":5.0},{"not_picked":["Concentrate","Bane"],"picked":"Flying Knee","floor":6.0},{"not_picked":["ReplayTheSpireMod:Exploit Weakness","Masterful Stab"],"picked":"Underhanded Strike","floor":8.0},{"not_picked":["Backstab","PiercingWail","Atom Bomb"],"picked":"SKIP","floor":12},{"not_picked":["Blade Dance","Escape Plan"],"picked":"ReplayTheSpireMod:Shiv Toss","floor":13}],"player_experience":13515,"relics_obtained":[{"floor":6.0,"key":"TungstenRod"},{"floor":8.0,"key":"Lantern"},{"floor":9.0,"key":"The Courier"},{"floor":13,"key":"Kunai"}],"event_choices":[{"cards_removed":["Dagger Spray"],"damage_healed":0.0,"max_hp_gain":0.0,"max_hp_loss":0.0,"gold_gain":0.0,"event_name":"WeMeetAgain","player_choice":"Gave Card","floor":2.0,"gold_loss":0.0,"damage_taken":0.0,"relics_obtained":["WingedGreaves"]},{"damage_healed":0,"gold_gain":0,"player_choice":"Entered Light","damage_taken":15,"max_hp_gain":0,"max_hp_loss":0,"event_name":"Shining Light","floor":14,"gold_loss":0,"cards_upgraded":["Crippling Poison","Strike_G"]}],"is_beta":false,"boss_relics":[],"items_purged_floors":[],"is_endless":false,"potions_floor_spawned":[6,8,13],"killed_by":"Slime Boss","ascension_level":0}}