{"host":"j204k34h42bd6fas","time":1608701256,"event":{"mods":["Aspiration","BaseMod","Colored Map","Colored Powertips","Conspire","Hubris","Infinite Spire","Mimic Mod","Minty Spire (QoL Compilation)","Rare Cards Sparkle","Relic Stats","Replay The Spire","Say the Spire","StSLib","The Cursed"],"gold_per_floor":[114,16,36,12,12,37,37,66,66,84,184,184,93,93,93,194,194,211,211,79,79,93,123,123,73,107,107,107],"floor_reached":27,"playtime":678,"items_purged":[],"score":312,"play_id":"56b88e13-1883-48f0-abce-773239baeed5","local_time":"20201223002736","is_ascension_mode":true,"campfire_choices":[{"data":"Clash","floor":7,"key":"SMITH"},{"data":"Bash","floor":12,"key":"SMITH"},{"data":"ReplayTheSpireMod:Muscle Training","floor":15,"key":"SMITH"},{"floor":24,"key":"REST"}],"circlet_count":0,"master_deck":["Strike_R+1","Strike_R+1","Strike_R+1","Strike_R+1","Strike_R+1","Defend_R","Defend_R","Defend_R","Defend_R","Bash+1","Carnage+1","Clash+1","Wild Strike+1","Twin Strike+1","Wild Strike+1","Power Through","Power Through","Havoc","ReplayReversal","ReplayTheSpireMod:Muscle Training+1","Thunderclap+1","Limit Break","Anger","Inflame","Flex","Ghostly Armor+1","Flex","Abandon"],"relics":["Burning Blood","NeowsBlessing","hubris:GlazedTorus","hubris:MysteriousPyramids","Fusion Hammer","conspire:BottledYoYo"],"acts_visited":["Exordium","TheCity"],"potions_floor_usage":[27],"damage_taken":[{"damage":0,"enemies":"Small Slimes","floor":1,"turns":1},{"damage":0,"enemies":"Cultist","floor":3,"turns":1},{"damage":0,"enemies":"3 Sentries","floor":6,"turns":2},{"damage":35,"enemies":"Lagavulin","floor":8,"turns":4},{"damage":12,"enemies":"Jaw Worm","floor":10,"turns":2},{"damage":39,"enemies":"The Guardian","floor":16,"turns":8},{"damage":32,"enemies":"2 Thieves","floor":18,"turns":4},{"damage":31,"enemies":"3 Byrds","floor":22,"turns":5},{"damage":28,"enemies":"Replay:Snechameleon","floor":23,"turns":3},{"damage":13,"enemies":"Centurion and Healer","floor":26,"turns":6},{"damage":16,"enemies":"Gremlin Leader","floor":27,"turns":4}],"seed_played":"-3368945891698203730","potions_obtained":[{"floor":1,"key":"Strength Potion"},{"floor":10,"key":"Fire Potion"}],"is_trial":false,"path_per_floor":["M","$","M","$","?","E","R","E","T","M","?","R","$","?","R","B",null,"M","?","$","?","M","E","R","$","MIM","E"],"character_chosen":"IRONCLAD","items_purchased":["Clash","Wild Strike","Wild Strike","ReplayTheSpireMod:Muscle Training","Thunderclap","Inflame","Flex","Flex"],"campfire_rested":1,"item_purchase_floors":[2,2,4,13,13,20,20,25],"current_hp_per_floor":[80,80,80,80,80,80,80,51,51,45,45,45,45,45,45,12,80,54,54,54,80,55,33,57,57,50,34,34],"gold":107,"neow_bonus":"THREE_ENEMY_KILL","is_daily":false,"chose_seed":false,"campfire_upgraded":3,"win_rate":0.0,"timestamp":1608701256,"path_taken":["M","$","M","$","?","E","R","E","T","?","?","R","?","?","R","BOSS","M","?","$","?","?","E","R","?","MIM","E"],"items_purchased_type":["Card","Card","Card","Card","Card","Card","Card","Card"],"build_version":"2020-12-22","purchased_purges":0,"victory":false,"max_hp_per_floor":[80,80,80,80,80,80,80,80,80,80,80,80,80,80,80,80,80,80,80,80,80,80,80,80,80,80,80,80],"relic_stats":{"counters":[11,40],"obtain_stats":[{"NeowsBlessing":0,"Fusion Hammer":17,"conspire:BottledYoYo":23,"hubris:MysteriousPyramids":9,"Burning Blood":0,"Replay:Rubber Ducky":6,"hubris:GlazedTorus":8},{"NeowsBlessing":0,"Fusion Hammer":6,"conspire:BottledYoYo":9,"hubris:MysteriousPyramids":4,"Burning Blood":0,"Replay:Rubber Ducky":3,"hubris:GlazedTorus":4},{"NeowsBlessing":0,"Fusion Hammer":18,"conspire:BottledYoYo":30,"hubris:MysteriousPyramids":8,"Burning Blood":0,"Replay:Rubber Ducky":4,"hubris:GlazedTorus":8}],"Burning Blood":42},"card_choices":[{"not_picked":["Replay:Undeath\u0027s Touch","Headbutt"],"picked":"Carnage","floor":1},{"not_picked":["Flame Barrier","True Grit"],"picked":"Twin Strike","floor":3},{"not_picked":["Metallicize","Replay:Undeath\u0027s Touch"],"picked":"Power Through","floor":6},{"not_picked":["Clothesline","Battle Trance"],"picked":"Havoc","floor":8},{"not_picked":["Life Link","Feel No Pain"],"picked":"ReplayReversal","floor":10},{"not_picked":["conspire:Purge","Replay:Many Hands"],"picked":"Limit Break","floor":16},{"not_picked":["Twin Strike","ReplayTheSpireMod:Stacked"],"picked":"Anger","floor":18},{"not_picked":["Disarm","Pommel Strike","Run Through"],"picked":"SKIP","floor":22},{"not_picked":["Wild Strike","Thunderclap"],"picked":"Ghostly Armor+1","floor":23},{"not_picked":["Uppercut","Shrug It Off+1"],"picked":"Abandon","floor":26}],"player_experience":284239,"relics_obtained":[{"floor":6,"key":"Replay:Rubber Ducky"},{"floor":8,"key":"hubris:GlazedTorus"},{"floor":9,"key":"hubris:MysteriousPyramids"},{"floor":23,"key":"conspire:BottledYoYo"}],"event_choices":[{"damage_healed":0,"gold_gain":0,"player_choice":"2 cards matched","damage_taken":0,"max_hp_gain":0,"max_hp_loss":0,"event_name":"Match and Keep!","floor":5,"gold_loss":0,"cards_obtained":["ReplayTheSpireMod:Trickstab","Power Through"]},{"damage_healed":0,"gold_gain":100,"player_choice":"Gold","damage_taken":0,"max_hp_gain":0,"max_hp_loss":0,"event_name":"Wheel of Change","floor":11,"gold_loss":0},{"damage_healed":0,"gold_gain":0,"player_choice":"Ignored","damage_taken":0,"max_hp_gain":0,"max_hp_loss":0,"event_name":"Vampires","floor":19,"gold_loss":0},{"cards_removed":["ReplayTheSpireMod:Trickstab"],"damage_healed":26,"gold_gain":0,"player_choice":"Offered Uncommon","damage_taken":0,"max_hp_gain":0,"max_hp_loss":0,"event_name":"Bonfire Elementals","floor":21,"gold_loss":0}],"is_beta":false,"boss_relics":[{"not_picked":["hubris:RunicObelisk","Honey Jar"],"picked":"Fusion Hammer"}],"items_purged_floors":[],"is_endless":false,"potions_floor_spawned":[1,10],"killed_by":"Gremlin Leader","ascension_level":4}}