{"host":"d61vkvf8c80cu18y","time":1608690270,"event":{"mods":["2.2 Compatiblity","AchievementEnabler","AlwaysNeverKeys","Aspiration","BaseMod","Better Altar","Better Note","Better Sensory Stone","Better Skull","Better Third Choice","BetterRewards","Challenge The Spire","Conspire","Custom Start","Downfall","Emptier Cage","Energized Spire","Force Act Four","GifTheSpireLib","Gremlin Mod","GungeonMod","Hermit","Highlight Path","Hubris","Infinite Spire","Ironclad Rager","Jess\u0027s Bottle","Marked Mod","Minty Spire (QoL Compilation)","Quick Restart","Rare Cards Sparkle","Relic Filter","Replay The Spire","Retaliation","Shade Mod","Shop Mod","Spicy Shops","Spikes Relics","StSLib","Stuff the Spire","Swap Starting Deck Mod","The Blue Laboratory","The Bug Knight","The Cursed","The Forsaken","The Marked","The Runesmith","The Sage","The Servant 0.9.4","TheVacant","Thieving Mod","Virulent Crown","thorton"],"gold_per_floor":[99,99,116,127,112,127,127,157,157,157,170,170,170,189,208,303,303,403,416,429,443,543,575,575,254,271,271,290,290,290,290,305,405,405,405,424,442,462,462,520,556,593,54,54,164,164,92,93,128,130],"floor_reached":51,"playtime":5916,"items_purged":["conspire:NecroticWound"],"score":717,"play_id":"7aaaeebf-c588-46b7-bbb7-8d666378a329","local_time":"20201222202430","is_ascension_mode":false,"campfire_choices":[{"data":"Slimebound:Split","floor":1.0,"key":"SMITH"},{"data":"Slimebound:CorrosiveSpit","floor":9.0,"key":"SMITH"},{"floor":13.0,"key":"REST"},{"data":"Slimebound:Gluttony","floor":27.0,"key":"SMITH"},{"data":"Slimebound:LeadByExample","floor":29.0,"key":"SMITH"},{"floor":35.0,"key":"DIG"},{"data":"Slimebound:Gluttony","floor":47,"key":"SMITH"}],"circlet_count":0,"master_deck":["Slimebound:Strike_Slimebound","Slimebound:Strike_Slimebound","Slimebound:Strike_Slimebound","Slimebound:Tackle","Slimebound:Defend_Slimebound","Slimebound:Defend_Slimebound","Slimebound:Defend_Slimebound","Slimebound:Defend_Slimebound","Slimebound:Split+1","Slimebound:CorrosiveSpit+1","Slimebound:SplitMire","Slimebound:SplitAcid","Slimebound:LevelUp","Slimebound:SlimeBarrage+1","Slimebound:LeechLife+1","Slimebound:SamplingLick","Slimebound:LeadByExample+1","Slimebound:Repurpose","Slimebound:OneTwoCombo+1","Slimebound:ViciousTackle+1","Slimebound:Gluttony+1","Slimebound:MegaLick","Slimebound:SlimeBrawl+1","Slimebound:SlimeBrawl","Slimebound:Grow+1","Slimebound:LeechingTouch+1","Slimebound:ProtectTheBoss+1","Slimebound:RejuvenatingLick+1","Slimebound:OozeBath","Slimebound:Nibble+1","Slimebound:MassRepurpose","Slimebound:SplitMire+1","StuffTheSpire:CuriosityCurse","Slimebound:Gluttony+1","Slimebound:GoopSpray","Slimebound:ComboTackle+1","Slimebound:Replication","Slimebound:SamplingLick+1","Slimebound:GoopSpray","Slimebound:SamplingLick","Slimebound:GoopSpray","hubris:Greed","hubris:Greed","infinitespire:UltimateForm","Slimebound:LevelUp+1","hubris:Greed","Slimebound:RejuvenatingLick"],"relics":["Slimebound:AbsorbEndCombatUpgraded","Molten Egg 2","BrokenLever","Question Card","Letter Opener","GiantMaggot","StuffTheSpire:PointBlank","ReplayTheSpireMod:CursedCoin","ChewingGum","Sundial","MawBank","WizardHat","Happy Flower","Vajra","SpikesRelics:DaevaFist","hubris:SlimyHat","Orrery","Strawberry","StuffTheSpire:Wildfire","thethorton:BankDeed","downfall:HeartBlessingRed","infinitespire:EmpoweringShard","aspiration:KaomsHeart"],"acts_visited":["Exordium","TheCity","TheBeyond"],"potions_floor_usage":[],"damage_taken":[{"damage":8.0,"enemies":"2 Louse","floor":3.0,"turns":2.0},{"damage":19.0,"enemies":"Small Slimes","floor":4.0,"turns":3.0},{"damage":27.0,"enemies":"downfall:FleeingMerchant","floor":5.0,"turns":4.0},{"damage":20.0,"enemies":"Cultist","floor":6.0,"turns":3.0},{"damage":21.0,"enemies":"Gremlin Nob","floor":8.0,"turns":3.0},{"damage":23.0,"enemies":"3 Louse","floor":11.0,"turns":3.0},{"damage":16.0,"enemies":"Red Slaver","floor":14.0,"turns":3.0},{"damage":15.0,"enemies":"2 Fungi Beasts","floor":15.0,"turns":2.0},{"damage":60.0,"enemies":"downfall:Defect","floor":16.0,"turns":5.0},{"damage":12.0,"enemies":"3 Byrds","floor":19.0,"turns":3.0},{"damage":30.0,"enemies":"Chosen and Byrds","floor":20.0,"turns":4.0},{"damage":16.0,"enemies":"Snake Plant","floor":21.0,"turns":3.0},{"damage":63.0,"enemies":"Nightmare","floor":23.0,"turns":6.0},{"damage":19.0,"enemies":"downfall:FleeingMerchant","floor":25.0,"turns":4.0},{"damage":40.0,"enemies":"Shelled Parasite and Fungi","floor":26.0,"turns":4.0},{"damage":28.0,"enemies":"Sentry and Sphere","floor":28.0,"turns":4.0},{"damage":24.0,"enemies":"conspire:HollyBat","floor":32.0,"turns":6.0},{"damage":33.0,"enemies":"downfall:Ironclad","floor":33.0,"turns":7.0},{"damage":13.0,"enemies":"3 Shapes","floor":36.0,"turns":3.0},{"damage":15.0,"enemies":"3 Darklings","floor":37.0,"turns":3.0},{"damage":35.0,"enemies":"4 Shapes","floor":38.0,"turns":4.0},{"damage":34.0,"enemies":"2 Orb Walkers","floor":40.0,"turns":4.0},{"damage":19.0,"enemies":"downfall:FleeingMerchant","floor":43.0,"turns":3.0},{"damage":28.0,"enemies":"infinitespire:Three Voidlings","floor":45.0,"turns":3.0},{"damage":66.0,"enemies":"Nightmare_Alpha","floor":45.0,"turns":10.0},{"damage":38,"enemies":"Jaw Worm Horde","floor":49,"turns":2},{"damage":19,"enemies":"downfall:Watcher","floor":50,"turns":4}],"seed_played":"4643542470182968848","potions_obtained":[{"floor":11.0,"key":"blueLaboratory:BottledHope"},{"floor":14.0,"key":"ColorlessPotion"},{"floor":16.0,"key":"Swift Potion"},{"floor":26.0,"key":"LifebloodPotion"},{"floor":28.0,"key":"GamblersBrew"},{"floor":32.0,"key":"blueLaboratory:BottleOfVodka"},{"floor":36.0,"key":"SpeedPotion"},{"floor":38.0,"key":"AttackPotion"},{"floor":49,"key":"blueLaboratory:HorrorPotion"}],"is_trial":false,"path_per_floor":["R","?","M","M","$","M","T","E","R","?","M","?","R","M","M","B",null,"R","M","M","M","?","NM","T","$","M","R","M","R","?","?","M","B",null,"R","M","M","M","?","?","T","T","$","?","?","T","R","$","M","B",null],"character_chosen":"SLIMEBOUND","items_purchased":["ReplayTheSpireMod:CursedCoin","Slimebound:Grow","Slimebound:LeechingTouch+1","Slimebound:ComboTackle+1","SpikesRelics:DaevaFist","hubris:SlimyHat","Orrery","Slimebound:SlimyTonguePotion","Strawberry","SpeedPotion"],"campfire_rested":1,"item_purchase_floors":[25,25,25,43,43,43,43,43,43,43],"current_hp_per_floor":[66,66,66,66,63,59,59,54,54,36,29,29,48,48,41,19,66,66,66,66,66,66,44,44,66,50,50,54,54,54,54,66,65,66,66,66,66,66,66,58,58,58,73,73,73,73,73,173,161,173],"gold":132,"neow_bonus":"TEN_PERCENT_HP_BONUS","is_daily":false,"chose_seed":false,"campfire_upgraded":5,"win_rate":0.0,"timestamp":1608690270,"path_taken":["R","?","M","M","$","M","T","E","R","?","M","?","R","M","M","BOSS","R","M","M","M","?","NM","T","$","M","R","?","R","?","?","M","BOSS","R","M","M","M","?","?","T","?","$","?","?","?","R","$","M","BOSS"],"items_purchased_type":["Relic","Card","Card","Card","Relic","Relic","Relic","Potion","Relic","Potion"],"build_version":"2020-12-13","purchased_purges":1,"victory":true,"max_hp_per_floor":[66,66,66,66,66,66,66,66,66,66,66,66,66,66,66,66,66,66,66,66,66,66,66,66,66,66,66,66,66,66,66,66,66,66,66,66,66,66,66,66,66,66,73,73,73,73,73,173,173,173],"card_choices":[{"not_picked":["Slimebound:SlimeSpikes","Slimebound:LeechEnergy+1"],"picked":"Slimebound:SplitMire","floor":3.0},{"not_picked":["Slimebound:Gluttony","Slimebound:GrowthPunch+1"],"picked":"Slimebound:SplitAcid","floor":4.0},{"not_picked":["Slimebound:SplitAcid","Slimebound:ViciousTackle+1"],"picked":"Slimebound:LevelUp","floor":5.0},{"not_picked":["Slimebound:SplitMire","Slimebound:Gluttony"],"picked":"Slimebound:SlimeBarrage+1","floor":6.0},{"not_picked":["Slimebound:SplitMire","Slimebound:FlameTackle+1"],"picked":"Slimebound:LeechLife+1","floor":8.0},{"not_picked":["Slimebound:FlameTackle+1","Slimebound:PressTheAttack+1","Slimebound:ItLooksTasty+1"],"picked":"Slimebound:SamplingLick","floor":11.0},{"not_picked":["Slimebound:GrowthPunch+1","Slimebound:LeechingTouch+1","Slimebound:BestDefense"],"picked":"Slimebound:LeadByExample","floor":14.0},{"not_picked":["Slimebound:MegaLick","Slimebound:SlimeTap","Slimebound:SlimeSpikes"],"picked":"Slimebound:Repurpose","floor":15.0},{"not_picked":["Slimebound:MinionMaster","Slimebound:MassRepurpose","Slimebound:DuplicatedForm"],"picked":"Slimebound:OneTwoCombo+1","floor":16.0},{"not_picked":["Slimebound:SplitBruiser","Slimebound:LivingWall","Slimebound:FormOfPuddle"],"picked":"Slimebound:ViciousTackle+1","floor":19.0},{"not_picked":["Slimebound:FlameTackle+1","Slimebound:RejuvenatingLick+1","Slimebound:Prepare+1"],"picked":"Slimebound:Gluttony","floor":20.0},{"not_picked":["Slimebound:SamplingLick","Slimebound:FirmFortitude","Slimebound:SplitBruiser"],"picked":"Slimebound:MegaLick","floor":21.0},{"not_picked":["Slimebound:ComboTackle+1","Slimebound:Chomp+1","Slimebound:Equalize+1"],"picked":"Slimebound:SlimeBrawl+1","floor":23.0},{"not_picked":["Slimebound:PressTheAttack+1","Slimebound:Chomp+1","Slimebound:SlimeTap+1"],"picked":"Slimebound:SlimeBrawl","floor":25.0},{"not_picked":["Slimebound:LeechingTouch+1","Slimebound:Schlurp","Slimebound:Grow"],"picked":"Slimebound:ProtectTheBoss+1","floor":26.0},{"not_picked":["Slimebound:GoopTackle+1","Slimebound:RollThrough+1","Slimebound:GrowthPunch+1"],"picked":"Slimebound:RejuvenatingLick+1","floor":28.0},{"not_picked":["Slimebound:FormOfPuddle","Slimebound:GoopSpray","Slimebound:LeechEnergy+1","Slimebound:RollThrough+1"],"picked":"SKIP","floor":32.0},{"not_picked":["Slimebound:MinionMaster","Slimebound:MassRepurpose","Slimebound:Overexert"],"picked":"Slimebound:OozeBath","floor":33.0},{"not_picked":["Slimebound:ComboTackle+1","Slimebound:DisruptingSlam+1","Slimebound:SlimeSpikes"],"picked":"Slimebound:Nibble+1","floor":36.0},{"not_picked":["Slimebound:ComboTackle+1","Slimebound:FinishingTackle+1","Slimebound:SplitLeeching"],"picked":"Slimebound:MassRepurpose","floor":37.0},{"not_picked":["Slimebound:FinishingTackle+1","Slimebound:SplitBruiser+1","Slimebound:LeechingTouch+1"],"picked":"Slimebound:SplitMire+1","floor":38.0},{"not_picked":["Slimebound:RollThrough+1","Slimebound:GoopTackle+1","Slimebound:LeechingTouch+1"],"picked":"Slimebound:Gluttony","floor":40.0},{"not_picked":["Slimebound:GrowthPunch+1","Slimebound:RollThrough+1","Slimebound:Schlurp"],"picked":"Slimebound:GoopSpray","floor":43.0},{"not_picked":["Slimebound:SamplingLick","Slimebound:BestDefense","Slimebound:LeechEnergy+1"],"picked":"Slimebound:Replication","floor":43.0},{"not_picked":["Slimebound:LeechLife+1","Slimebound:SplitBruiser","Slimebound:LeechEnergy+1"],"picked":"Slimebound:SamplingLick+1","floor":43.0},{"not_picked":["Slimebound:SplitMire+1","Slimebound:SlimeTap","Slimebound:MassRepurpose"],"picked":"Slimebound:GoopSpray","floor":43.0},{"not_picked":["Slimebound:SpikyOuterGoop","Slimebound:Schlurp+1","Slimebound:FirmFortitude+1"],"picked":"Slimebound:SamplingLick","floor":43.0},{"not_picked":["Slimebound:BestDefense+1","Slimebound:LeechingTouch+1","Slimebound:SplitAcid+1"],"picked":"Slimebound:GoopSpray","floor":43.0},{"not_picked":["infinitespire:Gouge","ReplayTheSpireMod:Haul"],"picked":"infinitespire:UltimateForm","floor":45},{"not_picked":["Slimebound:GoopSpray+1","Slimebound:FlameTackle+1","Slimebound:LeechEnergy+1"],"picked":"Slimebound:LevelUp+1","floor":45},{"not_picked":["Slimebound:FinishingTackle+1","Slimebound:SlimeSpikes+1","Slimebound:LeechingTouch+1"],"picked":"Slimebound:RejuvenatingLick","floor":49}],"player_experience":391743,"relics_obtained":[{"floor":7.0,"key":"BrokenLever"},{"floor":8.0,"key":"Question Card"},{"floor":23.0,"key":"GiantMaggot"},{"floor":24.0,"key":"StuffTheSpire:PointBlank"},{"floor":35.0,"key":"Sundial"},{"floor":40.0,"key":"WizardHat"},{"floor":41.0,"key":"Happy Flower"},{"floor":42.0,"key":"Vajra"},{"floor":45,"key":"StuffTheSpire:Wildfire"},{"floor":46,"key":"thethorton:BankDeed"}],"event_choices":[{"damage_healed":0.0,"max_hp_gain":0.0,"max_hp_loss":0.0,"gold_gain":0.0,"event_name":"Scrap Ooze","player_choice":"Success","floor":10.0,"gold_loss":0.0,"damage_taken":18.0,"relics_obtained":["Letter Opener"]},{"cards_removed":["Injury"],"damage_healed":0.0,"max_hp_gain":0.0,"max_hp_loss":0.0,"gold_gain":0.0,"event_name":"Purifier","player_choice":"Purged","floor":12.0,"gold_loss":0.0,"damage_taken":0.0},{"damage_healed":0.0,"max_hp_gain":0.0,"max_hp_loss":0.0,"gold_gain":0.0,"event_name":"Upgrade Shrine","player_choice":"Upgraded","floor":30.0,"gold_loss":0.0,"damage_taken":0.0,"cards_upgraded":["Slimebound:Grow"]},{"damage_healed":0.0,"max_hp_gain":0.0,"max_hp_loss":0.0,"gold_gain":0.0,"event_name":"betterNote:BetterNote","player_choice":"Ignored","floor":31.0,"gold_loss":0.0,"damage_taken":0.0,"cards_obtained":["Gremlin:Duplicate"]},{"damage_healed":0.0,"max_hp_gain":0.0,"max_hp_loss":0.0,"gold_gain":0.0,"event_name":"Mysterious Sphere","player_choice":"Fight","floor":40.0,"gold_loss":0.0,"damage_taken":0.0},{"damage_healed":0.0,"max_hp_gain":0.0,"max_hp_loss":0.0,"gold_gain":0.0,"event_name":"conspire:Investor","player_choice":"Leave","floor":44.0,"gold_loss":0.0,"damage_taken":0.0}],"is_beta":false,"boss_relics":[{"not_picked":["SlaversCollar","StuffTheSpire:Kangaroo"],"picked":"Slimebound:AbsorbEndCombatUpgraded"},{"not_picked":["Velvet Choker","energizedSpire:HugeHouse"],"picked":"ChewingGum"}],"items_purged_floors":[25],"is_endless":false,"potions_floor_spawned":[11,14,16,26,28,32,36,38,45,49],"ascension_level":0}}