{"host":"709gjpjg43u3i5a8","time":1608688269,"event":{"mods":["BaseMod","Colored Map","Colored Powertips","Downfall","Hermit","Hubris","Infinite Spire","Marisa????????","Minty Spire (QoL Compilation)","Remilia??????","StSLib","Td1madao Mod","The Animator","The Bug Knight","The Cursed","The Disciple","The Hierophant","The Jungle","The Servant 0.9.4"],"gold_per_floor":[113,288,288,312,385,424,424,465,465,465,465,465],"floor_reached":11,"playtime":613,"items_purged":[],"score":104,"play_id":"2a92dd5c-2637-4f39-be3b-8a329053b35d","local_time":"20201222185109","is_ascension_mode":false,"campfire_choices":[{"data":"VestedLegacy","floor":7,"key":"SMITH"},{"floor":10,"key":"REST"}],"circlet_count":0,"master_deck":["Strike_Br","Strike_Br","Strike_Br","Strike_Br","Defend_Br","Defend_Br","Defend_Br","Defend_Br","SecondHand","PatternShift","BlueShift","Doubt","LockedMercury","VestedLegacy+1","LockedOrichalcum"],"relics":["Chronometer","NeowsBlessing","Golden Idol","Juzu Bracelet","hubris:CrystalStatue","AntiCross"],"acts_visited":["Exordium"],"potions_floor_usage":[8],"damage_taken":[{"damage":0,"enemies":"Jaw Worm","floor":1,"turns":1},{"damage":0,"enemies":"Cultist","floor":4,"turns":1},{"damage":0,"enemies":"3 Sentries","floor":6,"turns":3},{"damage":42,"enemies":"Lagavulin","floor":8,"turns":22},{"damage":0,"enemies":"3 Sentries","floor":11,"turns":1}],"seed_played":"-6132298622612663381","potions_obtained":[{"floor":1,"key":"Dexterity Potion"},{"floor":4,"key":"Fruit Juice"}],"is_trial":false,"path_per_floor":["M","?","?","M","T","E","R","E","T","R","E"],"character_chosen":"CHRONO_CLASS","items_purchased":[],"campfire_rested":1,"item_purchase_floors":[],"current_hp_per_floor":[65,65,49,49,49,49,49,7,7,26,26,26],"gold":465,"neow_bonus":"THREE_ENEMY_KILL","is_daily":false,"chose_seed":false,"campfire_upgraded":1,"win_rate":0.0,"timestamp":1608688269,"path_taken":["M","?","?","M","?","E","R","E","T","R","E"],"items_purchased_type":[],"build_version":"2020-12-13","purchased_purges":0,"victory":false,"max_hp_per_floor":[65,65,65,65,65,65,65,65,65,65,65,65],"card_choices":[{"not_picked":["AlternateTimeline","PrimeTime"],"picked":"BlueShift","floor":1},{"not_picked":["TickedOff","Echoward"],"picked":"LockedMercury","floor":4},{"not_picked":["HandsUpC","LockedMedicine"],"picked":"VestedLegacy","floor":6},{"not_picked":["PrimeTime","BiteCommand"],"picked":"LockedOrichalcum","floor":8}],"player_experience":384455,"relics_obtained":[{"floor":6,"key":"Juzu Bracelet"},{"floor":8,"key":"hubris:CrystalStatue"},{"floor":9,"key":"AntiCross"}],"event_choices":[{"damage_healed":0,"gold_gain":175,"player_choice":"AGREE","damage_taken":0,"max_hp_gain":0,"max_hp_loss":0,"event_name":"Liars Game","floor":2,"gold_loss":0,"cards_obtained":["Doubt"]},{"damage_healed":0,"gold_gain":0,"player_choice":"Take Damage","damage_taken":16,"relics_obtained":["Golden Idol"],"max_hp_gain":0,"max_hp_loss":0,"event_name":"Golden Idol","floor":3,"gold_loss":0}],"is_beta":false,"boss_relics":[],"items_purged_floors":[],"is_endless":false,"potions_floor_spawned":[1,4],"killed_by":"3 Sentries","ascension_level":0}}