{"host":"dcj2yvrgcvh5dl2s","time":1608697664,"event":{"mods":["BaseMod","Better Note","Block Reminder","Colored Powertips","DeckTracker","Minty Spire (QoL Compilation)","Quick Restart","Rare Cards Sparkle","Relic Stats","StSLib"],"gold_per_floor":[112,112,15,115,131,131,166,166,190,39,39,39,53,53,53,146,146,166,265,14,35,35,35],"floor_reached":22,"playtime":564,"items_purged":["Strike_R","Strike_R"],"score":297,"play_id":"1830e196-aca8-4071-bb2e-5ca6ef845c06","local_time":"20201223142744","is_ascension_mode":true,"campfire_choices":[{"data":"Whirlwind","floor":6,"key":"SMITH"},{"floor":15,"key":"REST"}],"circlet_count":0,"master_deck":["AscendersBane","Strike_R","Strike_R","Defend_R","Defend_R","Defend_R","Defend_R","Bash","Whirlwind+1","Flex+1","Flex","Shrug It Off","Shockwave","Immolate","Double Tap"],"relics":["Burning Blood","Champion Belt","Pen Nib","Bag of Preparation","HandDrill","Golden Idol","Black Star"],"acts_visited":["Exordium","TheCity"],"potions_floor_usage":[16,16],"damage_taken":[{"damage":8,"enemies":"2 Louse","floor":1,"turns":3},{"damage":1,"enemies":"Cultist","floor":5,"turns":3},{"damage":48,"enemies":"Lagavulin","floor":7,"turns":8},{"damage":4,"enemies":"Jaw Worm","floor":13,"turns":2},{"damage":28,"enemies":"Hexaghost","floor":16,"turns":11},{"damage":12,"enemies":"3 Byrds","floor":18,"turns":3},{"damage":42,"enemies":"2 Thieves","floor":21,"turns":4},{"damage":25,"enemies":"Centurion and Healer","floor":22,"turns":5}],"seed_played":"2554226145219586348","potions_obtained":[{"floor":1,"key":"Strength Potion"},{"floor":13,"key":"GamblersBrew"}],"is_trial":false,"path_per_floor":["M","?","$","?","M","R","E","?","T","$","?","$","M","?","R","B",null,"M","?","$","M","M"],"character_chosen":"IRONCLAD","items_purchased":["Flex","HandDrill","Double Tap"],"campfire_rested":1,"item_purchase_floors":[3,10,20],"current_hp_per_floor":[49,49,49,49,54,54,12,12,12,12,12,12,14,14,36,14,59,53,53,53,17,0,0],"gold":35,"neow_bonus":"ONE_RARE_RELIC","is_daily":false,"chose_seed":false,"campfire_upgraded":1,"win_rate":0.0,"timestamp":1608697664,"path_taken":["M","?","$","?","?","R","E","?","T","$","?","$","?","?","R","BOSS","M","?","$","M","M"],"items_purchased_type":["Card","Relic","Card"],"build_version":"2020-12-13","purchased_purges":2,"victory":false,"max_hp_per_floor":[80,80,80,80,80,80,80,80,80,80,74,74,74,74,74,74,74,74,74,74,74,74,74],"relic_stats":{"counters":[8,39],"Golden Idol":30,"Pen Nib":[2],"Bag of Preparation":[10],"HandDrill":[4],"Black Star":0,"Champion Belt":[15],"obtain_stats":[{"Golden Idol":11,"Pen Nib":7,"Bag of Preparation":9,"HandDrill":10,"Black Star":17,"Champion Belt":0,"Burning Blood":0},{"Golden Idol":3,"Pen Nib":3,"Bag of Preparation":3,"HandDrill":3,"Black Star":5,"Champion Belt":0,"Burning Blood":0},{"Golden Idol":14,"Pen Nib":14,"Bag of Preparation":14,"HandDrill":14,"Black Star":27,"Champion Belt":0,"Burning Blood":0}],"Burning Blood":42},"card_choices":[{"not_picked":["Ghostly Armor","Blood for Blood"],"picked":"Whirlwind","floor":1},{"not_picked":["Pommel Strike","Inflame"],"picked":"Flex","floor":5},{"not_picked":["Evolve","Clash"],"picked":"Shrug It Off","floor":7},{"not_picked":["Sever Soul","Berserk"],"picked":"Shockwave","floor":13},{"not_picked":["Double Tap","Feed"],"picked":"Immolate","floor":16},{"not_picked":["Perfected Strike","Headbutt","Iron Wave"],"picked":"SKIP","floor":18},{"not_picked":["Warcry","Havoc+1","Twin Strike"],"picked":"SKIP","floor":21}],"player_experience":2011962,"relics_obtained":[{"floor":7,"key":"Pen Nib"},{"floor":9,"key":"Bag of Preparation"}],"event_choices":[{"cards_removed":["Strike_R"],"damage_healed":0,"gold_gain":0,"player_choice":"Purged","damage_taken":0,"max_hp_gain":0,"max_hp_loss":0,"event_name":"Purifier","floor":2,"gold_loss":0},{"damage_healed":0,"gold_gain":100,"player_choice":"Gold","damage_taken":0,"max_hp_gain":0,"max_hp_loss":0,"event_name":"Wheel of Change","floor":4,"gold_loss":0},{"damage_healed":0,"gold_gain":0,"player_choice":"Grow","damage_taken":0,"max_hp_gain":0,"max_hp_loss":0,"event_name":"Living Wall","floor":8,"gold_loss":0,"cards_upgraded":["Flex"]},{"damage_healed":0,"gold_gain":0,"player_choice":"Lose Max HP","damage_taken":0,"relics_obtained":["Golden Idol"],"max_hp_gain":0,"max_hp_loss":6,"event_name":"Golden Idol","floor":11,"gold_loss":0},{"damage_healed":0,"gold_gain":0,"player_choice":"Ignored","damage_taken":0,"max_hp_gain":0,"max_hp_loss":0,"event_name":"Shining Light","floor":14,"gold_loss":0},{"damage_healed":0,"gold_gain":99,"player_choice":"Stole From Cult","damage_taken":0,"max_hp_gain":0,"max_hp_loss":0,"event_name":"Nest","floor":19,"gold_loss":0}],"is_beta":false,"boss_relics":[{"not_picked":["Philosopher\u0027s Stone","Mark of Pain"],"picked":"Black Star"}],"items_purged_floors":[3,20],"is_endless":false,"potions_floor_spawned":[1,13],"killed_by":"Centurion and Healer","ascension_level":13}}