{"host":"xdg5osv0fulac4z3","time":1608697315,"event":{"mods":["Act Like it!","BaseMod","Downfall","Gensokyo","Hermit","Koishi","Marisa（霧雨　魔理沙）","Minty Spire (QoL Compilation)","Rare Cards Sparkle","Replay The Spire","StSLib"],"gold_per_floor":[109,128,90,90,100,127,140,140,167,183,133,152,152,170,170,269,269,284,295,6,6,18,18,18,93,93,104,133,133,12,45,45,142,142,152,172,190,204,82,82,82],"floor_reached":40,"playtime":2937,"items_purged":["hermit:Desperado","hermit:LowProfile","Shame","hermit:Enervate+1"],"score":455,"play_id":"ce6eb274-3252-42d4-bdc9-0ebdc26e84c4","local_time":"20201223142155","is_ascension_mode":false,"campfire_choices":[{"data":"hermit:Showdown","floor":8.0,"key":"SMITH"},{"data":"hermit:HighCaliber","floor":13.0,"key":"SMITH"},{"data":"hermit:Defend_Hermit","floor":15.0,"key":"SMITH"},{"data":"hermit:CalledShot","floor":23.0,"key":"SMITH"},{"floor":29.0,"key":"REST"},{"data":"hermit:FullyLoaded","floor":32.0,"key":"SMITH"}],"circlet_count":0,"master_deck":["hermit:Strike_Hermit","hermit:Strike_Hermit+1","hermit:Strike_Hermit","hermit:Strike_Hermit","hermit:Defend_Hermit","hermit:Defend_Hermit","hermit:Defend_Hermit","hermit:Defend_Hermit+1","hermit:Snapshot","hermit:Covet+1","hermit:Shortfuse","hermit:HighCaliber+1","hermit:Showdown+1","hermit:Gambit","CurseOfTheBell","hermit:CalledShot+1","hermit:HighCaliber","hermit:FullyLoaded+1","hermit:Shortfuse","hermit:Magnum","hermit:EyeOfTheStorm","hermit:FullyLoaded+1","hermit:TakeCover"],"relics":["hermit:Momento","Oddly Smooth Stone","Smiling Mask","Calling Bell","Potion Belt","Frozen Egg 2","Gambling Chip","Kunai","Gremlin Horn","Mummified Hand","Onion Ring","Juzu Bracelet","ReplayTheSpireMod:DimensionalGlitch"],"acts_visited":["Exordium","TheCity","TheBeyond"],"potions_floor_usage":[40],"damage_taken":[{"damage":0.0,"enemies":"Small Slimes","floor":1.0,"turns":2.0},{"damage":3.0,"enemies":"2 Louse","floor":2.0,"turns":3.0},{"damage":0.0,"enemies":"Cultist","floor":5.0,"turns":2.0},{"damage":14.0,"enemies":"Lagavulin","floor":6.0,"turns":6.0},{"damage":0.0,"enemies":"2 Fungi Beasts","floor":7.0,"turns":2.0},{"damage":6.0,"enemies":"3 Louse","floor":10.0,"turns":3.0},{"damage":0.0,"enemies":"Looter","floor":12.0,"turns":2.0},{"damage":0.0,"enemies":"Blue Slaver","floor":14.0,"turns":2.0},{"damage":25.0,"enemies":"The Guardian","floor":16.0,"turns":10.0},{"damage":9.0,"enemies":"Shell Parasite","floor":18.0,"turns":7.0},{"damage":0.0,"enemies":"Spheric Guardian","floor":19.0,"turns":2.0},{"damage":16.0,"enemies":"Shelled Parasite and Fungi","floor":22.0,"turns":4.0},{"damage":16.0,"enemies":"Sentry and Sphere","floor":27.0,"turns":4.0},{"damage":0.0,"enemies":"Gremlin Leader","floor":28.0,"turns":5.0},{"damage":5.0,"enemies":"Replay:Snechameleon","floor":31.0,"turns":2.0},{"damage":13.0,"enemies":"Automaton","floor":33.0,"turns":9.0},{"damage":10.0,"enemies":"Orb Walker","floor":35.0,"turns":2.0},{"damage":16.0,"enemies":"3 Shapes","floor":36.0,"turns":2.0},{"damage":1.0,"enemies":"Jaw Worm Horde","floor":37.0,"turns":3.0},{"damage":27.0,"enemies":"4 Shapes","floor":38.0,"turns":3.0},{"damage":28,"enemies":"Nemesis","floor":40,"turns":6}],"seed_played":"8942517824927556366","potions_obtained":[{"floor":5.0,"key":"Block Potion"},{"floor":10.0,"key":"SmokeBomb"},{"floor":12.0,"key":"Elixir"},{"floor":14.0,"key":"Block Potion"},{"floor":18.0,"key":"champ:CounterPotion"},{"floor":28.0,"key":"LiquidMemories"},{"floor":36.0,"key":"Reflective Coating"}],"is_trial":false,"path_per_floor":["M","M","$","?","M","E","M","R","T","M","$","M","R","M","R","B",null,"M","M","$","?","M","R","?","?","T","M","E","R","$","E","R","B",null,"M","M","M","M","$","E"],"character_chosen":"HERMIT","items_purchased":["hermit:Shortfuse","Kunai","hermit:FullyLoaded","hermit:TakeCover"],"campfire_rested":1,"item_purchase_floors":[3,20,30,39],"current_hp_per_floor":[75,72,72,72,72,58,58,58,58,52,52,52,52,52,52,27,75,66,66,66,66,50,50,50,43,43,27,27,49,49,44,44,31,75,65,49,48,21,21,0,0],"gold":82,"neow_bonus":"RANDOM_EVENT","is_daily":false,"chose_seed":false,"campfire_upgraded":5,"win_rate":0.0,"timestamp":1608697315,"path_taken":["M","M","$","?","M","E","M","R","T","M","$","M","R","M","R","BOSS","M","M","$","?","M","R","?","?","T","?","E","R","$","E","R","BOSS","M","M","M","M","$","E"],"items_purchased_type":["Card","Relic","Card","Card"],"build_version":"2020-12-13","purchased_purges":4,"victory":false,"max_hp_per_floor":[75,75,75,75,75,75,75,75,75,75,75,75,75,75,75,75,75,75,75,75,75,75,75,75,75,75,75,75,75,75,75,75,75,75,75,75,75,75,75,75,75],"card_choices":[{"not_picked":["hermit:Quickdraw","hermit:BodyArmor"],"picked":"hermit:LowProfile","floor":1.0},{"not_picked":["hermit:Vantage","hermit:Misfire"],"picked":"hermit:Desperado","floor":2.0},{"not_picked":["hermit:BlackWind","hermit:LowProfile"],"picked":"hermit:HighCaliber","floor":5.0},{"not_picked":["hermit:Quickdraw","hermit:Feint","hermit:SprayPray"],"picked":"SKIP","floor":6.0},{"not_picked":["hermit:FlashPowder","hermit:Gestalt"],"picked":"hermit:Showdown","floor":7.0},{"not_picked":["hermit:Vantage","hermit:Roulette","hermit:Coalescence"],"picked":"SKIP","floor":10.0},{"not_picked":["hermit:Headshot","hermit:Roulette","hermit:NoHoldsBarred"],"picked":"SKIP","floor":12.0},{"not_picked":["hermit:Quickdraw","hermit:TrackingShot","hermit:Misfire"],"picked":"SKIP","floor":14.0},{"not_picked":["hermit:Roughhouse","hermit:Adapt"],"picked":"hermit:Gambit","floor":16.0},{"not_picked":["hermit:CalledShot","hermit:HoleUp+1"],"picked":"hermit:Enervate+1","floor":18.0},{"not_picked":["hermit:Vantage+1","hermit:Grudge+1","hermit:Misfire"],"picked":"SKIP","floor":19.0},{"not_picked":["hermit:ShadowCloak+1","hermit:WideOpen","hermit:Enervate"],"picked":"SKIP","floor":22.0},{"not_picked":["hermit:Misfire+1","hermit:GoldenBullet","hermit:SprayPray"],"picked":"SKIP","floor":27.0},{"not_picked":["hermit:CursedWeapon","hermit:DeadMansHand"],"picked":"hermit:HighCaliber","floor":28.0},{"not_picked":["hermit:PistolWhip","hermit:Vantage+1"],"picked":"hermit:Shortfuse","floor":31.0},{"not_picked":["hermit:Reprieve","hermit:FinalCanter"],"picked":"hermit:Magnum","floor":33.0},{"not_picked":["hermit:Misfire+1","hermit:Ricochet+1","hermit:Horror"],"picked":"SKIP","floor":35.0},{"not_picked":["hermit:GoldenBullet","hermit:Quickdraw"],"picked":"hermit:EyeOfTheStorm","floor":36.0},{"not_picked":["hermit:Misfire","hermit:CalledShot+1"],"picked":"hermit:FullyLoaded+1","floor":37.0},{"not_picked":["hermit:Snipe","hermit:EyeOfTheStorm","hermit:Purgatory"],"picked":"SKIP","floor":38.0}],"player_experience":214007,"relics_obtained":[{"floor":6.0,"key":"Oddly Smooth Stone"},{"floor":9.0,"key":"Smiling Mask"},{"floor":17.0,"key":"Potion Belt"},{"floor":17.0,"key":"Frozen Egg 2"},{"floor":17.0,"key":"Gambling Chip"},{"floor":26.0,"key":"Mummified Hand"},{"floor":28.0,"key":"Onion Ring"},{"floor":31.0,"key":"Juzu Bracelet"}],"event_choices":[{"damage_healed":0.0,"max_hp_gain":0.0,"max_hp_loss":0.0,"gold_gain":0.0,"event_name":"Living Wall","player_choice":"Grow","floor":4.0,"gold_loss":0.0,"damage_taken":0.0,"cards_upgraded":["hermit:Covet"]},{"damage_healed":0.0,"max_hp_gain":0.0,"max_hp_loss":0.0,"gold_gain":0.0,"event_name":"The Library","player_choice":"Read","floor":21.0,"gold_loss":0.0,"damage_taken":0.0,"cards_obtained":["hermit:CalledShot"]},{"damage_healed":0.0,"max_hp_gain":0.0,"max_hp_loss":0.0,"gold_gain":0.0,"event_name":"Addict","player_choice":"Stole Relic","floor":24.0,"gold_loss":0.0,"damage_taken":0.0,"relics_obtained":["Gremlin Horn"],"cards_obtained":["Shame"]},{"damage_healed":0.0,"max_hp_gain":0.0,"max_hp_loss":0.0,"gold_gain":75.0,"event_name":"FaceTrader","player_choice":"Touch","floor":25.0,"gold_loss":0.0,"damage_taken":7.0}],"is_beta":false,"boss_relics":[{"not_picked":["Abe\u0027s Treasure","Replay:Ancient Bell"],"picked":"Calling Bell"},{"not_picked":["Black Star","Runic Pyramid"],"picked":"ReplayTheSpireMod:DimensionalGlitch"}],"items_purged_floors":[11,20,30,39],"is_endless":false,"potions_floor_spawned":[5,10,12,14,18,28,36],"killed_by":"Nemesis","ascension_level":0}}