{"host":"dntw6kil9p09eemm","time":1608722424,"event":{"mods":["Alarm Clock","Aspiration","BaseMod","Colored Powertips","Downfall","Hermit","Hubris","Minty Spire (QoL Compilation)","Permanent Neow","Shop Mod","Spicy Shops","StSLib"],"gold_per_floor":[114,131,142,160,172,172,202,202,202,202,220,220,235,252,252,252,252],"floor_reached":16,"playtime":855,"items_purged":[],"score":106,"play_id":"afe1af46-afdf-4b2e-b8ec-ce453b8290ad","local_time":"20201223202024","is_ascension_mode":false,"campfire_choices":[{"floor":6,"key":"REST"},{"floor":8,"key":"REST"},{"floor":10,"key":"REST"},{"data":"hermit:Snapshot","floor":12,"key":"SMITH"},{"data":"hermit:Glare","floor":15,"key":"SMITH"}],"circlet_count":0,"master_deck":["hermit:Strike_Hermit","hermit:Strike_Hermit","hermit:Strike_Hermit","hermit:Defend_Hermit","hermit:Defend_Hermit","hermit:Defend_Hermit","hermit:Snapshot+1","hermit:Covet","hermit:CursedWeapon","hermit:FullyLoaded","hermit:Feint","hermit:GhostlyPresence","hermit:Snipe","hermit:HoleUp","hermit:Glare+1"],"relics":["hermit:Momento","Anchor","Frozen Egg 2"],"acts_visited":["Exordium"],"potions_floor_usage":[7,11,11],"damage_taken":[{"damage":3,"enemies":"Cultist","floor":1,"turns":3},{"damage":2,"enemies":"2 Louse","floor":2,"turns":2},{"damage":2,"enemies":"Small Slimes","floor":3,"turns":4},{"damage":20,"enemies":"2 Fungi Beasts","floor":4,"turns":3},{"damage":15,"enemies":"3 Louse","floor":5,"turns":3},{"damage":20,"enemies":"Lagavulin","floor":7,"turns":9},{"damage":2,"enemies":"Large Slime","floor":11,"turns":4},{"damage":2,"enemies":"Exordium Thugs","floor":13,"turns":4},{"damage":2,"enemies":"3 Louse","floor":14,"turns":3},{"damage":55,"enemies":"Hexaghost","floor":16,"turns":17}],"seed_played":"-7865363000582085080","potions_obtained":[{"floor":3,"key":"SmokeBomb"},{"floor":4,"key":"Swift Potion"},{"floor":5,"key":"Explosive Potion"},{"floor":7,"key":"FearPotion"}],"is_trial":false,"path_per_floor":["M","M","M","M","M","R","E","R","T","R","M","R","M","M","R","B"],"character_chosen":"HERMIT","items_purchased":[],"campfire_rested":3,"item_purchase_floors":[],"current_hp_per_floor":[51,49,47,27,12,34,14,36,36,58,56,56,54,52,52,0,0],"gold":252,"neow_bonus":"TRANSFORM_TWO_CARDS","is_daily":false,"chose_seed":false,"campfire_upgraded":2,"win_rate":0.0,"timestamp":1608722424,"path_taken":["M","M","M","M","M","R","E","R","T","R","?","R","M","M","R","BOSS"],"items_purchased_type":[],"build_version":"2020-12-22","purchased_purges":0,"victory":false,"max_hp_per_floor":[75,75,75,75,75,75,75,75,75,75,75,75,75,75,75,75,75],"card_choices":[{"not_picked":["hermit:TakeAim","hermit:BigShot"],"picked":"hermit:Feint","floor":1},{"not_picked":["hermit:Showdown","hermit:CursedWeapon"],"picked":"hermit:GhostlyPresence","floor":2},{"not_picked":["hermit:BodyArmor","hermit:Coalescence"],"picked":"hermit:Snipe","floor":3},{"not_picked":["hermit:SprayPray","hermit:Cheat","hermit:BodyArmor"],"picked":"SKIP","floor":4},{"not_picked":["hermit:Vantage","hermit:Dive"],"picked":"hermit:HoleUp","floor":5},{"not_picked":["hermit:Cheat","hermit:Horror","hermit:LuckOfTheDraw"],"picked":"SKIP","floor":7},{"not_picked":["hermit:Dive","hermit:Roughhouse","hermit:Enervate"],"picked":"SKIP","floor":11},{"not_picked":["hermit:ItchyTrigger","hermit:Roulette"],"picked":"hermit:Glare","floor":13},{"not_picked":["hermit:Snipe","hermit:ItchyTrigger","hermit:Virtue"],"picked":"SKIP","floor":14}],"player_experience":438634,"relics_obtained":[{"floor":7,"key":"Anchor"},{"floor":9,"key":"Frozen Egg 2"}],"event_choices":[],"is_beta":false,"boss_relics":[],"items_purged_floors":[],"is_endless":false,"potions_floor_spawned":[3,4,5,7],"killed_by":"Hexaghost","ascension_level":0}}