{"host":"2461dio7vetlq1z3","time":1608681899,"event":{"mods":["2.2 Compatiblity","AchievementEnabler","BaseMod","Better Third Choice","Hermit","Marisa????????","Minty Spire (QoL Compilation)","Relic Stats","Spicy Shops","StSLib","The Runesmith","Waifu the Spire"],"gold_per_floor":[112,123,143,143,156,156,2,29,29,0,0,0,0,54,54,54,54],"floor_reached":16,"playtime":431,"items_purged":["Strike_MRS"],"score":194,"play_id":"e8d2e9a2-aecf-4bef-b5b0-32abb71019fd","local_time":"20201223010459","is_ascension_mode":true,"campfire_choices":[{"floor":6,"key":"REST"},{"floor":13,"key":"REST"},{"data":"ShootingEcho","floor":15,"key":"SMITH"}],"circlet_count":0,"master_deck":["AscendersBane","Strike_MRS","Strike_MRS","Strike_MRS","Defend_MRS","Defend_MRS","Defend_MRS","Defend_MRS","MasterSpark","UpSweep","NonDirectionalLaser","GrandCross","ShootingEcho+1","Sentinel","Wish","StarlightTyphoon","GasGiant","BigCrunch","AsteroidBelt"],"relics":["MiniHakkero","NeowsBlessing","Lantern","Shuriken","Kunai","StrikeDummy","Orichalcum"],"acts_visited":["Exordium"],"potions_floor_usage":[11],"damage_taken":[{"damage":0,"enemies":"Cultist","floor":1,"turns":1},{"damage":0,"enemies":"Jaw Worm","floor":2,"turns":1},{"damage":0,"enemies":"Small Slimes","floor":3,"turns":1},{"damage":15,"enemies":"2 Fungi Beasts","floor":5,"turns":3},{"damage":45,"enemies":"Lagavulin","floor":8,"turns":10},{"damage":0,"enemies":"Gremlin Nob","floor":11,"turns":2},{"damage":20,"enemies":"Slime Boss","floor":16,"turns":7}],"seed_played":"-900662163927658497","potions_obtained":[{"floor":3,"key":"SmokeBomb"}],"is_trial":false,"path_per_floor":["M","M","M","?","M","R","$","E","T","$","E","?","R","T","R","B"],"character_chosen":"MARISA","items_purchased":["GasGiant","AsteroidBelt"],"campfire_rested":2,"item_purchase_floors":[7,10],"current_hp_per_floor":[63,63,63,43,28,49,49,4,4,4,4,4,25,25,25,5,5],"gold":54,"neow_bonus":"THREE_ENEMY_KILL","is_daily":false,"chose_seed":false,"campfire_upgraded":1,"win_rate":0.0,"timestamp":1608681899,"path_taken":["M","?","M","?","M","R","$","E","T","$","E","?","R","?","R","BOSS"],"items_purchased_type":["Card","Card"],"build_version":"2020-12-13","purchased_purges":1,"victory":false,"max_hp_per_floor":[70,70,70,70,70,70,70,70,70,70,70,70,70,70,70,70,70],"relic_stats":{"counters":[7,25],"Shuriken":[7],"Kunai":[3],"Orichalcum":[18],"obtain_stats":[{"Lantern":4,"NeowsBlessing":0,"Shuriken":4,"MiniHakkero":0,"Kunai":8,"Orichalcum":14,"StrikeDummy":9},{"Lantern":3,"NeowsBlessing":0,"Shuriken":3,"MiniHakkero":0,"Kunai":5,"Orichalcum":6,"StrikeDummy":5},{"Lantern":3,"NeowsBlessing":0,"Shuriken":3,"MiniHakkero":0,"Kunai":16,"Orichalcum":18,"StrikeDummy":16}]},"card_choices":[{"not_picked":["UnstableBomb","Occultation"],"picked":"NonDirectionalLaser","floor":1},{"not_picked":["GasGiant","WitchLeyline"],"picked":"GrandCross","floor":2},{"not_picked":["UnstableBomb","GalacticHalo"],"picked":"ShootingEcho","floor":3},{"not_picked":["EnergyRecoil","SuperPerseids"],"picked":"StarlightTyphoon","floor":5},{"not_picked":["PulseMagic","WitchOfGreed"],"picked":"BigCrunch","floor":8}],"player_experience":947544,"relics_obtained":[{"floor":8,"key":"Kunai"},{"floor":9,"key":"StrikeDummy"},{"floor":14,"key":"Orichalcum"}],"event_choices":[{"damage_healed":0,"gold_gain":0,"player_choice":"Left","damage_taken":0,"max_hp_gain":0,"max_hp_loss":0,"event_name":"betterThird:BetterGoop","floor":12,"gold_loss":0}],"is_beta":false,"boss_relics":[],"items_purged_floors":[7],"is_endless":false,"potions_floor_spawned":[3],"killed_by":"Slime Boss","ascension_level":16}}