{"host":"684z1xpuwaoqmmh1","time":1608731088,"event":{"mods":["BaseMod","Downfall","Hermit","Jorbs\u0027s Wanderer Trilogy","Marisa????????","Minty Spire (QoL Compilation)","StSLib","The Hierophant","The Mystic"],"gold_per_floor":[99,109,109,126,126,161,185,185,13,77,113,129,54,75,99,185,185,110,121,206,227,250,250,250,250],"floor_reached":23,"playtime":1162,"items_purged":[],"score":382,"play_id":"b2039709-7839-43ed-9e0b-e36d29838ed0","local_time":"20201223154448","is_ascension_mode":true,"campfire_choices":[{"data":"hexamod:Float","floor":1,"key":"SMITH"},{"data":"hexamod:GhostOfSpireFuture","floor":13,"key":"SMITH"},{"floor":18,"key":"RECALL"}],"circlet_count":0,"master_deck":["AscendersBane","hexamod:Strike","hexamod:Strike","hexamod:Strike","hexamod:Strike","hexamod:Defend","hexamod:Defend","hexamod:Defend","hexamod:Defend","hexamod:Sear","hexamod:Float+1","hexamod:StepThrough","hexamod:FirstSeal","hexamod:SwordOfDarkness+1","hexamod:FourthSeal","hexamod:GhostOfSpireFuture+1","hexamod:StepThrough+1","hexamod:FastForward","hexamod:Hexaguard","hexamod:UnlimitedPower","hexamod:ThirdSeal","hexamod:SecondSeal"],"relics":["hexamod:SpiritBrand","Art of War","CeramicFish","Molten Egg 2","Toy Ornithopter","Centennial Puzzle","Bag of Preparation","downfall:HeartBlessingGreen","Velvet Choker","downfall:HeartBlessingBlue"],"acts_visited":["Exordium","TheCity"],"potions_floor_usage":[6,10,11,11,14,16,19,21,22,23],"damage_taken":[{"damage":0,"enemies":"Cultist","floor":2,"turns":3},{"damage":0,"enemies":"Small Slimes","floor":4,"turns":3},{"damage":13,"enemies":"Lagavulin","floor":6,"turns":6},{"damage":0,"enemies":"downfall:FleeingMerchant","floor":9,"turns":4},{"damage":23,"enemies":"Gremlin Nob","floor":10,"turns":4},{"damage":9,"enemies":"3 Sentries","floor":11,"turns":8},{"damage":0,"enemies":"Jaw Worm","floor":12,"turns":4},{"damage":0,"enemies":"2 Fungi Beasts","floor":14,"turns":3},{"damage":2,"enemies":"Red Slaver","floor":15,"turns":3},{"damage":54,"enemies":"downfall:Defect","floor":16,"turns":8},{"damage":6,"enemies":"Spheric Guardian","floor":19,"turns":4},{"damage":13,"enemies":"Shell Parasite","floor":21,"turns":5},{"damage":9,"enemies":"Snake Plant","floor":22,"turns":5},{"damage":52,"enemies":"Slavers","floor":23,"turns":3}],"seed_played":"6976190861349968147","potions_obtained":[{"floor":2,"key":"Explosive Potion"},{"floor":4,"key":"PowerPotion"},{"floor":9,"key":"Ancient Potion"},{"floor":10,"key":"AttackPotion"},{"floor":11,"key":"Strength Potion"},{"floor":12,"key":"Guardian:BlockOnCardUsePotion"},{"floor":14,"key":"hexamod:InfernoChargePotion"},{"floor":15,"key":"AttackPotion"},{"floor":16,"key":"Ancient Potion"},{"floor":19,"key":"GamblersBrew"},{"floor":21,"key":"hexamod:EctoCoolerPotion"},{"floor":22,"key":"Guardian:BlockOnCardUsePotion"}],"is_trial":false,"path_per_floor":["R","M","?","M","?","E","T","?","$","?","E","M","R","M","M","B",null,"R","M","?","M","M","E"],"character_chosen":"THE_SPIRIT","items_purchased":["Toy Ornithopter"],"campfire_rested":0,"item_purchase_floors":[9],"current_hp_per_floor":[57,57,50,57,39,33,33,33,40,29,37,44,44,56,61,19,52,62,68,40,39,42,0,0,0],"gold":250,"neow_bonus":"RANDOM_COMMON_RELIC","is_daily":false,"chose_seed":false,"campfire_upgraded":2,"win_rate":0.0,"timestamp":1608731088,"path_taken":["R","M","?","M","?","E","T","?","$","?","E","M","R","M","M","BOSS","R","M","?","M","M","E"],"items_purchased_type":["Relic"],"build_version":"2020-12-22","purchased_purges":0,"victory":false,"max_hp_per_floor":[63,63,63,63,63,63,63,63,63,63,63,63,63,63,63,63,63,73,73,73,73,73,73,73,73],"card_choices":[{"not_picked":["hexamod:ShieldOfDarkness","hexamod:SpectersWail"],"picked":"hexamod:StepThrough","floor":2},{"not_picked":["hexamod:FlamesFromBeyond","hexamod:GhostShield"],"picked":"hexamod:SwordOfDarkness","floor":4},{"not_picked":["hexamod:InspiringFlames","hexamod:AdvancingGuard"],"picked":"hexamod:FourthSeal","floor":6},{"not_picked":["hexamod:InspiringFlames","hexamod:RainOfEmbers+1"],"picked":"hexamod:GhostOfSpireFuture","floor":9},{"not_picked":["hexamod:ThermalTransfer+1","hexamod:PhantomFireball+1"],"picked":"hexamod:StepThrough+1","floor":11},{"not_picked":["hexamod:SwordOfDarkness+1","hexamod:BacktrackSmack+1","hexamod:GhostShield"],"picked":"SKIP","floor":12},{"not_picked":["hexamod:PhantomFireball+1","hexamod:SwordOfDarkness+1"],"picked":"hexamod:FastForward","floor":14},{"not_picked":["hexamod:InspiringFlames","hexamod:SwordOfDarkness+1"],"picked":"hexamod:Hexaguard","floor":15},{"not_picked":["hexamod:SearingWound","hexamod:ApocalypseNow"],"picked":"hexamod:UnlimitedPower","floor":16},{"not_picked":["hexamod:PowerFromBeyond","hexamod:GhostLash+1","hexamod:RainOfEmbers+1"],"picked":"SKIP","floor":19},{"not_picked":["hexamod:BacktrackSmack+1","hexamod:ThermalTransfer+1"],"picked":"hexamod:ThirdSeal","floor":21},{"not_picked":["hexamod:RainOfEmbers+1","hexamod:AdvancingGuard"],"picked":"hexamod:SecondSeal","floor":22},{"not_picked":["hexamod:SpectersWail+1","hexamod:GhostLash+1","hexamod:BurningTouch"],"picked":"SKIP","floor":22}],"player_experience":2382553,"relics_obtained":[{"floor":6,"key":"Molten Egg 2"},{"floor":10,"key":"Centennial Puzzle"},{"floor":11,"key":"Bag of Preparation"}],"event_choices":[{"damage_healed":0,"gold_gain":0,"player_choice":"Success","damage_taken":18,"relics_obtained":["CeramicFish"],"max_hp_gain":0,"max_hp_loss":0,"event_name":"Scrap Ooze","floor":5,"gold_loss":0},{"damage_healed":0,"gold_gain":0,"player_choice":"Grow","damage_taken":0,"max_hp_gain":0,"max_hp_loss":0,"event_name":"Living Wall","floor":8,"gold_loss":0,"cards_upgraded":["hexamod:SwordOfDarkness"]}],"is_beta":false,"boss_relics":[{"not_picked":["Coffee Dripper","Tiny House"],"picked":"Velvet Choker"}],"items_purged_floors":[],"is_endless":false,"potions_floor_spawned":[2,4,10,12,15,22],"killed_by":"Slavers","ascension_level":18}}