{"host":"girf3bnli6r7x4ah","time":1608684305,"event":{"mods":["2.2 Compatiblity","AchievementEnabler","BaseMod","Colored Map","DeckTracker","Highlight Path","Minty Spire (QoL Compilation)","Random Character Button","Rare Cards Sparkle"],"gold_per_floor":[119,119,130,130,140,170,33,45,45,45,45],"floor_reached":10,"playtime":594,"items_purged":[],"score":71,"play_id":"0fb31c19-f442-4328-8294-0885922cd733","local_time":"20201223014505","is_ascension_mode":true,"campfire_choices":[],"circlet_count":0,"master_deck":["Strike_G","Strike_G","Strike_G","Strike_G","Strike_G","Defend_G","Defend_G","Defend_G","Defend_G","Defend_G","Survivor","Neutralize","Sucker Punch","Cloak And Dagger","Terror","Sucker Punch"],"relics":["Ring of the Snake","NeowsBlessing","MawBank","TheAbacus"],"acts_visited":[],"potions_floor_usage":[],"damage_taken":[{"damage":0,"enemies":"Small Slimes","floor":1,"turns":1},{"damage":0,"enemies":"Cultist","floor":3,"turns":1},{"damage":0,"enemies":"2 Louse","floor":5,"turns":1},{"damage":38,"enemies":"Lagavulin","floor":6,"turns":7},{"damage":1,"enemies":"Blue Slaver","floor":8,"turns":4},{"damage":31,"enemies":"3 Sentries","floor":10,"turns":6}],"seed_played":"3660996573157279550","potions_obtained":[{"floor":6,"key":"CultistPotion"}],"is_trial":false,"path_per_floor":["M","?","M","?","M","E","$","M","T","E"],"character_chosen":"THE_SILENT","items_purchased":["TheAbacus"],"campfire_rested":0,"item_purchase_floors":[7],"current_hp_per_floor":[70,70,70,70,70,32,32,31,31,0,0],"gold":45,"neow_bonus":"THREE_ENEMY_KILL","is_daily":false,"chose_seed":false,"campfire_upgraded":0,"win_rate":0.0,"timestamp":1608684305,"path_taken":["M","?","M","?","M","E","$","?","T","E"],"items_purchased_type":["Relic"],"build_version":"2020-12-13","purchased_purges":0,"victory":false,"max_hp_per_floor":[70,70,70,70,70,70,70,70,70,70,70],"card_choices":[{"not_picked":["Dagger Throw","Acrobatics"],"picked":"Sucker Punch","floor":1},{"not_picked":["Poisoned Stab","Slice"],"picked":"Cloak And Dagger","floor":3},{"not_picked":["Cloak And Dagger","Poisoned Stab"],"picked":"Terror","floor":5},{"not_picked":["Underhanded Strike","Dagger Spray","Bouncing Flask"],"picked":"SKIP","floor":6},{"not_picked":["Infinite Blades","Accuracy"],"picked":"Sucker Punch","floor":8}],"player_experience":76610,"relics_obtained":[{"floor":6,"key":"MawBank"}],"event_choices":[{"damage_healed":0,"gold_gain":0,"player_choice":"Ignored","damage_taken":0,"max_hp_gain":0,"max_hp_loss":0,"event_name":"Liars Game","floor":2,"gold_loss":0},{"damage_healed":0,"gold_gain":0,"player_choice":"Ignored","damage_taken":0,"max_hp_gain":0,"max_hp_loss":0,"event_name":"Purifier","floor":4,"gold_loss":0}],"is_beta":false,"boss_relics":[],"items_purged_floors":[],"is_endless":false,"potions_floor_spawned":[6],"killed_by":"3 Sentries","ascension_level":1}}