{"host":"rt0td7aa3g170xdl","time":1608719806,"event":{"mods":["2.2 Compatiblity","AchievementEnabler","BaseMod","Colored Map","DeckTracker","Keyboard Shortcuts","Minty Spire (QoL Compilation)","Permanent Neow","Quick Restart","SuperFastMode","everything is the same but u backflip on backflip"],"gold_per_floor":[119,119,129,139,89,89,14,45,45,45,45,57,57,74,74,173,173,193,193,208,224,224,257,257,257,257,269,281,281,206,224,224,327,327,340,352,352,369,369,369,369,369,369,379,394,410,410,441,441,441],"floor_reached":51,"playtime":3013,"items_purged":["Strike_P"],"score":999,"play_id":"03ba4ce1-c419-4eba-99f8-b0002a8bad4c","local_time":"20201223193646","is_ascension_mode":true,"campfire_choices":[{"data":"Eruption","floor":6.0,"key":"SMITH"},{"data":"Evaluate","floor":11.0,"key":"SMITH"},{"data":"Tantrum","floor":13.0,"key":"SMITH"},{"data":"Vigilance","floor":15.0,"key":"SMITH"},{"data":"Judgement","floor":24.0,"key":"SMITH"},{"data":"BowlingBash","floor":29.0,"key":"SMITH"},{"data":"InnerPeace","floor":32.0,"key":"SMITH"},{"data":"Scrawl","floor":40.0,"key":"SMITH"},{"data":"Deep Breath","floor":42,"key":"SMITH"},{"floor":49,"key":"REST"}],"circlet_count":0,"master_deck":["Defend_P+1","Eruption+1","Vigilance+1","Evaluate+1","SandsOfTime+1","Tantrum+1","InnerPeace+1","BowlingBash+1","Judgement+1","Wallop+1","Scrawl+1","CrushJoints+1","ClearTheMind+1","Study+1","Deep Breath+1","Adaptation+1"],"relics":["PureWater","Oddly Smooth Stone","Singing Bowl","Mercury Hourglass","VioletLotus","Bird Faced Urn","Thread and Needle","Astrolabe","Yang","Sundial"],"acts_visited":["Exordium","TheCity","TheBeyond"],"potions_floor_usage":[48,50,50,50,50,50,50],"damage_taken":[{"damage":3.0,"enemies":"Small Slimes","floor":1.0,"turns":3.0},{"damage":3.0,"enemies":"2 Louse","floor":3.0,"turns":4.0},{"damage":0.0,"enemies":"Jaw Worm","floor":4.0,"turns":3.0},{"damage":18.0,"enemies":"Gremlin Nob","floor":8.0,"turns":4.0},{"damage":0.0,"enemies":"Large Slime","floor":12.0,"turns":3.0},{"damage":5.0,"enemies":"Exordium Thugs","floor":14.0,"turns":5.0},{"damage":0.0,"enemies":"The Guardian","floor":16.0,"turns":11.0},{"damage":5.0,"enemies":"2 Thieves","floor":18.0,"turns":3.0},{"damage":0.0,"enemies":"3 Byrds","floor":20.0,"turns":2.0},{"damage":16.0,"enemies":"Snake Plant","floor":21.0,"turns":4.0},{"damage":0.0,"enemies":"Book of Stabbing","floor":23.0,"turns":3.0},{"damage":4.0,"enemies":"Sentry and Sphere","floor":27.0,"turns":4.0},{"damage":0.0,"enemies":"Centurion and Healer","floor":28.0,"turns":3.0},{"damage":0.0,"enemies":"3 Cultists","floor":31.0,"turns":4.0},{"damage":42.0,"enemies":"Collector","floor":33.0,"turns":13.0},{"damage":5.0,"enemies":"3 Darklings","floor":35.0,"turns":3.0},{"damage":17.0,"enemies":"3 Shapes","floor":36.0,"turns":2.0},{"damage":0.0,"enemies":"3 Darklings","floor":38.0,"turns":2.0},{"damage":6,"enemies":"4 Shapes","floor":44,"turns":4},{"damage":0,"enemies":"Transient","floor":45,"turns":5},{"damage":11,"enemies":"Spire Growth","floor":46,"turns":5},{"damage":11,"enemies":"Nemesis","floor":48,"turns":5},{"damage":4,"enemies":"Donu and Deca","floor":50,"turns":4}],"seed_played":"-2498637371284670465","potions_obtained":[{"floor":8.0,"key":"EssenceOfSteel"},{"floor":12.0,"key":"FearPotion"},{"floor":16.0,"key":"Block Potion"},{"floor":21.0,"key":"SteroidPotion"},{"floor":28.0,"key":"Ancient Potion"},{"floor":33.0,"key":"Dexterity Potion"},{"floor":36.0,"key":"EntropicBrew"},{"floor":38.0,"key":"BottledMiracle"},{"floor":48,"key":"Dexterity Potion"}],"is_trial":false,"path_per_floor":["M","?","M","M","?","R","$","E","T","?","R","M","R","M","R","B",null,"M","?","M","M","?","E","R","?","T","M","M","R","$","M","R","B",null,"M","M","?","M","?","R","?","R","T","M","M","M","$","E","R","B",null],"character_chosen":"WATCHER","items_purchased":["Tantrum"],"campfire_rested":1,"item_purchase_floors":[7],"current_hp_per_floor":[69,69,66,66,66,66,66,48,48,34,34,36,36,31,31,31,74,71,71,73,57,57,59,59,44,44,42,44,44,44,46,46,4,91,88,75,75,77,77,77,77,77,77,75,79,72,72,63,93,95],"gold":441,"neow_bonus":"RANDOM_COMMON_RELIC","is_daily":false,"chose_seed":false,"campfire_upgraded":9,"win_rate":0.0,"timestamp":1608719806,"path_taken":["M","?","M","M","?","R","?","E","T","?","R","M","R","M","R","BOSS","M","?","?","M","?","E","R","?","T","M","M","R","$","M","R","BOSS","M","M","?","M","?","R","?","R","T","M","?","M","$","E","R","BOSS"],"items_purchased_type":["Card"],"build_version":"2020-12-22","purchased_purges":1,"victory":true,"max_hp_per_floor":[72,72,72,72,72,72,72,72,72,72,72,74,74,74,74,74,74,76,76,78,78,78,80,80,85,85,87,89,89,89,91,91,91,91,93,95,95,97,97,97,97,97,97,99,101,103,103,103,103,103],"card_choices":[{"not_picked":["ThirdEye","EmptyBody"],"picked":"Evaluate","floor":1.0},{"not_picked":["JustLucky","Halt"],"picked":"SandsOfTime","floor":3.0},{"not_picked":["CutThroughFate","FlurryOfBlows","FollowUp"],"picked":"SKIP","floor":4.0},{"not_picked":["MasterReality","Prostrate"],"picked":"InnerPeace","floor":8.0},{"not_picked":["ThirdEye","FlyingSleeves","Swivel"],"picked":"Singing Bowl","floor":12.0},{"not_picked":["Nirvana","Halt"],"picked":"BowlingBash","floor":14.0},{"not_picked":["DevaForm","Wish"],"picked":"Judgement","floor":16.0},{"not_picked":["JustLucky","BowlingBash","ThirdEye"],"picked":"Singing Bowl","floor":18.0},{"not_picked":["SashWhip","BowlingBash","FlyingSleeves"],"picked":"Singing Bowl","floor":20.0},{"not_picked":["DevaForm","Wallop+1","Collect"],"picked":"SKIP","floor":21.0},{"not_picked":["DevaForm","Collect"],"picked":"Wallop+1","floor":21.0},{"not_picked":["SpiritShield","Fasting2","EmptyBody"],"picked":"Singing Bowl","floor":23.0},{"not_picked":["Crescendo+1","WheelKick","ThirdEye"],"picked":"Singing Bowl","floor":27.0},{"not_picked":["Prostrate","Crescendo","Protect+1"],"picked":"Singing Bowl","floor":28.0},{"not_picked":["Protect","SandsOfTime","Nirvana"],"picked":"Singing Bowl","floor":31.0},{"not_picked":["Blasphemy","LessonLearned"],"picked":"Scrawl","floor":33.0},{"not_picked":["Prostrate+1","Protect","FearNoEvil+1"],"picked":"Singing Bowl","floor":35.0},{"not_picked":["SashWhip","ClearTheMind+1","Weave"],"picked":"Singing Bowl","floor":36.0},{"not_picked":["Tantrum","Vengeance+1","EmptyMind+1"],"picked":"Singing Bowl","floor":38.0},{"not_picked":["Panache","Impatience"],"picked":"Deep Breath","floor":39.0},{"not_picked":["EmptyFist","Protect","ClearTheMind+1"],"picked":"Singing Bowl","floor":44},{"not_picked":["EmptyFist+1","ClearTheMind+1","BattleHymn+1"],"picked":"Singing Bowl","floor":45},{"not_picked":["ThirdEye","Prostrate","CrushJoints"],"picked":"Singing Bowl","floor":46},{"not_picked":["Wallop+1","Fasting2"],"picked":"Adaptation+1","floor":48}],"player_experience":298358,"relics_obtained":[{"floor":8.0,"key":"Singing Bowl"},{"floor":9.0,"key":"Mercury Hourglass"},{"floor":23.0,"key":"Bird Faced Urn"},{"floor":26.0,"key":"Thread and Needle"},{"floor":43,"key":"Yang"},{"floor":48,"key":"Sundial"}],"event_choices":[{"cards_removed":["Strike_P"],"damage_healed":0.0,"max_hp_gain":0.0,"max_hp_loss":0.0,"gold_gain":0.0,"event_name":"Living Wall","player_choice":"Forget","floor":2.0,"gold_loss":0.0,"damage_taken":0.0},{"cards_removed":["Strike_P"],"damage_healed":0.0,"max_hp_gain":0.0,"max_hp_loss":0.0,"gold_gain":0.0,"event_name":"The Cleric","player_choice":"Card Removal","floor":5.0,"gold_loss":50.0,"damage_taken":0.0},{"damage_healed":0.0,"max_hp_gain":0.0,"max_hp_loss":0.0,"gold_gain":0.0,"event_name":"Shining Light","player_choice":"Entered Light","floor":10.0,"gold_loss":0.0,"damage_taken":14.0,"cards_upgraded":["Defend_P","SandsOfTime"]},{"cards_removed":["Defend_P"],"damage_healed":0.0,"max_hp_gain":0.0,"max_hp_loss":0.0,"gold_gain":0.0,"event_name":"Purifier","player_choice":"Purged","floor":19.0,"gold_loss":0.0,"damage_taken":0.0},{"damage_healed":0.0,"max_hp_gain":0.0,"max_hp_loss":0.0,"gold_gain":0.0,"event_name":"Vampires","player_choice":"Ignored","floor":22.0,"gold_loss":0.0,"damage_taken":0.0},{"damage_healed":0.0,"max_hp_gain":5.0,"max_hp_loss":0.0,"gold_gain":0.0,"event_name":"Forgotten Altar","player_choice":"Shed Blood","floor":25.0,"gold_loss":0.0,"damage_taken":20.0},{"damage_healed":0.0,"max_hp_gain":0.0,"max_hp_loss":0.0,"gold_gain":0.0,"event_name":"Tomb of Lord Red Mask","player_choice":"Ignored","floor":37.0,"gold_loss":0.0,"damage_taken":0.0},{"damage_healed":0.0,"max_hp_gain":0.0,"max_hp_loss":0.0,"gold_gain":0.0,"event_name":"SensoryStone","player_choice":"Memory 1","floor":39.0,"gold_loss":0.0,"damage_taken":0.0},{"damage_healed":0,"gold_gain":0,"player_choice":"0 cards matched","damage_taken":0,"max_hp_gain":0,"max_hp_loss":0,"event_name":"Match and Keep!","floor":41,"gold_loss":0,"cards_obtained":[]}],"is_beta":false,"boss_relics":[{"not_picked":["Pandora\u0027s Box","HolyWater"],"picked":"VioletLotus"},{"not_picked":["Velvet Choker","Runic Dome"],"picked":"Astrolabe"}],"items_purged_floors":[30],"is_endless":false,"potions_floor_spawned":[8,12,16,20,21,28,33,36,38,46,48],"ascension_level":2}}