{"host":"fxrgx7wt2cpkbhka","time":1608718014,"event":{"mods":["AchievementEnabler","BaseMod","Colored Powertips","Minty Spire (QoL Compilation)","Permanent Neow","Slay-I","StSLib","Waifu the Spire"],"gold_per_floor":[111,111,111,124,70,114,114,139,192,142,142,142,170,191,191,282,345,365,365,399,424,424,424,424,424],"floor_reached":24,"playtime":615,"items_purged":[],"score":358,"play_id":"6a48f0af-c80e-4445-a376-353ce77fde2d","local_time":"20201223020654","is_ascension_mode":true,"campfire_choices":[{"data":"Dualcast","floor":7,"key":"SMITH"},{"data":"Streamline","floor":12,"key":"SMITH"},{"data":"Buffer","floor":15,"key":"SMITH"},{"data":"Biased Cognition","floor":23,"key":"SMITH"}],"circlet_count":0,"master_deck":["AscendersBane","Strike_B+1","Strike_B+1","Strike_B+1","Defend_B+1","Defend_B+1","Defend_B+1","Defend_B+1","Zap","Dualcast+1","Injury","Leap","Ball Lightning","Go for the Eyes","Streamline+1","BootSequence+1","Buffer+1","Biased Cognition+1","Conserve Battery","BootSequence"],"relics":["Cracked Core","NeowsBlessing","Golden Idol","Dream Catcher","Anchor","Du-Vu Doll","Odd Mushroom","Tiny House","Red Mask"],"acts_visited":["Exordium","TheCity"],"potions_floor_usage":[16,16],"damage_taken":[{"damage":0,"enemies":"Small Slimes","floor":1,"turns":1},{"damage":0,"enemies":"Jaw Worm","floor":4,"turns":1},{"damage":0,"enemies":"Gremlin Nob","floor":6,"turns":1},{"damage":0,"enemies":"2 Louse","floor":8,"turns":3},{"damage":8,"enemies":"The Mushroom Lair","floor":13,"turns":4},{"damage":2,"enemies":"2 Fungi Beasts","floor":14,"turns":3},{"damage":40,"enemies":"Hexaghost","floor":16,"turns":11},{"damage":13,"enemies":"Shell Parasite","floor":18,"turns":4},{"damage":42,"enemies":"Masked Bandits","floor":20,"turns":5},{"damage":0,"enemies":"Chosen","floor":21,"turns":4},{"damage":43,"enemies":"3 Cultists","floor":24,"turns":4}],"seed_played":"8968069736288448819","potions_obtained":[{"floor":6,"key":"SkillPotion"},{"floor":14,"key":"DistilledChaos"},{"floor":16,"key":"PotionOfCapacity"},{"floor":20,"key":"FairyPotion"}],"is_trial":false,"path_per_floor":["M","?","?","M","$","E","R","M","T","?","?","R","?","M","R","B",null,"M","?","?","M","?","R","M"],"character_chosen":"DEFECT","items_purchased":["Ball Lightning"],"campfire_rested":0,"item_purchase_floors":[5],"current_hp_per_floor":[68,73,73,73,73,73,73,73,73,73,61,61,53,51,51,11,68,55,55,13,13,13,13,0,0],"gold":424,"neow_bonus":"THREE_ENEMY_KILL","is_daily":false,"chose_seed":false,"campfire_upgraded":4,"win_rate":0.0,"timestamp":1608718014,"path_taken":["M","?","?","M","?","E","R","?","T","?","?","R","?","M","R","BOSS","M","?","?","M","?","R","M"],"items_purchased_type":["Card"],"build_version":"2020-12-22","purchased_purges":0,"victory":false,"max_hp_per_floor":[75,80,80,80,80,80,80,80,80,80,80,80,80,80,80,80,85,85,85,85,85,85,85,85,85],"card_choices":[{"not_picked":["Redo","Rebound","Beam Cell"],"picked":"SKIP","floor":1},{"not_picked":["Skim","Streamline"],"picked":"Leap","floor":4},{"not_picked":["Turbo","Beam Cell"],"picked":"Go for the Eyes","floor":6},{"not_picked":["Compile Driver","Rebound"],"picked":"Streamline","floor":8},{"not_picked":["Redo","Ball Lightning"],"picked":"BootSequence","floor":13},{"not_picked":["White Noise","Storm"],"picked":"Buffer","floor":14},{"not_picked":["Seek","Meteor Strike"],"picked":"Biased Cognition","floor":16},{"not_picked":["Steam","Stack"],"picked":"Conserve Battery","floor":17},{"not_picked":["Hologram","Steam Power","Undo"],"picked":"SKIP","floor":18},{"not_picked":["Rebound","Doom and Gloom"],"picked":"BootSequence","floor":21}],"player_experience":674457,"relics_obtained":[{"floor":6,"key":"Dream Catcher"},{"floor":9,"key":"Anchor"},{"floor":13,"key":"Odd Mushroom"},{"floor":20,"key":"Red Mask"}],"event_choices":[{"damage_healed":0,"gold_gain":0,"player_choice":"Donut","damage_taken":0,"max_hp_gain":5,"max_hp_loss":0,"event_name":"Big Fish","floor":2,"gold_loss":0},{"damage_healed":0,"gold_gain":0,"player_choice":"Take Wound","damage_taken":0,"relics_obtained":["Golden Idol"],"max_hp_gain":0,"max_hp_loss":0,"event_name":"Golden Idol","floor":3,"gold_loss":0,"cards_obtained":["Injury"]},{"cards_removed":["Strike_B"],"damage_healed":0,"gold_gain":0,"player_choice":"Card Removal","damage_taken":0,"max_hp_gain":0,"max_hp_loss":0,"event_name":"The Cleric","floor":10,"gold_loss":50},{"damage_healed":0,"gold_gain":0,"player_choice":"Success","damage_taken":12,"relics_obtained":["Du-Vu Doll"],"max_hp_gain":0,"max_hp_loss":0,"event_name":"Scrap Ooze","floor":11,"gold_loss":0},{"damage_healed":0,"gold_gain":0,"player_choice":"Fought Mushrooms","damage_taken":0,"max_hp_gain":0,"max_hp_loss":0,"event_name":"Mushrooms","floor":13,"gold_loss":0},{"damage_healed":0,"gold_gain":0,"player_choice":"Simplicity","damage_taken":0,"max_hp_gain":0,"max_hp_loss":0,"event_name":"Back to Basics","floor":19,"gold_loss":0,"cards_upgraded":["Strike_B","Strike_B","Strike_B","Defend_B","Defend_B","Defend_B","Defend_B"]},{"damage_healed":0,"gold_gain":0,"player_choice":"Fought Bandits","damage_taken":0,"max_hp_gain":0,"max_hp_loss":0,"event_name":"Masked Bandits","floor":20,"gold_loss":0},{"damage_healed":0,"gold_gain":0,"player_choice":"Ignored","damage_taken":0,"max_hp_gain":0,"max_hp_loss":0,"event_name":"Vampires","floor":22,"gold_loss":0}],"is_beta":false,"boss_relics":[{"not_picked":["Pandora\u0027s Box","Velvet Choker"],"picked":"Tiny House"}],"items_purged_floors":[],"is_endless":false,"potions_floor_spawned":[6,14,16,20,21],"killed_by":"3 Cultists","ascension_level":13}}