{"host":"00tqcjwpycel7e54","time":1608695513,"event":{"mods":["ATMod(阿瑾Mod)","BaseMod","Colored Powertips","Displayed Cursed Tome","Downfall","Hermit","Highlight Path","KomeijiMod","Lobotomy","Luminous","Marisa（F雨　魔理沙）","Minty Spire (QoL Compilation)","Remilia（蕾米莉亚）","Replay The Spire","Robot Space Explorer","Shop Mod","Spicy Shops","StSLib","The Administrix","The Bug Knight","The Cursed","The Dragon Tamer","The Gatherer","The Hierophant","The Runesmith","The Senshi","The Servant 0.9.4","WarShipGirlsR/战舰少女R mod","Youmu（魂魄妖梦）","Yuyuko","【东方二次创作】八云紫mod","【遗物卡牌】REMEMod"],"gold_per_floor":[109,126,201,251,268,268,268,268],"floor_reached":7,"playtime":391,"items_purged":[],"score":78,"play_id":"63c086b4-5160-43e9-bd0b-5a48ebb9ef13","local_time":"20201223115153","is_ascension_mode":true,"campfire_choices":[{"data":"AT_Dispersion","floor":6.0,"key":"SMITH"}],"circlet_count":0,"master_deck":["AscendersBane","Strike_G","Strike_G","Strike_G","Strike_G","Strike_G","Defend_G","Defend_G","Defend_G","Defend_G","Defend_G","Survivor","Neutralize","ReplayTheSpireMod:Splinters","Die Die Die","AT_Dispersion+1","ReplayTheSpireMod:Scrap Shanks","Backflip","Accuracy"],"relics":["Ring of the Snake","AT_ATBox","REME_ComplimentaryCards"],"acts_visited":["Exordium"],"potions_floor_usage":[7],"damage_taken":[{"damage":6.0,"enemies":"Cultist","floor":1.0,"turns":4.0},{"damage":0.0,"enemies":"2 Louse","floor":2.0,"turns":2.0},{"damage":2.0,"enemies":"Jaw Worm","floor":5.0,"turns":4.0},{"damage":35,"enemies":"3 Sentries","floor":7,"turns":8}],"seed_played":"7848034114793853703","potions_obtained":[{"floor":1.0,"key":"AttackPotion"},{"floor":2.0,"key":"AttackPotion"}],"is_trial":false,"path_per_floor":["M","M","?","?","M","R","E"],"character_chosen":"THE_SILENT","items_purchased":[],"campfire_rested":0,"item_purchase_floors":[],"current_hp_per_floor":[53,53,42,36,34,34,0,0],"gold":268,"neow_bonus":"THREE_RARE_CARDS","is_daily":false,"chose_seed":false,"campfire_upgraded":1,"win_rate":0.0,"timestamp":1608695513,"path_taken":["M","?","?","?","M","R","E"],"items_purchased_type":[],"build_version":"2020-12-13","purchased_purges":0,"victory":false,"max_hp_per_floor":[66,66,66,66,66,66,66,66],"card_choices":[{"not_picked":["AT_KingSlayer","Corpse Explosion"],"picked":"Die Die Die","floor":0.0},{"not_picked":["ReplayTheSpireMod:The Works","ReplayTheSpireMod:Speed Training"],"picked":"ReplayTheSpireMod:Scrap Shanks","floor":1.0},{"not_picked":["Crippling Poison","Setup"],"picked":"Backflip","floor":2.0},{"not_picked":["Deadly Poison","Outmaneuver"],"picked":"Accuracy","floor":5.0}],"player_experience":693123,"relics_obtained":[],"event_choices":[{"damage_healed":0.0,"max_hp_gain":0.0,"max_hp_loss":0.0,"gold_gain":75.0,"event_name":"World of Goop","player_choice":"Gather Gold","floor":3.0,"gold_loss":0.0,"damage_taken":11.0},{"damage_healed":0.0,"max_hp_gain":0.0,"max_hp_loss":0.0,"gold_gain":50.0,"event_name":"FaceTrader","player_choice":"Touch","floor":4.0,"gold_loss":0.0,"damage_taken":6.0}],"is_beta":false,"boss_relics":[],"items_purged_floors":[],"is_endless":false,"potions_floor_spawned":[1,2],"killed_by":"3 Sentries","ascension_level":18}}