{"host":"ashh977dctw2auk3","time":1608754233,"event":{"mods":["Act Like it!","BaseMod","Elementarium","Friendly Minions","Hubris","Infinite Spire","Marisa????????","Minty Spire (QoL Compilation)","Potionbrewer","Replay The Spire","Ruin Mod","Shade Mod","Shop Mod","StSLib","The Alterego","The Cursed","The Marked","The Sage","The Servant 0.9.4","The Spell Scribe","Transform Curses","Waifu the Spire"],"gold_per_floor":[110,124,124,7,18,18,18,18,18,68,86,86,86,98,98,202,202,221,221,236,236,119,138,138,150,177,177,196,196,214,226,226,226,226],"floor_reached":33,"playtime":3432,"items_purged":[],"score":239,"play_id":"9b008182-498a-44ec-bde7-709678ae5a3d","local_time":"20201223121033","is_ascension_mode":false,"campfire_choices":[{"data":"MysteriousBeam","floor":6,"key":"SMITH"},{"data":"EnergyFlow","floor":8,"key":"SMITH"},{"data":"FinalSpark","floor":13,"key":"SMITH"},{"data":"DoubleSpark","floor":15,"key":"SMITH"},{"data":"MillisecondPulsars","floor":24,"key":"SMITH"},{"data":"UpSweep","floor":27,"key":"SMITH"},{"floor":32,"key":"REST"}],"circlet_count":0,"master_deck":["Strike_MRS","Strike_MRS","Strike_MRS","Defend_MRS","Defend_MRS","Defend_MRS","MasterSpark+1","UpSweep+1","MysteriousBeam+1","OortCloud","DoubleSpark+1","EnergyFlow+1","MaximisePower","FinalSpark+1","MillisecondPulsars+1","NonDirectionalLaser+1","FairyDestructionRay+1"],"relics":["MiniHakkero","infinitespire:ShieldingShard","Ring of Chaos","hubris:Towel","Gambling Chip","MealTicket"],"acts_visited":["Exordium","TheCity"],"potions_floor_usage":[14,20,23,25,33],"damage_taken":[{"damage":0,"enemies":"Small Slimes","floor":1,"turns":2},{"damage":0,"enemies":"Cultist","floor":2,"turns":2},{"damage":1,"enemies":"2 Louse","floor":5,"turns":2},{"damage":2,"enemies":"Exordium Thugs","floor":11,"turns":3},{"damage":0,"enemies":"Exordium Wildlife","floor":14,"turns":3},{"damage":4,"enemies":"Fading Forest","floor":16,"turns":11},{"damage":0,"enemies":"Spheric Guardian","floor":18,"turns":3},{"damage":15,"enemies":"2 Thieves","floor":20,"turns":4},{"damage":38,"enemies":"Shelled Parasite and Fungi","floor":23,"turns":6},{"damage":0,"enemies":"Sentry and Sphere","floor":25,"turns":4},{"damage":0,"enemies":"Centurion and Healer","floor":28,"turns":4},{"damage":24,"enemies":"Snake Plant","floor":30,"turns":4},{"damage":8,"enemies":"Chosen and Byrds","floor":31,"turns":4},{"damage":31,"enemies":"Pondfish","floor":33,"turns":5}],"seed_played":"-8013753316590853057","potions_obtained":[{"floor":5,"key":"SkillPotion"},{"floor":16,"key":"ShroomBrew"},{"floor":20,"key":"potionbrewer:InfectionPotion"},{"floor":23,"key":"Block Potion"},{"floor":30,"key":"infinitespire:BlackPotion"}],"is_trial":false,"path_per_floor":["M","M","?","$","M","R","?","R","T","?","M","?","R","M","R","B",null,"M","?","M","$","?","M","R","M","T","R","M","$","M","M","R","B"],"character_chosen":"MARISA","items_purchased":["DoubleSpark","EnergyFlow"],"campfire_rested":1,"item_purchase_floors":[4,4],"current_hp_per_floor":[75,75,75,75,74,74,74,74,74,74,72,72,72,72,72,75,75,75,75,60,60,60,22,22,22,22,22,22,37,13,5,27,0,0],"gold":226,"neow_bonus":"UPGRADE_CARD","is_daily":false,"chose_seed":false,"campfire_upgraded":6,"win_rate":0.0,"timestamp":1608754233,"path_taken":["M","M","?","$","?","R","?","R","T","?","M","?","R","M","R","BOSS","M","?","M","$","?","M","R","M","T","R","?","$","M","M","R","BOSS"],"items_purchased_type":["Card","Card"],"build_version":"2020-12-22","purchased_purges":0,"victory":false,"max_hp_per_floor":[75,75,75,75,75,75,75,75,75,75,75,75,75,75,75,75,75,75,75,75,75,75,75,75,75,75,75,75,75,75,75,75,75,75],"card_choices":[{"not_picked":["Acceleration","DragonMeteor"],"picked":"MysteriousBeam","floor":1},{"not_picked":["GravityBeat","UnstableBomb"],"picked":"OortCloud","floor":2},{"not_picked":["MysteriousBeam","AsteroidBelt","PowerUp"],"picked":"SKIP","floor":5},{"not_picked":["PulseMagic","ShootingEcho"],"picked":"MaximisePower","floor":11},{"not_picked":["OneTimeOff","GasGiant","NonDirectionalLaser"],"picked":"SKIP","floor":14},{"not_picked":["EscapeVelocity","ManaRampage"],"picked":"MillisecondPulsars","floor":16},{"not_picked":["UnstableBomb","ChargeUpSpray","NonDirectionalLaser"],"picked":"SKIP","floor":18},{"not_picked":["WitchOfGreed","ShootingEcho"],"picked":"NonDirectionalLaser+1","floor":20},{"not_picked":["StarBarrage","OortCloud","LuminesStrike"],"picked":"SKIP","floor":23},{"not_picked":["MilkyWay","SporeBomb"],"picked":"FairyDestructionRay+1","floor":25},{"not_picked":["MagicChant+1","GrandCross","BlazingStar"],"picked":"SKIP","floor":28},{"not_picked":["MagicChant","Singularity","WitchLeyline"],"picked":"SKIP","floor":30},{"not_picked":["NonDirectionalLaser","RefractionSpark","AlicesGift"],"picked":"SKIP","floor":31}],"player_experience":298097,"relics_obtained":[{"floor":9,"key":"infinitespire:ShieldingShard"},{"floor":26,"key":"MealTicket"}],"event_choices":[{"cards_removed":["Strike_MRS"],"damage_healed":0,"gold_gain":0,"player_choice":"Purged","damage_taken":0,"max_hp_gain":0,"max_hp_loss":0,"event_name":"Purifier","floor":3,"gold_loss":0},{"damage_healed":0,"gold_gain":50,"player_choice":"Gained Gold","damage_taken":0,"max_hp_gain":0,"max_hp_loss":0,"event_name":"Golden Wing","floor":10,"gold_loss":0},{"damage_healed":0,"gold_gain":0,"cards_transformed":["Defend_MRS"],"player_choice":"Change","damage_taken":0,"max_hp_gain":0,"max_hp_loss":0,"event_name":"Living Wall","floor":12,"gold_loss":0,"cards_obtained":["FinalSpark"]},{"damage_healed":0,"gold_gain":0,"player_choice":"Paid Gold","damage_taken":0,"relics_obtained":["Gambling Chip"],"max_hp_gain":0,"max_hp_loss":0,"event_name":"WeMeetAgain","floor":22,"gold_loss":117}],"is_beta":false,"boss_relics":[{"not_picked":["Painkiller Herb","SlaversCollar"],"picked":"Ring of Chaos"}],"items_purged_floors":[],"is_endless":false,"potions_floor_spawned":[5,16,20,23,30],"killed_by":"Pondfish","ascension_level":0}}