{"host":"pecumnp00ic55u1k","time":1608688890,"event":{"mods":["Act Like it!","BaseMod","Colored Map","Colored Powertips","Hallownest","Hermit","Hubris","Minty Spire (QoL Compilation)","Quick Restart","StSLib","The Blue Laboratory","The Bug Knight","The Cursed"],"gold_per_floor":[118,138,158,226,250,250,260,260,335,31,48,73,73,73,73,175,175,167,186,211,211,216,216],"floor_reached":22,"playtime":1154,"items_purged":[],"score":180,"play_id":"5ba6684f-bc5f-4e63-b1b2-28639c0b505b","local_time":"20201222210130","is_ascension_mode":false,"campfire_choices":[{"data":"hermit:HighCaliber","floor":8,"key":"SMITH"},{"data":"hermit:Determination","floor":13,"key":"SMITH"},{"floor":15,"key":"REST"}],"circlet_count":0,"master_deck":["hermit:Strike_Hermit","hermit:Strike_Hermit","hermit:Strike_Hermit","hermit:Strike_Hermit","hermit:Defend_Hermit","hermit:Defend_Hermit","hermit:Defend_Hermit","hermit:Defend_Hermit","hermit:Snapshot+1","hermit:Covet","hermit:Scavenge","hermit:WideOpen","hermit:HighCaliber+1","hermit:Feint","hermit:WideOpen","hermit:Dive","hermit:Determination+1","Decay","hermit:HighNoon","hermit:Quickdraw"],"relics":["hermit:Momento","hubris:CrystalStatue","Pen Nib","Blood Vial","Busted Crown","Nloth\u0027s Gift"],"acts_visited":["Exordium","TheCity"],"potions_floor_usage":[16,22],"damage_taken":[{"damage":0,"enemies":"Jaw Worm","floor":1,"turns":1},{"damage":0,"enemies":"Small Slimes","floor":2,"turns":1},{"damage":0,"enemies":"2 Louse","floor":3,"turns":1},{"damage":9,"enemies":"Red Slaver","floor":5,"turns":3},{"damage":15,"enemies":"Exordium Thugs","floor":7,"turns":4},{"damage":11,"enemies":"Large Slime","floor":11,"turns":5},{"damage":0,"enemies":"Exordium Wildlife","floor":12,"turns":3},{"damage":42,"enemies":"Slime Boss","floor":16,"turns":10},{"damage":19,"enemies":"2 Thieves","floor":18,"turns":4},{"damage":17,"enemies":"Shell Parasite","floor":19,"turns":5},{"damage":26,"enemies":"3 Cultists","floor":20,"turns":7},{"damage":19,"enemies":"Centurion and Healer","floor":22,"turns":6}],"seed_played":"-7919437262805297414","potions_obtained":[{"floor":1,"key":"Regen Potion"},{"floor":11,"key":"blueLaboratory:BubblePotion"}],"is_trial":false,"path_per_floor":["M","M","M","?","M","?","M","R","T","$","M","M","R","?","R","B",null,"M","M","M","?","M"],"character_chosen":"HERMIT","items_purchased":["Pen Nib","Blood Vial"],"campfire_rested":1,"item_purchase_floors":[10,10],"current_hp_per_floor":[75,75,75,75,66,66,51,51,51,51,42,44,44,44,66,41,75,56,41,17,17,0,0],"gold":216,"neow_bonus":"THREE_ENEMY_KILL","is_daily":false,"chose_seed":false,"campfire_upgraded":2,"win_rate":0.0,"timestamp":1608688890,"path_taken":["M","M","M","?","M","?","M","R","T","$","M","M","R","?","R","BOSS","M","M","M","?","M"],"items_purchased_type":["Relic","Relic"],"build_version":"2020-12-13","purchased_purges":0,"victory":false,"max_hp_per_floor":[75,75,75,75,75,75,75,75,75,75,75,75,75,75,75,75,75,75,75,75,75,75,75],"card_choices":[{"not_picked":["hermit:ItchyTrigger","hermit:CalledShot"],"picked":"hermit:Scavenge","floor":1},{"not_picked":["hermit:Ricochet","hermit:Coalescence"],"picked":"hermit:WideOpen","floor":2},{"not_picked":["hermit:SprayPray","hermit:Vantage"],"picked":"hermit:HighCaliber","floor":3},{"not_picked":["hermit:HoleUp","hermit:CalledShot"],"picked":"hermit:Feint","floor":5},{"not_picked":["hermit:Manifest","hermit:Desperado"],"picked":"hermit:WideOpen","floor":7},{"not_picked":["hermit:CalledShot","hermit:Desperado"],"picked":"hermit:Dive","floor":11},{"not_picked":["hermit:CalledShot","hermit:TrackingShot"],"picked":"hermit:Determination","floor":12},{"not_picked":["hermit:Gambit","hermit:OverwhelmingPower"],"picked":"hermit:HighNoon","floor":16},{"not_picked":[],"picked":"hermit:Quickdraw","floor":18},{"not_picked":["hermit:Cheat"],"picked":"SKIP","floor":19},{"not_picked":["hermit:HighCaliber"],"picked":"SKIP","floor":20}],"player_experience":65379,"relics_obtained":[{"floor":9,"key":"hubris:CrystalStatue"}],"event_choices":[{"damage_healed":0,"gold_gain":68,"player_choice":"Gained Gold","damage_taken":0,"max_hp_gain":0,"max_hp_loss":0,"event_name":"Golden Wing","floor":4,"gold_loss":0},{"damage_healed":0,"gold_gain":0,"player_choice":"Cursed","damage_taken":0,"max_hp_gain":0,"max_hp_loss":0,"event_name":"Wheel of Change","floor":14,"gold_loss":0,"cards_obtained":["Decay"]},{"damage_healed":0,"gold_gain":0,"player_choice":"Traded Relic","damage_taken":0,"relics_obtained":["Nloth\u0027s Gift"],"max_hp_gain":0,"max_hp_loss":0,"event_name":"N\u0027loth","floor":21,"relics_lost":["NeowsBlessing"],"gold_loss":0}],"is_beta":false,"boss_relics":[{"not_picked":["SacredBark","hubris:CrackedHourglass"],"picked":"Busted Crown"}],"items_purged_floors":[],"is_endless":false,"potions_floor_spawned":[1,11],"killed_by":"Centurion and Healer","ascension_level":0}}