{"host":"sa7ebub27cgn5wai","time":1608728831,"event":{"mods":["BaseMod","Colored Map","Minty Spire (QoL Compilation)","SuperFastMode"],"gold_per_floor":[116,116,133,153,164,164,177,187,187,201,201,45,55,69,69,171,171,181,27,40,51,51,76,91,125,149,149,149,479,479,489,489,594,594,607,209,225,236,286,286,303,330,342,354,366,395,407,132,132,132],"floor_reached":51,"playtime":1090,"items_purged":["Strike_G","Strike_G","Strike_G"],"score":833,"play_id":"c9409ac3-b17d-4d80-af7f-90a715100845","local_time":"20201223220711","is_ascension_mode":false,"campfire_choices":[{"data":"Blade Dance","floor":6,"key":"SMITH"},{"data":"Accuracy","floor":11,"key":"SMITH"},{"data":"Accuracy","floor":15,"key":"SMITH"},{"data":"After Image","floor":28,"key":"SMITH"},{"data":"Blade Dance","floor":30,"key":"SMITH"},{"data":"Blade Dance","floor":32,"key":"SMITH"},{"data":"Infinite Blades","floor":40,"key":"SMITH"},{"data":"Strike_G","floor":45,"key":"PURGE"},{"data":"Backflip","floor":47,"key":"SMITH"},{"data":"Defend_G","floor":49,"key":"PURGE"}],"circlet_count":0,"master_deck":["Defend_G","Defend_G+1","Defend_G","Defend_G","Survivor+1","Neutralize+1","Blade Dance+1","Backflip+1","Prepared","Blade Dance+1","Infinite Blades+1","Accuracy+1","Blade Dance+1","Accuracy+1","PiercingWail","After Image+1","Accuracy+1","Backflip+1","Cloak And Dagger+1","Cloak And Dagger+1","Phantasmal Killer+1","Cloak And Dagger+1","Infinite Blades","Concentrate+1","PiercingWail+1","Accuracy+1","Backflip+1","Outmaneuver+1","Adrenaline+1"],"relics":["Ring of the Serpent","Mango","WristBlade","PreservedInsect","Peace Pipe","Toxic Egg 2","Omamori","Shuriken","Old Coin","Bag of Marbles","Tingsha","MawBank","Prayer Wheel"],"acts_visited":["Exordium","TheCity","TheBeyond"],"potions_floor_usage":[16,21,41,50,50,50],"damage_taken":[{"damage":0,"enemies":"Small Slimes","floor":1,"turns":4},{"damage":0,"enemies":"Jaw Worm","floor":3,"turns":4},{"damage":0,"enemies":"2 Louse","floor":4,"turns":3},{"damage":2,"enemies":"Large Slime","floor":5,"turns":6},{"damage":1,"enemies":"Exordium Thugs","floor":7,"turns":4},{"damage":5,"enemies":"Exordium Wildlife","floor":8,"turns":5},{"damage":2,"enemies":"Looter","floor":10,"turns":4},{"damage":0,"enemies":"Large Slime","floor":13,"turns":2},{"damage":6,"enemies":"Lots of Slimes","floor":14,"turns":3},{"damage":1,"enemies":"Hexaghost","floor":16,"turns":5},{"damage":8,"enemies":"Shell Parasite","floor":18,"turns":3},{"damage":4,"enemies":"3 Byrds","floor":20,"turns":4},{"damage":13,"enemies":"Centurion and Healer","floor":21,"turns":4},{"damage":8,"enemies":"Slavers","floor":23,"turns":2},{"damage":0,"enemies":"Snake Plant","floor":24,"turns":3},{"damage":1,"enemies":"Book of Stabbing","floor":25,"turns":3},{"damage":17,"enemies":"Slavers","floor":29,"turns":4},{"damage":2,"enemies":"Snecko","floor":31,"turns":4},{"damage":2,"enemies":"Collector","floor":33,"turns":4},{"damage":0,"enemies":"Orb Walker","floor":35,"turns":2},{"damage":3,"enemies":"3 Shapes","floor":37,"turns":3},{"damage":0,"enemies":"Jaw Worm Horde","floor":38,"turns":3},{"damage":7,"enemies":"Mind Bloom Boss Battle","floor":39,"turns":4},{"damage":6,"enemies":"4 Shapes","floor":41,"turns":3},{"damage":0,"enemies":"Reptomancer","floor":42,"turns":3},{"damage":0,"enemies":"Transient","floor":46,"turns":5},{"damage":29,"enemies":"Donu and Deca","floor":50,"turns":5}],"seed_played":"-2895634957438319663","potions_obtained":[{"floor":3,"key":"Block Potion"},{"floor":8,"key":"Ancient Potion"},{"floor":10,"key":"BlessingOfTheForge"},{"floor":16,"key":"LiquidBronze"},{"floor":18,"key":"Block Potion"},{"floor":21,"key":"Fruit Juice"},{"floor":29,"key":"Energy Potion"},{"floor":31,"key":"Block Potion"},{"floor":46,"key":"LiquidBronze"}],"is_trial":false,"path_per_floor":["M","?","M","M","M","R","M","M","T","M","R","$","M","M","R","B",null,"M","$","M","M","?","E","M","E","T","T","R","E","R","M","R","B",null,"M","$","M","M","?","R","M","E","T","?","R","M","R","$","R","B",null],"character_chosen":"THE_SILENT","items_purchased":["Accuracy","PreservedInsect","Bag of Marbles","Infinite Blades","Concentrate+1","Adrenaline+1"],"campfire_rested":0,"item_purchase_floors":[12,19,36,36,36,48],"current_hp_per_floor":[70,56,56,56,54,54,53,48,62,60,60,60,60,54,54,53,84,76,76,72,64,64,56,56,55,55,55,55,38,38,36,36,34,89,89,89,86,86,79,79,73,73,73,73,73,73,73,73,73,44],"gold":132,"neow_bonus":"UPGRADE_CARD","is_daily":false,"chose_seed":false,"campfire_upgraded":8,"win_rate":0.0,"timestamp":1608728831,"path_taken":["M","?","M","M","M","R","M","M","T","M","R","$","M","M","R","BOSS","M","$","M","M","?","E","M","E","T","?","R","E","R","M","R","BOSS","M","$","M","M","?","R","M","E","T","?","R","M","R","$","R","BOSS"],"items_purchased_type":["Card","Relic","Relic","Card","Card","Card"],"build_version":"2020-12-22","purchased_purges":3,"victory":true,"max_hp_per_floor":[70,70,70,70,70,70,70,70,84,84,84,84,84,84,84,84,84,84,84,84,89,89,89,89,89,89,89,89,89,89,89,89,89,89,89,89,89,89,89,89,89,89,89,89,89,89,89,89,89,89],"card_choices":[{"not_picked":["Poisoned Stab","Dagger Spray"],"picked":"Blade Dance","floor":1},{"not_picked":["Sucker Punch","Deflect"],"picked":"Backflip","floor":3},{"not_picked":["Dash","Dagger Throw"],"picked":"Prepared","floor":4},{"not_picked":["Venomology","Well Laid Plans"],"picked":"Blade Dance","floor":5},{"not_picked":["Tactician","Acrobatics"],"picked":"Infinite Blades","floor":7},{"not_picked":["Terror","Cloak And Dagger"],"picked":"Accuracy","floor":8},{"not_picked":["Dagger Spray","Infinite Blades"],"picked":"Blade Dance","floor":10},{"not_picked":["Deflect","Acrobatics"],"picked":"PiercingWail","floor":13},{"not_picked":["Acrobatics","Bane","Flying Knee"],"picked":"SKIP","floor":14},{"not_picked":["Die Die Die","Envenom"],"picked":"After Image","floor":16},{"not_picked":["PiercingWail","Heel Hook"],"picked":"Accuracy+1","floor":18},{"not_picked":["Quick Slash","Choke","All Out Attack"],"picked":"SKIP","floor":20},{"not_picked":["Choke","Well Laid Plans","Flying Knee+1"],"picked":"SKIP","floor":21},{"not_picked":["Prepared+1","Finisher"],"picked":"Backflip+1","floor":23},{"not_picked":["Dodge and Roll","Deadly Poison","Bane"],"picked":"SKIP","floor":24},{"not_picked":["Reflex+1","Riddle With Holes+1"],"picked":"Cloak And Dagger+1","floor":25},{"not_picked":["Deflect+1","Glass Knife"],"picked":"Cloak And Dagger+1","floor":29},{"not_picked":["Poisoned Stab","Sucker Punch+1","Catalyst+1"],"picked":"SKIP","floor":31},{"not_picked":["A Thousand Cuts","Envenom"],"picked":"Phantasmal Killer+1","floor":33},{"not_picked":["Quick Slash+1","Outmaneuver+1"],"picked":"Cloak And Dagger+1","floor":35},{"not_picked":["Finisher","Escape Plan+1"],"picked":"PiercingWail+1","floor":37},{"not_picked":["Dagger Throw","Quick Slash+1"],"picked":"Accuracy+1","floor":38},{"not_picked":["Riddle With Holes+1","Acrobatics+1","Dagger Spray+1"],"picked":"SKIP","floor":41},{"not_picked":["All Out Attack+1","Dagger Throw"],"picked":"Backflip+1","floor":42},{"not_picked":["PiercingWail+1","Concentrate+1"],"picked":"Outmaneuver+1","floor":46},{"not_picked":["Skewer+1","Dagger Spray+1","Night Terror+1"],"picked":"SKIP","floor":46}],"player_experience":273400,"relics_obtained":[{"floor":9,"key":"Mango"},{"floor":23,"key":"Peace Pipe"},{"floor":25,"key":"Toxic Egg 2"},{"floor":26,"key":"Omamori"},{"floor":27,"key":"Shuriken"},{"floor":29,"key":"Old Coin"},{"floor":39,"key":"Tingsha"},{"floor":42,"key":"MawBank"},{"floor":43,"key":"Prayer Wheel"}],"event_choices":[{"damage_healed":0,"gold_gain":0,"player_choice":"Entered Light","damage_taken":14,"max_hp_gain":0,"max_hp_loss":0,"event_name":"Shining Light","floor":2,"gold_loss":0,"cards_upgraded":["Survivor","Defend_G"]},{"cards_removed":["Strike_G"],"damage_healed":0,"gold_gain":0,"player_choice":"Elegance","damage_taken":0,"max_hp_gain":0,"max_hp_loss":0,"event_name":"Back to Basics","floor":22,"gold_loss":0},{"damage_healed":0,"gold_gain":0,"player_choice":"Fight","damage_taken":0,"max_hp_gain":0,"max_hp_loss":0,"event_name":"MindBloom","floor":39,"gold_loss":0},{"damage_healed":0,"gold_gain":0,"player_choice":"Ignored","damage_taken":0,"max_hp_gain":0,"max_hp_loss":0,"event_name":"Tomb of Lord Red Mask","floor":44,"gold_loss":0}],"is_beta":false,"boss_relics":[{"not_picked":["Ectoplasm","Black Star"],"picked":"WristBlade"},{"not_picked":["SacredBark","Snecko Eye"],"picked":"Ring of the Serpent"}],"items_purged_floors":[12,36,48],"is_endless":false,"potions_floor_spawned":[3,8,10,14,16,18,21,29,31,35,46],"ascension_level":0}}