{"host":"Godlander","time":1608752366,"event":{"mods":["Act Like it!","Aspiration","BaseMod","BetterRewards","Card Forge","Colored Powertips","Conspire","Custom Start","Energized Spire","Googly Eyes","Halation","Hubris","Infinite Spire","Mimic Mod","Minty Spire (QoL Compilation)","Pale of the Ancients","Permanent Neow","Relic Stats","Replay The Spire","Shop Mod","Spicy Shops","Spikes Relics","StSLib","SuperFastMode","The Jungle","Trackpad","UnlockEverythingMod"],"gold_per_floor":[114,114,40,52,72,102,102,114,146,146,21,34,34,52,52,151,151,164,175,189,189,189,201,213,225,275,275,290,290,318,318,318,318,318],"floor_reached":33,"playtime":1626,"items_purged":[],"score":296,"play_id":"ac93f8cd-9f4d-4039-a026-ae09561aa245","local_time":"20201223113926","is_ascension_mode":false,"campfire_choices":[{"floor":7,"key":"RECALL"},{"floor":10,"key":"REST"},{"floor":15,"key":"REST"},{"data":"Footwork","floor":32,"key":"SMITH"}],"circlet_count":0,"master_deck":["Strike_G","Strike_G","Defend_G","Defend_G","Defend_G+1","Defend_G","Survivor","Neutralize","Prepared","Poisoned Stab+1","Toxin Wave+1","Bouncing Flask+1","InfectiousVector+1","Toxin Wave+1","Bullet Time","Bouncing Flask+1","Poison Darts+1","PiercingWail+1","Escape Plan+1","Footwork+1","After Image","Footwork+1","ReplayTheSpireMod:Necrosis","Catalyst","Adrenaline"],"relics":["Ring of the Serpent","Hammer of Thor","Seething Fire","Anvil of the Gods","Chemical X","aspiration:HummingbirdHeart","trackpad:WeightlessShivs","Nloth\u0027s Gift","hubris:BottledHeart","Bottled Lightning","hubris:Towel"],"acts_visited":["Exordium","TheCity"],"potions_floor_usage":[6,8,9,16,18,30,30,30],"damage_taken":[{"damage":0,"enemies":"Small Slimes","floor":1,"turns":3},{"damage":1,"enemies":"Cultist","floor":4,"turns":4},{"damage":3,"enemies":"Jaw Worm","floor":5,"turns":4},{"damage":32,"enemies":"3 Sentries","floor":6,"turns":9},{"damage":11,"enemies":"Exordium Thugs","floor":8,"turns":4},{"damage":1,"enemies":"Looter","floor":9,"turns":5},{"damage":3,"enemies":"Looter","floor":12,"turns":3},{"damage":4,"enemies":"Large Slime","floor":14,"turns":5},{"damage":32,"enemies":"The Guardian","floor":16,"turns":8},{"damage":5,"enemies":"2 Thieves","floor":18,"turns":3},{"damage":1,"enemies":"3 Byrds","floor":19,"turns":3},{"damage":0,"enemies":"Centurion and Healer","floor":20,"turns":5},{"damage":12,"enemies":"Snecko","floor":23,"turns":5},{"damage":20,"enemies":"conspire:HollyBat","floor":24,"turns":5},{"damage":0,"enemies":"3 Cultists","floor":25,"turns":4},{"damage":6,"enemies":"Snake Plant","floor":28,"turns":3},{"damage":0,"enemies":"Nightmare","floor":30,"turns":7},{"damage":4,"enemies":"Pondfish","floor":33,"turns":11}],"seed_played":"8134950910273013259","potions_obtained":[{"floor":2,"key":"Venom Potion"},{"floor":2,"key":"DistilledChaos"},{"floor":2,"key":"SmokeBomb"},{"floor":5,"key":"Languid Potion"},{"floor":6,"key":"Block Potion"},{"floor":12,"key":"Fire Potion"},{"floor":14,"key":"Elixir"},{"floor":20,"key":"Doom Potion"},{"floor":24,"key":"Venom Potion"},{"floor":28,"key":"LifebloodPotion"}],"is_trial":false,"path_per_floor":["M","?","$","M","M","E","R","M","MIM","R","$","M","?","M","R","B",null,"M","M","M","?","?","M","M","M","T","?","M","?","NM","?","R","B"],"character_chosen":"THE_SILENT","items_purchased":["Chemical X","aspiration:HummingbirdHeart"],"campfire_rested":2,"item_purchase_floors":[3,11],"current_hp_per_floor":[70,70,70,69,66,34,34,23,22,43,43,40,40,36,57,25,70,65,64,64,64,64,52,32,32,32,32,26,1,1,1,1,0,0],"gold":318,"neow_bonus":"THREE_CARDS","is_daily":false,"chose_seed":false,"campfire_upgraded":1,"win_rate":0.0,"timestamp":1608752366,"path_taken":["M","?","?","M","M","E","R","?","MIM","R","$","M","?","M","R","BOSS","M","M","M","?","?","M","M","?","T","?","?","?","NM","?","R","BOSS"],"items_purchased_type":["Relic","Relic"],"build_version":"2020-12-18","purchased_purges":0,"victory":false,"max_hp_per_floor":[70,70,70,70,70,70,70,70,70,70,70,70,70,70,70,70,70,70,70,70,70,70,70,70,70,70,70,70,1,1,1,1,1,1],"relic_stats":{"counters":[18,91],"Nloth\u0027s Gift":2,"Chemical X":[13],"obtain_stats":[{"Hammer of Thor":0,"aspiration:HummingbirdHeart":11,"Seething Fire":0,"hubris:Towel":31,"conspire:TopHat":6,"Anvil of the Gods":0,"hubris:BottledHeart":29,"Nloth\u0027s Gift":27,"Chemical X":3,"trackpad:WeightlessShivs":26,"Bottled Lightning":30,"Ring of the Serpent":17,"Ring of the Snake":0},{"Hammer of Thor":0,"aspiration:HummingbirdHeart":6,"Seething Fire":0,"hubris:Towel":17,"conspire:TopHat":4,"Anvil of the Gods":0,"hubris:BottledHeart":16,"Nloth\u0027s Gift":15,"Chemical X":1,"trackpad:WeightlessShivs":15,"Bottled Lightning":17,"Ring of the Serpent":9,"Ring of the Snake":0},{"Hammer of Thor":0,"aspiration:HummingbirdHeart":29,"Seething Fire":0,"hubris:Towel":80,"conspire:TopHat":20,"Anvil of the Gods":0,"hubris:BottledHeart":73,"Nloth\u0027s Gift":70,"Chemical X":3,"trackpad:WeightlessShivs":70,"Bottled Lightning":80,"Ring of the Serpent":45,"Ring of the Snake":0}]},"card_choices":[{"not_picked":["Deadly Poison","Bane"],"picked":"Prepared","floor":0},{"not_picked":["Underhanded Strike","Dagger Spray"],"picked":"Poisoned Stab","floor":1},{"not_picked":["Prepared","Fluid Movement"],"picked":"Terror","floor":4},{"not_picked":["hubris:Sniper","Caltrops"],"picked":"Toxin Wave","floor":5},{"not_picked":["Prepared","Expertise"],"picked":"Bouncing Flask","floor":6},{"not_picked":["Calculated Gamble","Poisoned Stab"],"picked":"InfectiousVector","floor":8},{"not_picked":["Dodge and Roll","Flying Knee"],"picked":"Toxin Wave","floor":9},{"not_picked":["Endless Agony","Draining Mist"],"picked":"Bullet Time","floor":12},{"not_picked":["ShadowRift","Underhanded Strike"],"picked":"Bouncing Flask","floor":14},{"not_picked":["Doppelganger","Venomology"],"picked":"Poison Darts","floor":16},{"not_picked":["Finisher","Crippling Poison+1"],"picked":"PiercingWail+1","floor":18},{"not_picked":["Hidden Blade+1","Pace+1"],"picked":"Escape Plan+1","floor":19},{"not_picked":["Dagger Spray","Infinite Blades+1","Prepared"],"picked":"SKIP","floor":20},{"not_picked":["Blade Dance","Quick Slash","Dagger Throw"],"picked":"SKIP","floor":23},{"not_picked":["Underhanded Strike","Heel Hook"],"picked":"Footwork+1","floor":24},{"not_picked":["Heel Hook","Riddle With Holes","Underhanded Strike"],"picked":"SKIP","floor":25},{"not_picked":["Underhanded Strike+1","All Out Attack","ReplayTheSpireMod:The Works"],"picked":"SKIP","floor":28},{"not_picked":["Dodge and Roll","Predator"],"picked":"ReplayTheSpireMod:Necrosis","floor":30}],"player_experience":544030,"relics_obtained":[{"floor":6,"key":"conspire:TopHat"},{"floor":26,"key":"trackpad:WeightlessShivs"},{"floor":30,"key":"Bottled Lightning"}],"event_choices":[{"damage_healed":0,"gold_gain":0,"player_choice":"Got Potions","damage_taken":0,"max_hp_gain":0,"max_hp_loss":0,"event_name":"Lab","floor":2,"gold_loss":0},{"damage_healed":0,"gold_gain":0,"player_choice":"Ignored","damage_taken":0,"max_hp_gain":0,"max_hp_loss":0,"event_name":"Liars Game","floor":13,"gold_loss":0},{"damage_healed":0,"gold_gain":0,"player_choice":"Ignored","damage_taken":0,"max_hp_gain":0,"max_hp_loss":0,"event_name":"Ghosts","floor":21,"gold_loss":0},{"damage_healed":0,"gold_gain":0,"cards_transformed":["Defend_G","Strike_G"],"player_choice":"Became Test Subject","damage_taken":0,"max_hp_gain":0,"max_hp_loss":0,"event_name":"Drug Dealer","floor":22,"gold_loss":0,"cards_obtained":["Footwork","After Image"]},{"damage_healed":0,"gold_gain":0,"player_choice":"Traded Relic","damage_taken":0,"relics_obtained":["Nloth\u0027s Gift"],"max_hp_gain":0,"max_hp_loss":0,"event_name":"N\u0027loth","floor":27,"relics_lost":["conspire:TopHat"],"gold_loss":0}],"is_beta":true,"boss_relics":[{"not_picked":["WristBlade","Tiny House"],"picked":"Ring of the Serpent"}],"items_purged_floors":[],"is_endless":true,"potions_floor_spawned":[5,6,12,14,20,24,28],"killed_by":"Pondfish","ascension_level":0}}