{"host":"ged1bqtamtf4sn4x","time":1608755932,"event":{"mods":["BaseMod","Colored Map","DeckTracker","Highlight Path","Keyboard Shortcuts","Minty Spire (QoL Compilation)","Permanent Neow","Quick Restart","SuperFastMode","everything is the same but u backflip on backflip"],"gold_per_floor":[112,130,130,145,164,164,198,198,198,273,120,120,139,174,174,174,174],"floor_reached":16,"playtime":442,"items_purged":["Strike_R"],"score":220,"play_id":"f25bd98d-7dff-4747-a19e-51e22c1a7038","local_time":"20201224053852","is_ascension_mode":true,"campfire_choices":[{"data":"Body Slam","floor":6.0,"key":"SMITH"},{"data":"Body Slam","floor":8.0,"key":"SMITH"},{"data":"Battle Trance","floor":12.0,"key":"SMITH"},{"data":"Wild Strike","floor":15,"key":"SMITH"}],"circlet_count":0,"master_deck":["AscendersBane","Strike_R","Strike_R","Strike_R","Strike_R","Defend_R","Defend_R","Defend_R","Defend_R","Bash","Flex","Body Slam+1","Feel No Pain","Battle Trance+1","Wild Strike+1","Body Slam+1","Power Through","Power Through"],"relics":["Burning Blood","Question Card","Gremlin Horn","Mango","Darkstone Periapt"],"acts_visited":["Exordium"],"potions_floor_usage":[14,16],"damage_taken":[{"damage":1.0,"enemies":"Cultist","floor":1.0,"turns":3.0},{"damage":19.0,"enemies":"Jaw Worm","floor":2.0,"turns":4.0},{"damage":7.0,"enemies":"Small Slimes","floor":4.0,"turns":4.0},{"damage":19.0,"enemies":"3 Louse","floor":5.0,"turns":4.0},{"damage":8.0,"enemies":"3 Sentries","floor":7.0,"turns":13.0},{"damage":0.0,"enemies":"Blue Slaver","floor":13.0,"turns":2.0},{"damage":15,"enemies":"Lagavulin","floor":14,"turns":7},{"damage":48,"enemies":"Hexaghost","floor":16,"turns":9}],"seed_played":"5555139012179132868","potions_obtained":[{"floor":1.0,"key":"DuplicationPotion"},{"floor":5.0,"key":"Block Potion"},{"floor":13.0,"key":"CultistPotion"},{"floor":14,"key":"Block Potion"}],"is_trial":false,"path_per_floor":["M","M","T","M","M","R","E","R","T","?","$","R","M","E","R","B"],"character_chosen":"IRONCLAD","items_purchased":["Power Through"],"campfire_rested":0,"item_purchase_floors":[11],"current_hp_per_floor":[73,60,60,59,46,46,44,44,58,47,47,47,53,44,44,0,0],"gold":174,"neow_bonus":"THREE_CARDS","is_daily":false,"chose_seed":false,"campfire_upgraded":4,"win_rate":0.0,"timestamp":1608755932,"path_taken":["M","M","?","M","?","R","E","R","T","?","?","R","M","E","R","BOSS"],"items_purchased_type":["Card"],"build_version":"2020-12-22","purchased_purges":1,"victory":false,"max_hp_per_floor":[75,75,75,75,75,75,75,75,89,89,89,89,89,89,89,89,89],"card_choices":[{"not_picked":["Cleave","Headbutt"],"picked":"Flex","floor":0.0},{"not_picked":["Flame Barrier","Armaments"],"picked":"Body Slam","floor":1.0},{"not_picked":["Flex","Dual Wield"],"picked":"Feel No Pain","floor":2.0},{"not_picked":["Disarm","Dropkick","Anger"],"picked":"Battle Trance","floor":4.0},{"not_picked":["Uppercut","Havoc","Carnage"],"picked":"Wild Strike","floor":5.0},{"not_picked":["Anger","Demon Form","True Grit"],"picked":"Body Slam","floor":7.0},{"not_picked":["Shrug It Off","Body Slam","Pommel Strike"],"picked":"Power Through","floor":13.0},{"not_picked":["Rage","Clothesline","Intimidate","Sever Soul"],"picked":"SKIP","floor":14}],"player_experience":396192,"relics_obtained":[{"floor":3.0,"key":"Question Card"},{"floor":7.0,"key":"Gremlin Horn"},{"floor":9.0,"key":"Mango"},{"floor":14,"key":"Darkstone Periapt"}],"event_choices":[{"damage_healed":0.0,"max_hp_gain":0.0,"max_hp_loss":0.0,"gold_gain":75.0,"event_name":"World of Goop","player_choice":"Gather Gold","floor":10.0,"gold_loss":0.0,"damage_taken":11.0}],"is_beta":false,"boss_relics":[],"items_purged_floors":[11],"is_endless":false,"potions_floor_spawned":[1,5,13,14],"killed_by":"Hexaghost","ascension_level":20}}