{"host":"sa7ebub27cgn5wai","time":1608726637,"event":{"mods":["BaseMod","Colored Map","Minty Spire (QoL Compilation)","SuperFastMode"],"gold_per_floor":[110,110,124,141,152,152,168,168,168,178,189,209,209,61,61,163,163,181,201,211,126,138,138,173,173,173,205,217,329,154,29,29,124,124,141,158,172,182,192,192,414,414,438,438,438,438,90,100,100,100],"floor_reached":51,"playtime":1431,"items_purged":["Strike_B","Strike_B","Strike_B"],"score":718,"play_id":"505bc810-39f3-4c50-bf80-9e3e044f9d5b","local_time":"20201223213037","is_ascension_mode":false,"campfire_choices":[{"data":"Ball Lightning","floor":6,"key":"SMITH"},{"data":"Redo","floor":8,"key":"SMITH"},{"data":"Ball Lightning","floor":13,"key":"SMITH"},{"data":"Zap","floor":15,"key":"SMITH"},{"data":"Electrodynamics","floor":23,"key":"SMITH"},{"data":"Redo","floor":25,"key":"SMITH"},{"data":"Static Discharge","floor":28,"key":"SMITH"},{"data":"Coolheaded","floor":32,"key":"SMITH"},{"data":"Defragment","floor":40,"key":"SMITH"},{"data":"Echo Form","floor":42,"key":"SMITH"},{"data":"Leap","floor":44,"key":"SMITH"},{"data":"Leap","floor":46,"key":"SMITH"},{"data":"Leap","floor":49,"key":"SMITH"}],"circlet_count":0,"master_deck":["Strike_B","Defend_B+1","Defend_B+1","Defend_B","Defend_B","Zap+1","Dualcast","Discovery","Streamline","Conserve Battery","Cold Snap","Ball Lightning+1","Redo+1","Ball Lightning+1","Leap+1","FTL","Self Repair","Electrodynamics+1","Leap+1","Coolheaded+1","Redo+1","Turbo+1","Redo+1","Static Discharge+1","Hologram+1","Storm","Redo","Echo Form+1","Hologram+1","Leap+1","Defragment+1","Aggregate+1","Leap+1","Dark Shackles","Hello World"],"relics":["Cracked Core","Pantograph","Coffee Dripper","InkBottle","Red Mask","MawBank","Lizard Tail","Blue Candle","Runic Dome","War Paint","Bird Faced Urn"],"acts_visited":["Exordium","TheCity","TheBeyond"],"potions_floor_usage":[16,16,33,38,50,50,50],"damage_taken":[{"damage":1,"enemies":"2 Louse","floor":1,"turns":2},{"damage":3,"enemies":"Small Slimes","floor":3,"turns":2},{"damage":0,"enemies":"Jaw Worm","floor":4,"turns":2},{"damage":0,"enemies":"2 Fungi Beasts","floor":5,"turns":2},{"damage":0,"enemies":"Blue Slaver","floor":7,"turns":3},{"damage":0,"enemies":"Exordium Wildlife","floor":10,"turns":3},{"damage":0,"enemies":"Large Slime","floor":11,"turns":3},{"damage":5,"enemies":"Blue Slaver","floor":12,"turns":2},{"damage":28,"enemies":"Hexaghost","floor":16,"turns":7},{"damage":8,"enemies":"2 Thieves","floor":18,"turns":3},{"damage":0,"enemies":"Shell Parasite","floor":19,"turns":5},{"damage":14,"enemies":"Centurion and Healer","floor":20,"turns":5},{"damage":22,"enemies":"Snake Plant","floor":22,"turns":4},{"damage":0,"enemies":"Masked Bandits","floor":24,"turns":4},{"damage":0,"enemies":"Chosen and Byrds","floor":27,"turns":6},{"damage":18,"enemies":"Colosseum Slavers","floor":29,"turns":1},{"damage":23,"enemies":"Colosseum Nobs","floor":29,"turns":4},{"damage":43,"enemies":"Champ","floor":33,"turns":10},{"damage":24,"enemies":"3 Darklings","floor":35,"turns":4},{"damage":0,"enemies":"3 Shapes","floor":36,"turns":5},{"damage":20,"enemies":"Spire Growth","floor":37,"turns":4},{"damage":5,"enemies":"Transient","floor":38,"turns":5},{"damage":10,"enemies":"Maw","floor":39,"turns":8},{"damage":34,"enemies":"Jaw Worm Horde","floor":48,"turns":3},{"damage":49,"enemies":"Donu and Deca","floor":50,"turns":5}],"seed_played":"171671611054670587","potions_obtained":[{"floor":3,"key":"AttackPotion"},{"floor":7,"key":"Weak Potion"},{"floor":11,"key":"FocusPotion"},{"floor":18,"key":"PotionOfCapacity"},{"floor":19,"key":"SpeedPotion"},{"floor":33,"key":"FearPotion"},{"floor":39,"key":"PowerPotion"},{"floor":48,"key":"Regen Potion"}],"is_trial":false,"path_per_floor":["M","?","M","M","M","R","M","R","T","M","M","M","R","$","R","B",null,"M","M","M","?","M","R","?","R","T","M","R","?","$","$","R","B",null,"M","M","M","M","M","R","?","R","T","R","?","R","$","M","R","B",null],"character_chosen":"DEFECT","items_purchased":["Self Repair","Storm","Redo","SkillPotion","Bird Faced Urn"],"campfire_rested":0,"item_purchase_floors":[14,30,30,47,47],"current_hp_per_floor":[74,59,56,56,56,56,56,56,56,56,56,51,51,51,51,54,75,74,75,68,68,53,53,60,60,60,67,67,40,40,40,40,29,75,51,51,31,40,37,37,37,37,37,37,37,37,37,13,13,37],"gold":100,"neow_bonus":"RANDOM_COLORLESS","is_daily":false,"chose_seed":false,"campfire_upgraded":13,"win_rate":0.0,"timestamp":1608726637,"path_taken":["M","?","M","M","M","R","M","R","T","M","M","M","R","$","R","BOSS","M","M","M","?","M","R","?","R","T","M","R","?","?","$","R","BOSS","M","M","M","M","M","R","?","R","T","R","?","R","?","M","R","BOSS"],"items_purchased_type":["Card","Card","Card","Potion","Relic"],"build_version":"2020-12-22","purchased_purges":3,"victory":true,"max_hp_per_floor":[75,75,75,75,75,75,75,75,75,75,75,75,75,75,75,75,75,75,75,75,75,75,75,75,75,75,75,75,75,75,75,75,75,75,75,75,75,75,75,75,75,75,75,75,75,75,75,75,75,75],"card_choices":[{"not_picked":["Deep Breath","Good Instincts"],"picked":"Discovery","floor":0},{"not_picked":["Beam Cell","Chaos"],"picked":"Streamline","floor":1},{"not_picked":["Stack","Steam Power"],"picked":"Conserve Battery","floor":3},{"not_picked":["Auto Shields","Turbo"],"picked":"Cold Snap","floor":4},{"not_picked":["Hologram","Rebound"],"picked":"Ball Lightning","floor":5},{"not_picked":["Doom and Gloom","Skim"],"picked":"Redo","floor":7},{"not_picked":["Consume","Leap"],"picked":"Ball Lightning","floor":10},{"not_picked":["Recycle","Double Energy"],"picked":"Leap","floor":11},{"not_picked":["Force Field","All For One"],"picked":"FTL","floor":12},{"not_picked":["Thunder Strike","Buffer"],"picked":"Electrodynamics","floor":16},{"not_picked":["Stack","Steam"],"picked":"Leap","floor":18},{"not_picked":["Conserve Battery+1","Buffer"],"picked":"Coolheaded","floor":19},{"not_picked":["Skim","Gash+1"],"picked":"Redo","floor":20},{"not_picked":["Reprogram","Chill"],"picked":"Turbo+1","floor":22},{"not_picked":["Streamline","Sunder"],"picked":"Redo+1","floor":24},{"not_picked":["Darkness","Beam Cell"],"picked":"Static Discharge","floor":27},{"not_picked":["Recycle","Reprogram"],"picked":"Hologram","floor":29},{"not_picked":["Machine Learning","Reboot"],"picked":"Echo Form","floor":33},{"not_picked":["Stack","Beam Cell"],"picked":"Hologram+1","floor":35},{"not_picked":["Hello World","Chill"],"picked":"Leap","floor":36},{"not_picked":["Cold Snap","Redo"],"picked":"Defragment","floor":37},{"not_picked":["Doom and Gloom+1","Turbo"],"picked":"Aggregate+1","floor":38},{"not_picked":["Rebound","Beam Cell"],"picked":"Leap","floor":39},{"not_picked":["Violence","Secret Weapon"],"picked":"Dark Shackles","floor":45},{"not_picked":["Genetic Algorithm","Ball Lightning+1"],"picked":"Hello World","floor":48}],"player_experience":270927,"relics_obtained":[{"floor":9,"key":"Pantograph"},{"floor":24,"key":"Red Mask"},{"floor":26,"key":"MawBank"},{"floor":29,"key":"Lizard Tail"},{"floor":29,"key":"Blue Candle"},{"floor":43,"key":"War Paint"}],"event_choices":[{"damage_healed":0,"gold_gain":0,"player_choice":"Entered Light","damage_taken":15,"max_hp_gain":0,"max_hp_loss":0,"event_name":"Shining Light","floor":2,"gold_loss":0,"cards_upgraded":["Defend_B","Defend_B"]},{"damage_healed":0,"gold_gain":0,"player_choice":"Obtained Relic","damage_taken":0,"relics_obtained":["InkBottle"],"max_hp_gain":0,"max_hp_loss":0,"event_name":"Addict","floor":21,"gold_loss":85},{"damage_healed":0,"gold_gain":0,"player_choice":"Fought Bandits","damage_taken":0,"max_hp_gain":0,"max_hp_loss":0,"event_name":"Masked Bandits","floor":24,"gold_loss":0},{"damage_healed":0,"gold_gain":0,"player_choice":"Fight","damage_taken":0,"max_hp_gain":0,"max_hp_loss":0,"event_name":"Colosseum","floor":29,"gold_loss":0},{"damage_healed":0,"gold_gain":0,"player_choice":"Fought Nobs","damage_taken":0,"max_hp_gain":0,"max_hp_loss":0,"event_name":"Colosseum","floor":29,"gold_loss":0},{"damage_healed":0,"gold_gain":222,"player_choice":"Wore Mask","damage_taken":0,"max_hp_gain":0,"max_hp_loss":0,"event_name":"Tomb of Lord Red Mask","floor":41,"gold_loss":0},{"damage_healed":0,"gold_gain":0,"player_choice":"Memory 1","damage_taken":0,"max_hp_gain":0,"max_hp_loss":0,"event_name":"SensoryStone","floor":45,"gold_loss":0}],"is_beta":false,"boss_relics":[{"not_picked":["Black Star","Empty Cage"],"picked":"Coffee Dripper"},{"not_picked":["FrozenCore","Velvet Choker"],"picked":"Runic Dome"}],"items_purged_floors":[14,30,31],"is_endless":false,"potions_floor_spawned":[3,7,11,18,19,29,33,35,39,48],"ascension_level":0}}