{"host":"ymw71f7rc9ndansy","time":1608729010,"event":{"mods":["ATMod(°¢èªMod)","Act Like it!","Aspiration","BaseMod","DeckTracker","Hubris","Library of Ruina","Library of Ruina Extra","Minty Spire (QoL Compilation)","MostiFishMod","Remove Card Discount Mod","Replay The Spire","StSLib","TestMod","¡¾ÒÅÎï¿¨ÅÆ¡¿REMEMod","²ÐÁôÖ®Îï"],"gold_per_floor":[119,133,144,157,174,174,208,208,208,242,167,167,184,15,15,93,93,108,108,121,22,22,22,51,51,131,160,175,204,124,159,159,232,232,249,290,290,118,118,118],"floor_reached":39,"playtime":861,"items_purged":["LightAttack","ChargeAndCover","FocusedStrikes","Decay","LightDefense","LightDefense+1","Dodge+1","LightAttack"],"score":1083,"play_id":"850cb59a-0ec0-485d-84b2-ca35c938391e","local_time":"20201223211010","is_ascension_mode":true,"campfire_choices":[{"floor":6,"key":"REST"},{"data":"AT_MachinaRedman","floor":8,"key":"SMITH"},{"data":"MostiFishMod:Disappear","floor":15,"key":"SMITH"},{"data":"CleanUp","floor":23,"key":"SMITH"},{"data":"TieShanKao","floor":25,"key":"SMITH"},{"data":"hubris:DuctTapeCard","floor":32,"key":"SMITH"}],"circlet_count":0,"master_deck":["AscendersBane","AT_MachinaRedman+1","MostiFishMod:Disappear+1","Punishment","CleanUp+1","TieShanKao+1","Unlock1","WillOfThePrescript","IronWall","hubris:DuctTapeCard+2","BlazingStrike","Pain"],"relics":["PageOfLibrarian","testmod-TestBox","DaveBox","REME_ComplimentaryCards","AT_ATBox","ImprovedEquipment","testmod-HeartOfStrike","hubris:GlazedTorus","War Paint","Oddly Smooth Stone","testmod-Alchemist","PageOfSnowWhitesApple","GreenFoldingFan","Vajra","ReplayTheSpireMod:Ninjato","hubris:DuctTape","Sundial","Red Mask","Ring of Chaos","testmod-Justice","AT_ArchangelStaff"],"acts_visited":["Exordium","TheCity","TheBeyond"],"potions_floor_usage":[16],"damage_taken":[{"damage":7,"enemies":"Jaw Worm","floor":1,"turns":3},{"damage":10,"enemies":"Small Slimes","floor":2,"turns":2},{"damage":0,"enemies":"Cultist","floor":3,"turns":2},{"damage":0,"enemies":"Large Slime","floor":4,"turns":2},{"damage":4,"enemies":"Looter","floor":5,"turns":3},{"damage":0,"enemies":"3 Sentries","floor":7,"turns":1},{"damage":0,"enemies":"Lagavulin","floor":10,"turns":2},{"damage":0,"enemies":"Blue Slaver","floor":13,"turns":2},{"damage":13,"enemies":"Hexaghost","floor":16,"turns":8},{"damage":4,"enemies":"Spheric Guardian","floor":18,"turns":2},{"damage":6,"enemies":"Shell Parasite","floor":20,"turns":2},{"damage":4,"enemies":"Slavers","floor":24,"turns":2},{"damage":2,"enemies":"Book of Stabbing","floor":27,"turns":1},{"damage":2,"enemies":"3 Cultists","floor":28,"turns":1},{"damage":2,"enemies":"Slavers","floor":29,"turns":1},{"damage":2,"enemies":"Masked Bandits","floor":31,"turns":1},{"damage":33,"enemies":"RedHoodMercenary","floor":33,"turns":4},{"damage":2,"enemies":"Orb Walker","floor":35,"turns":1},{"damage":4,"enemies":"3 Darklings","floor":39,"turns":1}],"seed_played":"-2641252779734502114","potions_obtained":[{"floor":2,"key":"PowerPotion"},{"floor":4,"key":"Milkshake"},{"floor":5,"key":"LiquidMemories"},{"floor":13,"key":"LifebloodPotion"},{"floor":27,"key":"Dexterity Potion"}],"is_trial":false,"path_per_floor":["M","M","M","M","M","R","E","R","T","E","?","?","M","$","R","B",null,"M","?","M","$","?","R","E","R","T","E","M","E","?","?","R","B",null,"M","?","?","$","M"],"character_chosen":"Librarian","items_purchased":["PageOfSnowWhitesApple","IronWall","AT_ArchangelStaff"],"campfire_rested":1,"item_purchase_floors":[14,21,38],"current_hp_per_floor":[32,22,22,22,18,41,41,41,41,47,47,29,40,40,40,61,72,74,74,74,74,74,74,74,74,74,74,74,74,74,74,74,51,68,74,74,74,74,70,70],"gold":118,"neow_bonus":"REMOVE_TWO","is_daily":false,"chose_seed":false,"campfire_upgraded":5,"win_rate":0.0,"timestamp":1608729010,"path_taken":["M","M","M","M","M","R","E","R","T","E","?","?","M","?","R","BOSS","M","?","M","$","?","R","E","R","T","E","M","E","?","?","R","BOSS","M","?","?","$","M"],"items_purchased_type":["Relic","Card","Relic"],"build_version":"2020-12-22","purchased_purges":8,"victory":false,"max_hp_per_floor":[60,68,78,78,78,78,76,76,76,76,76,76,76,76,76,76,76,74,74,74,74,74,74,74,74,74,74,74,74,74,74,74,74,74,74,74,74,74,74,74],"card_choices":[{"not_picked":["ViolentFlame","StructuralAnalysis","Mutilate","AbsorbImpact","MultiBlock","CircusKnives","Thrust","SharpSwipe","EndlessBattle"],"picked":"SKIP","floor":1},{"not_picked":["Parry","WillBeTasty","Deflect_lor","FierceCharge","Outburst","NightInTheBackstreets","ClassAndRespect","Faith"],"picked":"RulesOfTheBackstreets","floor":2},{"not_picked":["MultiHit","GuidanceOfTheGears","ViolentFlame","SearingSword","SturdyDefense","BayonetCombat","MindPrepared","AsThePrescriptOrders"],"picked":"Punishment","floor":3},{"not_picked":["DefenseOrder","MultiBlock","InkOver","Zzzzzap","GatherIntel","Feast","Cruelty","GuidanceOfTheGears","FierceCharge"],"picked":"SKIP","floor":4},{"not_picked":["DirtyBlow","BlowItUp","ButterflySlash","DarkCloud","Retaliate","EnergyCycle","HighKick","Multislash","SinglePointStab"],"picked":"SKIP","floor":5},{"not_picked":["SunsetBlade","Bvapour","LoosenUp","FieryWaltz","TendonChords","SpearedSweep","Castigation","FleetFootsteps","Fence"],"picked":"SKIP","floor":7},{"not_picked":["CombatPreparation","SmokingPipe","Bvapour","EnergyShield","Transpierce","CircusKnives","Track","Parry"],"picked":"CleanUp","floor":10},{"not_picked":["BizarreAttack","Multislash","WillOfThePrescript","Rewind","HardRehearsal","ForTheFamily","EnergyCycle","Faith","YouOnlyLiveOnce"],"picked":"SKIP","floor":13},{"not_picked":["Castigation","FlamingDragonFist"],"picked":"TieShanKao","floor":16},{"not_picked":["ReadyUp","ScatteringSlash","HighKick","WillProduceFineSilk","Rewind","LoosenUp","Gamble","StructuralAnalysis"],"picked":"Unlock1","floor":18},{"not_picked":["UnavoidableGaze","Outburst","Standoff","CookingPrep","MultiHit","SkyClearingCut+1","ShockRound","ViolentFlame"],"picked":"WillOfThePrescript","floor":20},{"not_picked":["SilentMist","DesperateStruggle","Standoff","ExtremeEdge","StrongStrike","EnergyShield","FlamingDragonFist","SteelKnuckles+1"],"picked":"Reload+1","floor":24},{"not_picked":["FervidEmotions","MultiBlock","DefenseOrder","BackAttack","Leap_lor","GuardingStance","UnavoidableGaze","SinglePointStab","AsThePrescriptOrders"],"picked":"SKIP","floor":27},{"not_picked":["DefenseOrder","DarkCloud","WillOfThePrescript+1","SweepTheBackstreets","EnergyShield","Tttonst","ButterflySlash","Mutilate","Preparation"],"picked":"SKIP","floor":28},{"not_picked":["BizarreAttack","Unlock1","InkOver","Leap_lor","FleetFootsteps","InhaleSmoke+1","LeRegole","SuppressingShot","SunsetBlade"],"picked":"SKIP","floor":29},{"not_picked":["SilentNight","ScratchThat"],"picked":"BlazingStrike","floor":33},{"not_picked":["Thirst","WillProduceFineSilk","ICanCookAnything+1","Reload","NightInTheBackstreets","Faith","MultiHit","HiddenBlade","IronWall+1"],"picked":"SKIP","floor":35}],"player_experience":977923,"relics_obtained":[{"floor":7,"key":"hubris:GlazedTorus"},{"floor":9,"key":"War Paint"},{"floor":10,"key":"Oddly Smooth Stone"},{"floor":24,"key":"Vajra"},{"floor":26,"key":"ReplayTheSpireMod:Ninjato"},{"floor":27,"key":"hubris:DuctTape"},{"floor":29,"key":"Sundial"},{"floor":31,"key":"Red Mask"},{"floor":36,"key":"testmod-Justice"}],"event_choices":[{"cards_removed":["LightAttack"],"damage_healed":0,"gold_gain":0,"player_choice":"Card Removal","damage_taken":0,"max_hp_gain":0,"max_hp_loss":0,"event_name":"The Cleric","floor":11,"gold_loss":75},{"damage_healed":0,"gold_gain":0,"player_choice":"Success","damage_taken":18,"relics_obtained":["testmod-Alchemist"],"max_hp_gain":0,"max_hp_loss":0,"event_name":"Scrap Ooze","floor":12,"gold_loss":0},{"damage_healed":0,"gold_gain":0,"player_choice":"Smashed Altar","damage_taken":0,"max_hp_gain":0,"max_hp_loss":0,"event_name":"Forgotten Altar","floor":19,"gold_loss":0,"cards_obtained":["Decay"]},{"damage_healed":0,"gold_gain":0,"player_choice":"Fought Bandits","damage_taken":0,"max_hp_gain":0,"max_hp_loss":0,"event_name":"Masked Bandits","floor":31,"gold_loss":0},{"damage_healed":0,"gold_gain":0,"player_choice":"Got Potions","damage_taken":0,"max_hp_gain":0,"max_hp_loss":0,"event_name":"Lab","floor":37,"gold_loss":0}],"is_beta":false,"boss_relics":[{"not_picked":["Tiny House","hubris:BlackHole"],"picked":"GreenFoldingFan"},{"not_picked":["testmod-BatchProcessingSystem","Kintsugi"],"picked":"Ring of Chaos"}],"items_purged_floors":[14,14,14,21,21,21,21,21],"is_endless":false,"potions_floor_spawned":[2,4,5,13,27,28,29,35],"killed_by":"3 Darklings","ascension_level":18}}