{"host":"o0q01dgb4z8zpo6o","time":1608685323,"event":{"mods":["BaseMod","GifTheSpireLib","Minty Spire (QoL Compilation)","Relic Stats","StSLib"],"gold_per_floor":[11,29,179,198,0,0,30,30,30,49,49,59,59,73,73,149,149,162,177,177,177,97,128,141,141,141,141,241,253,271,171,171,246,246,266,285,285,165,178,178,178,178],"floor_reached":41,"playtime":6463,"items_purged":["Doubt","Pain","Strike_B","Strike_B"],"score":833,"play_id":"acaf0587-ac42-497d-bf3e-493512500854","local_time":"20201222170203","is_ascension_mode":true,"campfire_choices":[{"data":"Sunder","floor":6.0,"key":"SMITH"},{"data":"Darkness","floor":8.0,"key":"SMITH"},{"data":"Doom and Gloom","floor":11.0,"key":"SMITH"},{"floor":13.0,"key":"REST"},{"data":"Glacier","floor":15.0,"key":"SMITH"},{"data":"Coolheaded","floor":25.0,"key":"SMITH"},{"data":"Ghostly","floor":27.0,"key":"SMITH"},{"data":"Ghostly","floor":32.0,"key":"SMITH"},{"data":"Hologram","floor":40,"key":"SMITH"}],"circlet_count":0,"master_deck":["AscendersBane","Strike_B","Strike_B","Defend_B","Defend_B","Defend_B","Defend_B","Zap","Dualcast","Darkness+1","Ball Lightning","Sweeping Beam","Glacier+1","Sunder+1","Hologram+1","Doom and Gloom+1","Conserve Battery","Rainbow","Coolheaded+1","Ghostly+1","Ghostly+1","Ghostly","Glacier","Compile Driver+1","Rainbow"],"relics":["Cracked Core","Ginger","The Courier","MealTicket","Busted Crown","WarpedTongs","Vajra","Juzu Bracelet","Lizard Tail","StrikeDummy","Cursed Key"],"acts_visited":["Exordium","TheCity","TheBeyond"],"potions_floor_usage":[41,41],"damage_taken":[{"damage":0.0,"enemies":"Cultist","floor":1.0,"turns":3.0},{"damage":13.0,"enemies":"Small Slimes","floor":2.0,"turns":3.0},{"damage":0.0,"enemies":"2 Louse","floor":4.0,"turns":2.0},{"damage":15.0,"enemies":"3 Sentries","floor":7.0,"turns":7.0},{"damage":0.0,"enemies":"Exordium Wildlife","floor":10.0,"turns":1.0},{"damage":16.0,"enemies":"Lots of Slimes","floor":12.0,"turns":3.0},{"damage":0.0,"enemies":"3 Louse","floor":14.0,"turns":1.0},{"damage":0.0,"enemies":"Slime Boss","floor":16.0,"turns":5.0},{"damage":0.0,"enemies":"Spheric Guardian","floor":18.0,"turns":3.0},{"damage":15.0,"enemies":"3 Byrds","floor":19.0,"turns":4.0},{"damage":4.0,"enemies":"Gremlin Leader","floor":23.0,"turns":6.0},{"damage":0.0,"enemies":"3 Cultists","floor":24.0,"turns":5.0},{"damage":11.0,"enemies":"Colosseum Slavers","floor":28.0,"turns":3.0},{"damage":1.0,"enemies":"Colosseum Nobs","floor":28.0,"turns":6.0},{"damage":0.0,"enemies":"Chosen and Byrds","floor":29.0,"turns":6.0},{"damage":0.0,"enemies":"Cultist and Chosen","floor":30.0,"turns":4.0},{"damage":34.0,"enemies":"Collector","floor":33.0,"turns":12.0},{"damage":4.0,"enemies":"Orb Walker","floor":35.0,"turns":3.0},{"damage":0.0,"enemies":"3 Darklings","floor":36.0,"turns":4.0},{"damage":1,"enemies":"Spire Growth","floor":39,"turns":6},{"damage":94,"enemies":"Giant Head","floor":41,"turns":10}],"seed_played":"8058116407172692377","potions_obtained":[{"floor":1.0,"key":"Fruit Juice"},{"floor":2.0,"key":"Swift Potion"},{"floor":10.0,"key":"BlessingOfTheForge"},{"floor":16.0,"key":"SpeedPotion"},{"floor":29.0,"key":"FocusPotion"},{"floor":30.0,"key":"FocusPotion"},{"floor":33.0,"key":"SpeedPotion"},{"floor":39,"key":"SkillPotion"}],"is_trial":false,"path_per_floor":["M","M","?","M","$","R","E","R","T","M","R","M","R","M","R","B",null,"M","M","?","?","$","E","M","R","T","R","?","M","M","$","R","B",null,"M","M","?","$","M","R","E"],"character_chosen":"DEFECT","items_purchased":["Glacier","Sunder"],"campfire_rested":1,"item_purchase_floors":[5,5],"current_hp_per_floor":[64,51,51,51,51,51,36,36,36,41,41,25,47,47,47,47,69,69,54,38,38,38,34,34,34,34,34,22,22,22,37,37,3,29,25,25,25,36,35,35,0,0],"gold":178,"neow_bonus":"ONE_RARE_RELIC","is_daily":false,"chose_seed":false,"campfire_upgraded":8,"win_rate":0.0,"timestamp":1608685323,"path_taken":["M","?","?","M","$","R","E","R","T","M","R","M","R","M","R","BOSS","M","M","?","?","$","E","M","R","T","R","?","M","M","$","R","BOSS","M","M","?","$","M","R","E"],"items_purchased_type":["Card","Card"],"build_version":"2020-12-13","purchased_purges":4,"victory":false,"max_hp_per_floor":[71,71,71,71,71,71,71,71,71,76,76,76,76,76,76,76,76,76,76,38,38,38,38,38,38,38,38,38,38,38,38,38,38,38,38,38,36,36,36,36,36,36],"relic_stats":{"Lizard Tail":18,"Busted Crown":22,"counters":[21,97],"MealTicket":26,"Juzu Bracelet":1,"Ginger":[15],"Cursed Key":0,"obtain_stats":[{"Lizard Tail":28,"Busted Crown":17,"Vajra":23,"MealTicket":9,"The Courier":7,"Juzu Bracelet":26,"Ginger":0,"Cracked Core":0,"StrikeDummy":28,"Cursed Key":34,"WarpedTongs":21},{"Lizard Tail":14,"Busted Crown":8,"Vajra":11,"MealTicket":4,"The Courier":4,"Juzu Bracelet":12,"Ginger":0,"Cracked Core":0,"StrikeDummy":14,"Cursed Key":17,"WarpedTongs":10},{"Lizard Tail":52,"Busted Crown":25,"Vajra":38,"MealTicket":15,"The Courier":15,"Juzu Bracelet":43,"Ginger":0,"Cracked Core":0,"StrikeDummy":52,"Cursed Key":74,"WarpedTongs":32}],"WarpedTongs":[62]},"card_choices":[{"not_picked":["Hello World","Gash"],"picked":"Darkness","floor":1.0},{"not_picked":["Loop","Steam"],"picked":"Ball Lightning","floor":2.0},{"not_picked":["Ball Lightning","Static Discharge"],"picked":"Sweeping Beam","floor":4.0},{"not_picked":["Reinforced Body","Leap"],"picked":"Hologram","floor":7.0},{"not_picked":["Turbo","Genetic Algorithm"],"picked":"Doom and Gloom","floor":10.0},{"not_picked":["Chill","Redo","Beam Cell"],"picked":"SKIP","floor":12.0},{"not_picked":["Doom and Gloom","Tempest"],"picked":"Conserve Battery","floor":14.0},{"not_picked":["Hyperbeam","Multi-Cast"],"picked":"Rainbow","floor":16.0},{"not_picked":[],"picked":"Coolheaded","floor":18.0},{"not_picked":["Gash+1"],"picked":"SKIP","floor":19.0},{"not_picked":["Gash+1"],"picked":"SKIP","floor":19.0},{"not_picked":["Cold Snap"],"picked":"SKIP","floor":23.0},{"not_picked":[],"picked":"Glacier","floor":24.0},{"not_picked":[],"picked":"Compile Driver+1","floor":29.0},{"not_picked":["Sweeping Beam"],"picked":"SKIP","floor":30.0},{"not_picked":[],"picked":"Rainbow","floor":33.0},{"not_picked":["Ball Lightning"],"picked":"SKIP","floor":35.0},{"not_picked":["Redo"],"picked":"SKIP","floor":36.0},{"not_picked":["Steam Power"],"picked":"SKIP","floor":39}],"player_experience":1019866,"relics_obtained":[{"floor":7.0,"key":"The Courier"},{"floor":9.0,"key":"MealTicket"},{"floor":23.0,"key":"Vajra"},{"floor":26.0,"key":"Juzu Bracelet"},{"floor":28.0,"key":"Lizard Tail"},{"floor":28.0,"key":"StrikeDummy"}],"event_choices":[{"damage_healed":0.0,"max_hp_gain":0.0,"max_hp_loss":0.0,"gold_gain":150.0,"event_name":"Liars Game","player_choice":"AGREE","floor":3.0,"gold_loss":0.0,"damage_taken":0.0,"cards_obtained":["Doubt"]},{"damage_healed":0.0,"max_hp_gain":0.0,"max_hp_loss":38.0,"gold_gain":0.0,"event_name":"Ghosts","player_choice":"Became a Ghost","floor":20.0,"gold_loss":0.0,"damage_taken":0.0,"cards_obtained":["Ghostly","Ghostly","Ghostly"]},{"damage_healed":0.0,"max_hp_gain":0.0,"max_hp_loss":0.0,"gold_gain":0.0,"event_name":"Accursed Blacksmith","player_choice":"Rummage","floor":21.0,"gold_loss":0.0,"damage_taken":0.0,"relics_obtained":["WarpedTongs"],"cards_obtained":["Pain"]},{"damage_healed":0.0,"max_hp_gain":0.0,"max_hp_loss":0.0,"gold_gain":0.0,"event_name":"Colosseum","player_choice":"Fight","floor":28.0,"gold_loss":0.0,"damage_taken":0.0},{"damage_healed":0.0,"max_hp_gain":0.0,"max_hp_loss":0.0,"gold_gain":0.0,"event_name":"Colosseum","player_choice":"Fought Nobs","floor":28.0,"gold_loss":0.0,"damage_taken":0.0},{"damage_healed":0.0,"max_hp_gain":0.0,"max_hp_loss":2.0,"gold_gain":0.0,"event_name":"Winding Halls","player_choice":"Max HP","floor":37.0,"gold_loss":0.0,"damage_taken":0.0}],"is_beta":false,"boss_relics":[{"not_picked":["Pandora\u0027s Box","Calling Bell"],"picked":"Busted Crown"},{"not_picked":["Black Star","Sozu"],"picked":"Cursed Key"}],"items_purged_floors":[5,22,31,38],"is_endless":false,"potions_floor_spawned":[1,2,10,16,18,19,29,30,33,39],"killed_by":"Giant Head","ascension_level":16}}