{"host":"3j2m8n0ywf988fwb","time":1608753961,"event":{"mods":["BaseMod","Colored Map","Colored Powertips","Downfall","Highlight Path","Minty Spire (QoL Compilation)","StSLib"],"gold_per_floor":[99,99,99,99,99,99,99,99,99,99,9,9,9,0,0,0,0,0],"floor_reached":16,"playtime":637,"items_purged":["Regret"],"score":90,"play_id":"1841e87e-aeb0-4e4e-bc1a-4e0e35a1b9ca","local_time":"20201223140601","is_ascension_mode":false,"campfire_choices":[{"floor":1,"key":"RECALL"},{"data":"champ:Taunt","floor":13,"key":"SMITH"}],"circlet_count":0,"master_deck":["champ:Strike","champ:Strike","champ:Strike","champ:Defend","champ:Defend","champ:Defend","champ:Defend","champ:Execute","champ:Taunt+1","champ:BerserkerStyle","champ:Aggression","Slimebound:Icky","champ:EndlessRage+1","champ:Control","champ:RisingSlash","champ:EnGarde"],"relics":["downfall:Hecktoplasm","CeramicFish","Centennial Puzzle","Vajra","downfall:HeartBlessingRed"],"acts_visited":["Exordium"],"potions_floor_usage":[11,16],"damage_taken":[{"damage":5,"enemies":"Cultist","floor":2,"turns":3},{"damage":7,"enemies":"Jaw Worm","floor":3,"turns":4},{"damage":10,"enemies":"Small Slimes","floor":9,"turns":4},{"damage":19,"enemies":"Red Slaver","floor":10,"turns":6},{"damage":17,"enemies":"downfall:FleeingMerchant","floor":11,"turns":4},{"damage":25,"enemies":"downfall:FleeingMerchant","floor":14,"turns":4},{"damage":9,"enemies":"Large Slime","floor":15,"turns":2},{"damage":70,"enemies":"downfall:Defect","floor":16,"turns":5}],"seed_played":"3714767111368520028","potions_obtained":[{"floor":2,"key":"champ:CounterPotion"},{"floor":10,"key":"PowerPotion"},{"floor":15,"key":"BlessingOfTheForge"}],"is_trial":false,"path_per_floor":["R","M","M","?","?","?","T","T","M","M","$","?","R","$","M","B"],"character_chosen":"THE_CHAMP","items_purchased":[],"campfire_rested":0,"item_purchase_floors":[],"current_hp_per_floor":[90,90,86,86,86,86,86,86,81,73,61,61,61,56,56,0,0,0],"gold":0,"neow_bonus":"BOSS_RELIC","is_daily":false,"chose_seed":false,"campfire_upgraded":1,"win_rate":0.0,"timestamp":1608753961,"path_taken":["R","M","?","?","?","?","T","?","M","?","$","?","R","$","M","BOSS"],"items_purchased_type":[],"build_version":"2020-12-22","purchased_purges":1,"victory":false,"max_hp_per_floor":[90,90,90,90,90,90,90,90,90,90,90,90,90,90,90,90,90,90],"card_choices":[{"not_picked":["champ:GladiatorsShout","champ:GutPunch"],"picked":"champ:BerserkerStyle","floor":2},{"not_picked":["champ:FlashCut","champ:TornadoPunch"],"picked":"champ:Aggression","floor":3},{"not_picked":["champ:BerserkersShout","champ:Haymaker"],"picked":"champ:EndlessRage","floor":9},{"not_picked":["champ:Circumvent","champ:AdrenalArmor"],"picked":"champ:Control","floor":10},{"not_picked":["champ:Riposte","champ:StanceDance"],"picked":"champ:RisingSlash","floor":11},{"not_picked":["champ:GladiatorsShout","champ:ArenaPreparation","champ:GutPunch"],"picked":"SKIP","floor":14},{"not_picked":["champ:Aggression","champ:FlashCut"],"picked":"champ:EnGarde","floor":15}],"player_experience":945074,"relics_obtained":[{"floor":7,"key":"Centennial Puzzle"},{"floor":8,"key":"Vajra"}],"event_choices":[{"cards_removed":["champ:Strike"],"damage_healed":0,"gold_gain":0,"player_choice":"Card Removal","damage_taken":0,"max_hp_gain":0,"max_hp_loss":0,"event_name":"The Cleric","floor":4,"gold_loss":0},{"damage_healed":0,"gold_gain":0,"player_choice":"Box","damage_taken":0,"relics_obtained":["CeramicFish"],"max_hp_gain":0,"max_hp_loss":0,"event_name":"Big Fish","floor":6,"gold_loss":0,"cards_obtained":["Regret"]},{"damage_healed":0,"gold_gain":0,"player_choice":"Forge","damage_taken":0,"max_hp_gain":0,"max_hp_loss":0,"event_name":"Accursed Blacksmith","floor":12,"gold_loss":0,"cards_upgraded":["champ:EndlessRage"]}],"is_beta":false,"boss_relics":[],"items_purged_floors":[11],"is_endless":false,"potions_floor_spawned":[2,10,15],"killed_by":"downfall:Defect","ascension_level":0}}