{"host":"x565ttcahk6mfbvs","time":1608728361,"event":{"mods":["AchievementEnabler","BaseMod","BetterRewards","Downfall","Minty Spire (QoL Compilation)","Permanent Neow","Remove Card Discount Mod","StSLib"],"gold_per_floor":[99,99,199,23,23,23,23,123,48,63,74,174,224,274,330,330,330,330],"floor_reached":16,"playtime":557,"items_purged":["hexamod:Strike","hexamod:Strike"],"score":88,"play_id":"f6d0fb4c-85ff-4706-a66f-edf1cdea8edf","local_time":"20201223065921","is_ascension_mode":false,"campfire_choices":[{"floor":1,"key":"RECALL"},{"data":"hexamod:EmpoweredFlame","floor":6,"key":"SMITH"},{"floor":9,"key":"REST"}],"circlet_count":0,"master_deck":["hexamod:Strike","hexamod:Strike","hexamod:Defend","hexamod:Defend","hexamod:Defend","hexamod:Defend","hexamod:Sear","hexamod:Float","hexamod:EmpoweredFlame+1","hexamod:SwordOfDarkness","HandOfGreed","hexamod:EmpoweredFlame","hexamod:SpectersWail","hexamod:DynamicBlow+1","hexamod:StepThrough","Parasite","hexamod:GhostOfSpirePresent"],"relics":["hexamod:SpiritBrand","downfall:HeartsMalice","Pocketwatch","downfall:CloakOfManyFaces","CultistMask","FaceOfCleric","NlothsMask","GremlinMask","SsserpentHead","downfall:HeartBlessingRed"],"acts_visited":["Exordium"],"potions_floor_usage":[11,16],"damage_taken":[{"damage":0,"enemies":"2 Louse","floor":2,"turns":1},{"damage":0,"enemies":"downfall:FleeingMerchant","floor":4,"turns":1},{"damage":0,"enemies":"Small Slimes","floor":5,"turns":1},{"damage":25,"enemies":"downfall:FaceTrader","floor":8,"turns":6},{"damage":0,"enemies":"Cultist","floor":10,"turns":3},{"damage":7,"enemies":"Blue Slaver","floor":11,"turns":3},{"damage":21,"enemies":"2 Fungi Beasts","floor":12,"turns":4},{"damage":21,"enemies":"Exordium Thugs","floor":15,"turns":5},{"damage":57,"enemies":"downfall:Defect","floor":16,"turns":5}],"seed_played":"8244672836035544181","potions_obtained":[{"floor":8,"key":"Energy Potion"},{"floor":12,"key":"Strength Potion"}],"is_trial":false,"path_per_floor":["R","M","?","$","M","R","T","?","R","M","M","M","?","?","M","B"],"character_chosen":"THE_SPIRIT","items_purchased":["HandOfGreed"],"campfire_rested":1,"item_purchase_floors":[4],"current_hp_per_floor":[70,70,70,70,70,70,70,45,66,67,61,41,41,59,39,0,0,0],"gold":330,"neow_bonus":"THREE_ENEMY_KILL","is_daily":false,"chose_seed":false,"campfire_upgraded":1,"win_rate":0.0,"timestamp":1608728361,"path_taken":["R","M","?","$","M","R","T","?","R","M","M","?","?","?","M","BOSS"],"items_purchased_type":["Card"],"build_version":"2020-12-22","purchased_purges":2,"victory":false,"max_hp_per_floor":[70,70,70,70,70,70,70,70,70,71,72,73,73,73,74,74,74,74],"card_choices":[{"not_picked":["hexamod:InspiringFlames","hexamod:Haunt"],"picked":"hexamod:EmpoweredFlame","floor":2},{"not_picked":["hexamod:NecessarySacrifice","hexamod:BacktrackSmack"],"picked":"hexamod:SwordOfDarkness","floor":4},{"not_picked":["hexamod:BurningTouch","hexamod:ExtraCrispy"],"picked":"hexamod:EmpoweredFlame","floor":5},{"not_picked":["hexamod:ChargedBarrage","hexamod:ShieldOfDarkness"],"picked":"hexamod:SpectersWail","floor":8},{"not_picked":["hexamod:NightmareGuise","hexamod:PhantomFireball","hexamod:NecessarySacrifice"],"picked":"SKIP","floor":10},{"not_picked":["hexamod:NightmareStrike","hexamod:FastForward"],"picked":"hexamod:DynamicBlow","floor":11},{"not_picked":["hexamod:SpectralAdrenaline","hexamod:SpectersWail"],"picked":"hexamod:StepThrough","floor":12},{"not_picked":["hexamod:GhostLash","hexamod:SpectersWail"],"picked":"hexamod:GhostOfSpirePresent","floor":15}],"player_experience":276976,"relics_obtained":[{"floor":7,"key":"Pocketwatch"},{"floor":8,"key":"downfall:CloakOfManyFaces"}],"event_choices":[{"damage_healed":0,"gold_gain":0,"player_choice":"Grow","damage_taken":0,"max_hp_gain":0,"max_hp_loss":0,"event_name":"Living Wall","floor":13,"gold_loss":0,"cards_upgraded":["hexamod:DynamicBlow"]},{"damage_healed":18,"gold_gain":0,"player_choice":"Healed and dodged fight","damage_taken":0,"max_hp_gain":0,"max_hp_loss":0,"event_name":"Mushrooms","floor":14,"gold_loss":0,"cards_obtained":["Parasite"]}],"is_beta":false,"boss_relics":[],"items_purged_floors":[4,4],"is_endless":false,"potions_floor_spawned":[8,12],"killed_by":"downfall:Defect","ascension_level":0}}