{"host":"94aus4jnk6thj94q","time":1608722011,"event":{"mods":["BaseMod","Minty Spire (QoL Compilation)","Quick Restart","StSLib"],"gold_per_floor":[113,129,59,59,77,77,96,96,123,155,170,170,75,89,89,185,185,201,201,217,229,247,247,259,259,305,323,323,323,323,334,334,432,432,452,471,471,483,483],"floor_reached":38,"playtime":1875,"items_purged":[],"score":384,"play_id":"8fc178ac-a2f5-42ec-9e65-fe417c449112","local_time":"20201223131331","is_ascension_mode":false,"campfire_choices":[{"floor":6.0,"key":"REST"},{"data":"Zap","floor":8.0,"key":"SMITH"},{"floor":12.0,"key":"REST"},{"floor":15.0,"key":"RECALL"},{"floor":23.0,"key":"REST"},{"floor":25.0,"key":"REST"},{"floor":28.0,"key":"REST"},{"floor":30.0,"key":"REST"},{"floor":32.0,"key":"REST"}],"circlet_count":0,"master_deck":["Strike_B","Strike_B","Strike_B","Strike_B","Defend_B","Defend_B","Defend_B","Defend_B","Zap+1","Dualcast","Doom and Gloom","Tempest","Melter","Pain","Doom and Gloom","Glacier","Ball Lightning","Consume","Cold Snap","Conserve Battery","Blizzard","Chaos","Rainbow","Defragment","Defragment+1","Melter","CurseOfTheBell","Redo","Electrodynamics"],"relics":["Cracked Core","WarpedTongs","Toy Ornithopter","Dream Catcher","Velvet Choker","Tiny Chest","Calling Bell","Juzu Bracelet","Mercury Hourglass","Prayer Wheel"],"acts_visited":["Exordium","TheCity","TheBeyond"],"potions_floor_usage":[],"damage_taken":[{"damage":0.0,"enemies":"Small Slimes","floor":1.0,"turns":3.0},{"damage":0.0,"enemies":"Cultist","floor":2.0,"turns":3.0},{"damage":11.0,"enemies":"Jaw Worm","floor":5.0,"turns":2.0},{"damage":8.0,"enemies":"Looter","floor":7.0,"turns":3.0},{"damage":16.0,"enemies":"Gremlin Nob","floor":10.0,"turns":3.0},{"damage":0.0,"enemies":"Lots of Slimes","floor":11.0,"turns":1.0},{"damage":2.0,"enemies":"2 Fungi Beasts","floor":14.0,"turns":3.0},{"damage":6.0,"enemies":"Slime Boss","floor":16.0,"turns":7.0},{"damage":25.0,"enemies":"2 Thieves","floor":18.0,"turns":3.0},{"damage":0.0,"enemies":"Spheric Guardian","floor":20.0,"turns":1.0},{"damage":11.0,"enemies":"Cultist and Chosen","floor":21.0,"turns":5.0},{"damage":32.0,"enemies":"Shelled Parasite and Fungi","floor":22.0,"turns":5.0},{"damage":26.0,"enemies":"Centurion and Healer","floor":24.0,"turns":8.0},{"damage":20.0,"enemies":"Chosen and Byrds","floor":27.0,"turns":4.0},{"damage":9.0,"enemies":"Cultist and Chosen","floor":31.0,"turns":6.0},{"damage":59.0,"enemies":"Automaton","floor":33.0,"turns":10.0},{"damage":2.0,"enemies":"Orb Walker","floor":35.0,"turns":3.0},{"damage":10.0,"enemies":"3 Shapes","floor":36.0,"turns":3.0},{"damage":0.0,"enemies":"Writhing Mass","floor":37.0,"turns":1.0},{"damage":72.0,"enemies":"Maw","floor":38.0,"turns":10.0}],"seed_played":"7119083885265885548","potions_obtained":[{"floor":0.0,"key":"Dexterity Potion"},{"floor":0.0,"key":"Fruit Juice"},{"floor":0.0,"key":"Strength Potion"},{"floor":7.0,"key":"Strength Potion"},{"floor":10.0,"key":"EssenceOfSteel"},{"floor":16.0,"key":"SteroidPotion"},{"floor":20.0,"key":"SteroidPotion"},{"floor":27.0,"key":"Dexterity Potion"},{"floor":33.0,"key":"Swift Potion"},{"floor":35.0,"key":"SmokeBomb"},{"floor":38,"key":"EssenceOfDarkness"}],"is_trial":false,"path_per_floor":["M","M","$","?","M","R","M","R","T","E","M","R","$","M","R","B",null,"M","?","M","M","M","R","M","R","T","M","R","?","R","M","R","B",null,"M","M","M","M"],"character_chosen":"DEFECT","items_purchased":["Melter","Conserve Battery","Blizzard"],"campfire_rested":7,"item_purchase_floors":[3,13,13],"current_hp_per_floor":[75,75,75,75,64,75,67,67,67,56,56,75,75,73,73,69,75,50,50,50,39,22,46,20,44,44,24,48,48,72,63,80,26,80,78,68,73,1,1],"gold":483,"neow_bonus":"THREE_SMALL_POTIONS","is_daily":false,"chose_seed":false,"campfire_upgraded":1,"win_rate":0.0,"timestamp":1608722011,"path_taken":["M","M","$","?","M","R","M","R","T","E","?","R","$","M","R","BOSS","M","?","M","M","M","R","M","R","T","M","R","?","R","M","R","BOSS","M","M","M","M"],"items_purchased_type":["Card","Card","Card"],"build_version":"2020-12-13","purchased_purges":0,"victory":false,"max_hp_per_floor":[75,75,75,75,75,75,75,75,75,75,75,75,75,75,75,75,75,75,75,75,75,80,80,80,80,80,80,80,80,80,80,80,80,80,80,80,80,80,80],"card_choices":[{"not_picked":["Chaos","Ball Lightning"],"picked":"Doom and Gloom","floor":1.0},{"not_picked":["Go for the Eyes","Heatsinks"],"picked":"Tempest","floor":2.0},{"not_picked":["Hologram","Auto Shields"],"picked":"Doom and Gloom","floor":5.0},{"not_picked":["Melter","Conserve Battery"],"picked":"Glacier","floor":7.0},{"not_picked":["Coolheaded","Loop"],"picked":"Ball Lightning","floor":10.0},{"not_picked":["Ball Lightning","Streamline"],"picked":"Consume","floor":11.0},{"not_picked":["Leap","Beam Cell"],"picked":"Cold Snap","floor":12.0},{"not_picked":["Hologram","Gash"],"picked":"Chaos","floor":14.0},{"not_picked":["Meteor Strike","Fission"],"picked":"Rainbow","floor":16.0},{"not_picked":["Go for the Eyes","White Noise","Doom and Gloom"],"picked":"SKIP","floor":18.0},{"not_picked":["Hello World","Compile Driver","Gash"],"picked":"SKIP","floor":20.0},{"not_picked":["Conserve Battery","Cold Snap"],"picked":"Defragment","floor":21.0},{"not_picked":["Chaos","Streamline","Beam Cell+1"],"picked":"SKIP","floor":22.0},{"not_picked":["Stack","Streamline+1"],"picked":"Defragment+1","floor":23.0},{"not_picked":["Beam Cell","Streamline","Recycle"],"picked":"SKIP","floor":24.0},{"not_picked":["Heatsinks","Chaos","Coolheaded"],"picked":"SKIP","floor":27.0},{"not_picked":["Fission","Conserve Battery"],"picked":"Melter","floor":31.0},{"not_picked":["Double Energy+1","Undo+1","Rebound"],"picked":"SKIP","floor":35.0},{"not_picked":["Genetic Algorithm","Leap+1","Barrage+1"],"picked":"SKIP","floor":35.0},{"not_picked":["Streamline","Undo+1"],"picked":"Redo","floor":36.0},{"not_picked":["Ball Lightning+1","Reprogram+1","Gash+1"],"picked":"SKIP","floor":36.0},{"not_picked":["Stack+1","Go for the Eyes+1"],"picked":"Electrodynamics","floor":38},{"not_picked":["Sweeping Beam","Redo","Gash"],"picked":"SKIP","floor":38}],"player_experience":5627986,"relics_obtained":[{"floor":9.0,"key":"Toy Ornithopter"},{"floor":10.0,"key":"Dream Catcher"},{"floor":26.0,"key":"Tiny Chest"},{"floor":34.0,"key":"Juzu Bracelet"},{"floor":34.0,"key":"Mercury Hourglass"},{"floor":34.0,"key":"Prayer Wheel"}],"event_choices":[{"damage_healed":0.0,"max_hp_gain":0.0,"max_hp_loss":0.0,"gold_gain":0.0,"event_name":"Accursed Blacksmith","player_choice":"Rummage","floor":4.0,"gold_loss":0.0,"damage_taken":0.0,"relics_obtained":["WarpedTongs"],"cards_obtained":["Pain"]},{"damage_healed":0.0,"max_hp_gain":0.0,"max_hp_loss":0.0,"gold_gain":0.0,"event_name":"Ghosts","player_choice":"Ignored","floor":19.0,"gold_loss":0.0,"damage_taken":0.0},{"damage_healed":0.0,"max_hp_gain":0.0,"max_hp_loss":0.0,"gold_gain":0.0,"event_name":"Cursed Tome","player_choice":"Ignored","floor":29.0,"gold_loss":0.0,"damage_taken":0.0}],"is_beta":false,"boss_relics":[{"not_picked":["Pandora\u0027s Box","Ectoplasm"],"picked":"Velvet Choker"},{"not_picked":["SlaversCollar","Empty Cage"],"picked":"Calling Bell"}],"items_purged_floors":[],"is_endless":false,"potions_floor_spawned":[1,7,10,14,16,20,27,33,35,38],"killed_by":"Maw","ascension_level":0}}