{"host":"hlo0wt5fjlilsn9r","time":1608744651,"event":{"mods":["AchievementEnabler","Aspiration","Bard","BaseMod","Beaked The Cultist","Better Altar","Better Match","Better Note","Better Sensory Stone","Better Skull","Better Third Choice","BetterRewards","CCEM","Colored Map","Conspire","Downfall","Friendly Minions","GifTheSpireLib","Halation","Hermit","Highlight Path","Hubris","Hunter ?人","Jedi Mod","Jorbs\u0027s Wanderer Trilogy","Kiyohime（清?）","Mad Scientist","Marisa（霧雨　魔理沙）","Mimic Mod","Minty Spire (QoL Compilation)","Permanent Neow","Replay The Spire","Shade Mod","Spicy Shops","StSLib","Stuff the Spire","Td1madao Mod","The Administrix","The Blackbeard","The Bug Knight","The Construct","The Cursed","The Disciple","The Gatherer","The Hierophant","The Mystic","The Necromancer","The Runesmith","The Servant 0.9.4","The Spell Scribe","The Witch","Unceasing Turn Reminder"],"gold_per_floor":[114,114,225,244,262,262,274,284,284,78,93,119,131,131,131,131,131],"floor_reached":16,"playtime":1200,"items_purged":["Strike_S"],"score":104,"play_id":"aa9c7c5d-92e0-4846-8646-30a26a8fbe8e","local_time":"20201223093051","is_ascension_mode":false,"campfire_choices":[{"data":"MoonPhase","floor":6.0,"key":"SMITH"}],"circlet_count":0,"master_deck":["Strike_S","Strike_S","Strike_S","Defend_S+1","Defend_S","Defend_S","KidneyShot","Exchange","Revamp","Spin","MoonPhase+1","Rewind","Alleviate","Unruled","Revamp","Defy","Read"],"relics":["Uniform","Runesmith:AutoHammer","Quantum Egg","Bronze Scales","CCEMRelics:Sandal","FaceOfCleric"],"acts_visited":["Exordium"],"potions_floor_usage":[],"damage_taken":[{"damage":1.0,"enemies":"conspire:RoseBush","floor":1.0,"turns":6.0},{"damage":0.0,"enemies":"Cultist","floor":4.0,"turns":4.0},{"damage":3.0,"enemies":"Jaw Worm","floor":5.0,"turns":3.0},{"damage":0.0,"enemies":"Large Slime","floor":7.0,"turns":5.0},{"damage":9.0,"enemies":"Red Slaver","floor":8.0,"turns":4.0},{"damage":0.0,"enemies":"Blue Slaver","floor":11.0,"turns":4.0},{"damage":23.0,"enemies":"Gremlin Nob","floor":12.0,"turns":5.0},{"damage":0,"enemies":"conspire:2 RoseBushes","floor":13,"turns":5},{"damage":26,"enemies":"Slime Boss","floor":16,"turns":3}],"seed_played":"9199353304758705651","potions_obtained":[{"floor":7.0,"key":"SpeedPotion"},{"floor":8.0,"key":"SteroidPotion"},{"floor":13,"key":"construct:ShiftPotion"}],"is_trial":false,"path_per_floor":["M","?","?","M","M","R","M","M","T","$","M","E","M","?","R_BF","B"],"character_chosen":"THE_SERVANT","items_purchased":["Unruled","Bronze Scales"],"campfire_rested":0,"item_purchase_floors":[10,10],"current_hp_per_floor":[64,64,47,47,44,44,44,35,35,35,35,12,12,12,12,0,0],"gold":131,"neow_bonus":"RANDOM_COMMON_RELIC","is_daily":false,"chose_seed":false,"campfire_upgraded":1,"win_rate":0.0,"timestamp":1608744651,"path_taken":["M","?","?","M","M","R","?","M","T","$","M","E","M","?","R_BF","BOSS"],"items_purchased_type":["Card","Relic"],"build_version":"2020-12-22","purchased_purges":1,"victory":false,"max_hp_per_floor":[65,65,65,65,65,65,65,65,65,65,65,65,65,65,65,65,65],"card_choices":[{"not_picked":["Rewind","Contraction"],"picked":"Revamp","floor":1.0},{"not_picked":["Alleviate","Shuttle"],"picked":"Spin","floor":4.0},{"not_picked":["TimeWarp","Unruled"],"picked":"MoonPhase","floor":5.0},{"not_picked":["Barrier","Reset","Rewind"],"picked":"SKIP","floor":7.0},{"not_picked":["Barrier","Reset"],"picked":"Rewind","floor":7.0},{"not_picked":["TimeWarp","Rewind"],"picked":"Alleviate","floor":8.0},{"not_picked":["Unruled","ReturningBlade"],"picked":"Revamp","floor":11.0},{"not_picked":["TimeWarp","ReturningBlade"],"picked":"Defy","floor":12.0},{"not_picked":["Rearm","RealityMarble","Unruled"],"picked":"SKIP","floor":13}],"player_experience":223472,"relics_obtained":[{"floor":9.0,"key":"Quantum Egg"},{"floor":12.0,"key":"CCEMRelics:Sandal"}],"event_choices":[{"damage_healed":0.0,"max_hp_gain":0.0,"max_hp_loss":0.0,"gold_gain":111.0,"event_name":"betterSkull:BetterSkull","player_choice":"UP GO ","floor":3.0,"gold_loss":0.0,"damage_taken":20.0,"cards_upgraded":["Defend_S"],"relics_obtained":[]},{"damage_healed":0,"gold_gain":0,"player_choice":"Trade","damage_taken":0,"relics_obtained":["FaceOfCleric"],"max_hp_gain":0,"max_hp_loss":0,"event_name":"FaceTrader","floor":14,"gold_loss":0}],"is_beta":false,"boss_relics":[],"items_purged_floors":[10],"is_endless":false,"potions_floor_spawned":[7,8,13],"killed_by":"Slime Boss","ascension_level":0}}