{"host":"mj8akmyfd5lo602f","time":1608685367,"event":{"mods":["2.2 Compatiblity","Act Like it!","BaseMod","Bestiary","BshForSts","Colored Map","Colored Powertips","Downfall","Highlight Path","Minty Spire (QoL Compilation)","Permanent Neow","Relic Stats","StSLib"],"gold_per_floor":[99,109,120,138,155,155,224,149,165,165,68,68,101,120,133,237,237,237,257,357,442,458,474,474,485,505,517,517,517,517,517],"floor_reached":29,"playtime":2545,"items_purged":[],"score":231,"play_id":"6cc70996-a7e1-4927-a514-62a35b87a3c3","local_time":"20201223010247","is_ascension_mode":false,"campfire_choices":[{"data":"champ:Taunt","floor":1.0,"key":"SMITH"},{"data":"champ:Balance","floor":6.0,"key":"SMITH"},{"data":"champ:ShieldWall","floor":8.0,"key":"SMITH"},{"data":"champ:FlashCut","floor":10.0,"key":"SMITH"},{"data":"champ:Riposte","floor":12.0,"key":"SMITH"},{"data":"champ:Improvising","floor":18,"key":"SMITH"},{"floor":28,"key":"REST"}],"circlet_count":0,"master_deck":["champ:Strike","champ:Strike","champ:Strike","champ:Defend","champ:Defend","champ:Defend","champ:Defend","champ:Taunt+1","champ:DefensiveShout","champ:FlashCut+1","champ:Balance+1","champ:ShieldWall+1","champ:TornadoPunch","champ:Riposte+1","champ:StanceDance","champ:SkillfulDodge","champ:Balance","champ:Improvising+1","champ:BladeFlurry+1"],"relics":["Empty Cage","downfall:HeartBlessingBlue","Potion Belt","Busted Crown","Guardian:PocketSentry"],"acts_visited":["Exordium","TheCity"],"potions_floor_usage":[16,16,19,26],"damage_taken":[{"damage":9.0,"enemies":"2 Louse","floor":2.0,"turns":6.0},{"damage":1.0,"enemies":"Jaw Worm","floor":3.0,"turns":8.0},{"damage":0.0,"enemies":"Cultist","floor":4.0,"turns":4.0},{"damage":0.0,"enemies":"Exordium Wildlife","floor":5.0,"turns":4.0},{"damage":0.0,"enemies":"Lots of Slimes","floor":9.0,"turns":1.0},{"damage":10.0,"enemies":"downfall:FleeingMerchant","floor":11.0,"turns":4.0},{"damage":9.0,"enemies":"3 Sentries","floor":13.0,"turns":6.0},{"damage":0,"enemies":"3 Louse","floor":14,"turns":3},{"damage":3,"enemies":"Blue Slaver","floor":15,"turns":4},{"damage":60,"enemies":"downfall:Ironclad","floor":16,"turns":10},{"damage":11,"enemies":"Chosen","floor":19,"turns":4},{"damage":36,"enemies":"Snecko","floor":22,"turns":6},{"damage":0,"enemies":"Centurion and Healer","floor":23,"turns":6},{"damage":6,"enemies":"Snake Plant","floor":25,"turns":4},{"damage":0,"enemies":"Snecko","floor":26,"turns":3},{"damage":28,"enemies":"Cultist and Chosen","floor":27,"turns":6},{"damage":0,"enemies":"Snake Plant","floor":29,"turns":1}],"seed_played":"2220210177471159834","potions_obtained":[{"floor":4.0,"key":"Block Potion"},{"floor":5.0,"key":"champ:TechniquePotion"},{"floor":13.0,"key":"FearPotion"},{"floor":15,"key":"Block Potion"},{"floor":22,"key":"SkillPotion"},{"floor":25,"key":"Ancient Potion"},{"floor":27,"key":"BlessingOfTheForge"}],"is_trial":false,"path_per_floor":["R","M","M","M","M","R","T","R","M","R","$","R","E","M","M","B",null,"R","M","?","?","M","M","T","M","M","M","R","M"],"character_chosen":"THE_CHAMP","items_purchased":["champ:Riposte"],"campfire_rested":1,"item_purchase_floors":[11],"current_hp_per_floor":[90,81,80,80,80,80,80,90,90,90,90,90,81,81,78,18,100,100,89,89,71,35,35,35,29,29,6,36,36,36,36],"gold":517,"neow_bonus":"BOSS_RELIC","is_daily":false,"chose_seed":false,"campfire_upgraded":6,"win_rate":0.0,"timestamp":1608685367,"path_taken":["R","M","M","M","M","R","T","R","M","R","$","R","E","M","M","BOSS","R","M","?","?","M","M","T","M","M","M","R","M"],"items_purchased_type":["Card"],"build_version":"2020-12-13","purchased_purges":0,"victory":false,"max_hp_per_floor":[90,90,90,90,90,90,90,100,100,100,100,100,100,100,100,100,100,100,100,100,100,100,100,100,100,100,100,100,100,100,100],"relic_stats":{"Busted Crown":12,"counters":[17,80],"obtain_stats":[{"Potion Belt":13,"Busted Crown":17,"downfall:HeartBlessingBlue":8,"champ:ChampionCrown":0,"Guardian:PocketSentry":24,"Empty Cage":0},{"Potion Belt":7,"Busted Crown":10,"downfall:HeartBlessingBlue":4,"champ:ChampionCrown":0,"Guardian:PocketSentry":13,"Empty Cage":0},{"Potion Belt":33,"Busted Crown":50,"downfall:HeartBlessingBlue":22,"champ:ChampionCrown":0,"Guardian:PocketSentry":66,"Empty Cage":0}]},"card_choices":[{"not_picked":["champ:Circumvent","champ:AdrenalArmor"],"picked":"champ:DefensiveShout","floor":2.0},{"not_picked":["champ:Backstep","champ:EndlessRage"],"picked":"champ:FlashCut","floor":3.0},{"not_picked":["champ:Shatter","champ:RecklessLeap"],"picked":"champ:Balance","floor":4.0},{"not_picked":["champ:Backstep","champ:BladeFlurry"],"picked":"champ:ShieldWall","floor":5.0},{"not_picked":["champ:Backstep","champ:FaceSlap","champ:CalledShot"],"picked":"SKIP","floor":9.0},{"not_picked":["champ:EndlessRage","champ:BladeFlurry"],"picked":"champ:TornadoPunch","floor":11.0},{"not_picked":["champ:Backstep","champ:FalseCounter"],"picked":"champ:StanceDance","floor":13.0},{"not_picked":["champ:RapidStrikes","champ:Shatter"],"picked":"champ:SkillfulDodge","floor":14},{"not_picked":["champ:BerserkerStyle","champ:AdrenalArmor"],"picked":"champ:Balance","floor":15},{"not_picked":["champ:HoldFirm","champ:LastStand"],"picked":"champ:Improvising","floor":16},{"not_picked":["champ:TornadoPunch"],"picked":"SKIP","floor":19},{"not_picked":[],"picked":"champ:BladeFlurry+1","floor":22},{"not_picked":["champ:Riposte"],"picked":"SKIP","floor":23},{"not_picked":["champ:RapidStrikes"],"picked":"SKIP","floor":25},{"not_picked":["champ:Backstep"],"picked":"SKIP","floor":26},{"not_picked":["champ:FalseCounter"],"picked":"SKIP","floor":27}],"player_experience":367960,"relics_obtained":[{"floor":13.0,"key":"Potion Belt"},{"floor":24,"key":"Guardian:PocketSentry"}],"event_choices":[],"is_beta":false,"boss_relics":[{"not_picked":["Pandora\u0027s Box","SlaversCollar"],"picked":"Busted Crown"}],"items_purged_floors":[],"is_endless":false,"potions_floor_spawned":[4,5,13,15,22,25,27],"killed_by":"Snake Plant","ascension_level":0}}