{"host":"373g0ui1bgeshz9m","time":1608694907,"event":{"mods":["Act Like it!","Aspiration","BaseMod","Beaked The Cultist","Better Third Choice","Colored Map","Conspire","Downfall","Halation","Hermit","Hubris","Infinite Spire","Jorbs\u0027s Wanderer Trilogy","Minty Spire (QoL Compilation)","Pale of the Ancients","Permanent Neow","Quick Restart","Replay The Spire","Shade Mod","Shop Mod","Spikes Relics","StSLib","The Animator","The Bladedancer","The Bug Knight","The Construct","The Cursed","The Factory","The Florist","The Judge","The Jungle","The Necromancer","The Sage","The Wild Card","Trackpad","vexMod"],"gold_per_floor":[119,119,119,95,95,95,127,147,147,157,30,30,30,46,46,146,146,165,165,165,165,175,175,187,219,519,519,519,537,552,552,552,653,653,665,683,683,696,696,729,748,783,810,490,490,501,501,514,514,514,530,542,542,397,397,414,414,171,171,171],"floor_reached":61,"playtime":2968,"items_purged":["Strike_W","Strike_W"],"score":1474,"play_id":"764db3e9-1dd3-47c7-a6e9-5d3535f8dddb","local_time":"20201222224147","is_ascension_mode":true,"campfire_choices":[{"data":"Slay_Living","floor":13,"key":"SMITH"},{"data":"Blood_Curse","floor":15,"key":"SMITH"},{"data":"Summon_Vampire_Lady","floor":23,"key":"SMITH"},{"data":"Cloudkill","floor":27,"key":"SMITH"},{"data":"Summon_Lich","floor":32,"key":"SMITH"},{"data":"Summon_Lich","floor":45,"key":"SMITH"},{"data":"Sadistic Nature","floor":49,"key":"SMITH"},{"data":"Summon_Undead","floor":55,"key":"SMITH"},{"floor":57,"key":"REST"}],"circlet_count":0,"master_deck":["Strike_W","Strike_W","Defend_W","Defend_W","Defend_W","Negative_Energy_Arrows","Bone_Wall","Blood_Curse+1","Bone_Bullets","Spectral_Armor","Negative_Energy_Shield","Spectral_Walk","Slay_Living+1","expansioncontent:QuickStudy","Bandage Up","Summon_Vampire_Lady+1","Summon_Lich+1","Cloudkill+1","Requiem","Bone_Bullets+1","Negative_Energy_Sphere","Siphon_Strength+1","Spectral_Armor","Plague_Bolt+1","Sadistic Nature+1","Summon_Lich+1","Summon_Undead+1"],"relics":["Vampire_Amulet","aspiration:Nostalgia","beaked:MendingPlumage","Replay:Mystery Machine","Onion Ring","MealTicket","Replay:Ringing Soul","ReplayTheSpireMod:ShopPack","halation:PinkSoulGem","vexMod:BigBerry","MutagenicStrength","halation:EternalFortune","vexMod:RetaliationKit","Old Coin","aspiration:FaultyCoupler","conspire:SpecialSausage","halation:PapillonHeart","infinitespire:PuzzleCube","trackpad:AdjectivePendant","Toy Ornithopter","paleoftheancients:Timepiece","Velvet Choker","Bronze Scales","paleoftheancients:SoulOfTheShapes","infinitespire:Satchel","Vajra"],"acts_visited":["Exordium","TheCity","TheBeyond","paleoftheancients:PaleOfTheAncients"],"potions_floor_usage":[],"damage_taken":[{"damage":0,"enemies":"2 Louse","floor":1,"turns":2},{"damage":19,"enemies":"Lagavulin","floor":7,"turns":5},{"damage":0,"enemies":"Small Slimes","floor":8,"turns":2},{"damage":2,"enemies":"Jaw Worm","floor":10,"turns":2},{"damage":0,"enemies":"Blue Slaver","floor":14,"turns":2},{"damage":49,"enemies":"Fading Forest","floor":16,"turns":11},{"damage":16,"enemies":"Shell Parasite","floor":18,"turns":7},{"damage":6,"enemies":"2 Thieves","floor":22,"turns":3},{"damage":13,"enemies":"conspire:HollyBat","floor":24,"turns":10},{"damage":32,"enemies":"conspire:Head Lice","floor":25,"turns":11},{"damage":0,"enemies":"Snecko","floor":29,"turns":3},{"damage":26,"enemies":"Shelled Parasite and Fungi","floor":30,"turns":6},{"damage":74,"enemies":"Collector","floor":33,"turns":10},{"damage":6,"enemies":"Orb Walker","floor":35,"turns":5},{"damage":11,"enemies":"3 Shapes","floor":36,"turns":5},{"damage":30,"enemies":"Jaw Worm Horde","floor":38,"turns":6},{"damage":107,"enemies":"Giant Head","floor":40,"turns":11},{"damage":20,"enemies":"4 Shapes","floor":41,"turns":5},{"damage":2,"enemies":"Nemesis","floor":42,"turns":5},{"damage":10,"enemies":"Transient","floor":46,"turns":5},{"damage":19,"enemies":"Jaw Worm Horde","floor":48,"turns":4},{"damage":112,"enemies":"conspire:OrnateMirror","floor":50,"turns":11},{"damage":42,"enemies":"conspire:OrnateMirror","floor":51,"turns":8},{"damage":25,"enemies":"conspire:OrnateMirror","floor":52,"turns":8},{"damage":194,"enemies":"conspire:OrnateMirror","floor":56,"turns":11},{"damage":108,"enemies":"paleoftheancients:N","floor":60,"turns":9}],"seed_played":"-1795779455173322477","potions_obtained":[{"floor":8,"key":"Flashbang"},{"floor":10,"key":"Slimebound:ThreeZeroPotion"},{"floor":25,"key":"FairyPotion"}],"is_trial":false,"path_per_floor":["M","?","?","$","?","T","E","M","T","M","$","?","R","M","R","B",null,"M","?","?","?","M","R","M","E","T","R","?","M","M","AVR","R","B",null,"M","M","?","M","?","E","M","E","T","$","R","M","?","M","R","B","M","M","?","$","R","M","R","$","?","B",null],"character_chosen":"NECROMANCER","items_purchased":["Bone_Bullets","ReplayTheSpireMod:ShopPack","Sadistic Nature","Summon_Lich","infinitespire:Satchel","Vajra"],"campfire_rested":1,"item_purchase_floors":[4,11,44,44,54,58],"current_hp_per_floor":[75,72,72,72,72,72,65,73,73,78,81,81,81,81,81,67,114,113,113,116,116,120,120,120,107,107,107,107,122,114,114,114,108,129,132,129,129,126,126,66,88,111,111,129,129,136,136,140,140,140,140,143,143,143,143,82,124,139,139,112],"gold":171,"neow_bonus":"NOSTALGIA","is_daily":false,"chose_seed":false,"campfire_upgraded":8,"win_rate":0.0,"timestamp":1608694907,"path_taken":["M","?","?","$","?","?","E","?","T","M","$","?","R","M","R","BOSS","M","?","?","?","M","R","?","E","T","R","?","M","M","AVR","R","BOSS","M","M","?","M","?","E","M","E","T","$","R","M","?","?","R","BOSS","M","M","?","$","R","M","R","$","?","BOSS"],"items_purchased_type":["Card","Relic","Card","Card","Relic","Relic"],"build_version":"2020-12-13","purchased_purges":2,"victory":true,"max_hp_per_floor":[75,75,75,75,75,75,75,75,75,78,81,81,81,81,81,84,114,114,114,117,117,120,120,120,126,126,126,126,126,126,126,126,129,129,132,132,132,135,128,131,134,137,137,140,140,140,140,140,140,140,140,143,143,143,143,143,143,143,143,143],"card_choices":[{"not_picked":["Death_Coil","Finger_Of_Death"],"picked":"Blood_Curse","floor":1},{"not_picked":["Negative_Energy_Mist","Death_March_Dance"],"picked":"Negative_Energy_Shield","floor":7},{"not_picked":["Negative_Energy_Shield","Necromantic_Selection"],"picked":"Spectral_Walk","floor":8},{"not_picked":["Detonate_Bones","Flesh_Made_Foul"],"picked":"Slay_Living","floor":10},{"not_picked":["expansioncontent:StudyTheSpire","Metamorphosis"],"picked":"expansioncontent:QuickStudy","floor":11},{"not_picked":["Replay:SS_fish_1","ReplayTheSpireMod:Trickstab"],"picked":"Bandage Up","floor":11},{"not_picked":["Scare","Bone_Spikes","Bone_Bullets"],"picked":"SKIP","floor":14},{"not_picked":["Detonate_Bones","Summon_Death_Knight"],"picked":"Summon_Vampire_Lady","floor":16},{"not_picked":["Negative_Energy_Mist+1","Negative_Energy_Shield","Blood_Shield"],"picked":"SKIP","floor":18},{"not_picked":["Scare","Strike_from_Beyond"],"picked":"Summon_Lich","floor":22},{"not_picked":["Bone_Shift","Death_Coil","Bones_to_Steel"],"picked":"SKIP","floor":24},{"not_picked":["Corrupt","Death_Coil+1"],"picked":"Cloudkill","floor":25},{"not_picked":["Bone_Shift","Exploit","Scare+1"],"picked":"SKIP","floor":29},{"not_picked":["Violent_Necrosis","Consume_Illness","Finger_Of_Death"],"picked":"SKIP","floor":30},{"not_picked":["Reap_The_Weak","Blood_Magic"],"picked":"Requiem","floor":33},{"not_picked":["Bone_Shift+1","Bones_to_Steel"],"picked":"Bone_Bullets+1","floor":35},{"not_picked":["Negative_Energy_Javelin+1","Bone_Prison","Scare"],"picked":"SKIP","floor":36},{"not_picked":["Finger_Of_Death","Flesh_Made_Foul"],"picked":"Negative_Energy_Sphere","floor":38},{"not_picked":["Scare","Violent_Necrosis"],"picked":"Siphon_Strength+1","floor":40},{"not_picked":["Negative_Energy_Mist+1","Blood_Whip+1"],"picked":"Spectral_Armor","floor":41},{"not_picked":["Scare","Bone_Armory"],"picked":"Plague_Bolt+1","floor":42},{"not_picked":["Scare+1","Exploit","Death_Coil+1"],"picked":"SKIP","floor":46},{"not_picked":["Negative_Energy_Sphere+1","Death_March_Dance","Shackles_Of_Pain+1"],"picked":"SKIP","floor":48},{"not_picked":["Bone_Shift+1","Bone_Armor+1","Death_March_Dance+1"],"picked":"SKIP","floor":51},{"not_picked":["Toxic_Smoke_Screen","Death_Coil+1"],"picked":"Summon_Undead","floor":52},{"not_picked":["Toxic_Smoke_Screen","Finger_Of_Death","Whirlwind_of_Bones+1"],"picked":"SKIP","floor":56}],"player_experience":322174,"relics_obtained":[{"floor":6,"key":"Onion Ring"},{"floor":7,"key":"MealTicket"},{"floor":9,"key":"Replay:Ringing Soul"},{"floor":25,"key":"halation:EternalFortune"},{"floor":25,"key":"vexMod:RetaliationKit"},{"floor":26,"key":"Old Coin"},{"floor":40,"key":"infinitespire:PuzzleCube"},{"floor":42,"key":"trackpad:AdjectivePendant"},{"floor":43,"key":"Toy Ornithopter"},{"floor":52,"key":"paleoftheancients:SoulOfTheShapes"},{"floor":56,"key":"paleoftheancients:SoulOfTheVixen"}],"event_choices":[{"damage_healed":0,"gold_gain":0,"player_choice":"Relic ","damage_taken":3,"max_hp_gain":0,"max_hp_loss":0,"event_name":"betterThird:BetterScrap","floor":2,"gold_loss":0,"cards_obtained":["Wraith Form v2"]},{"damage_healed":0,"gold_gain":0,"player_choice":"Ignored","damage_taken":0,"max_hp_gain":0,"max_hp_loss":0,"event_name":"Golden Wing","floor":3,"gold_loss":0},{"damage_healed":0,"gold_gain":0,"player_choice":"Inject Mutagens","damage_taken":0,"relics_obtained":["MutagenicStrength"],"max_hp_gain":0,"max_hp_loss":0,"event_name":"Drug Dealer","floor":19,"gold_loss":0},{"damage_healed":0,"gold_gain":0,"player_choice":"Ignored","damage_taken":0,"max_hp_gain":0,"max_hp_loss":0,"event_name":"Beggar","floor":21,"gold_loss":0},{"damage_healed":0,"gold_gain":0,"player_choice":"Ignored","damage_taken":0,"max_hp_gain":0,"max_hp_loss":0,"event_name":"Vampires","floor":28,"gold_loss":0},{"damage_healed":0,"gold_gain":0,"player_choice":"Ignored","damage_taken":0,"max_hp_gain":0,"max_hp_loss":0,"event_name":"Tomb of Lord Red Mask","floor":37,"gold_loss":0},{"cards_removed":["Defend_W"],"damage_healed":0,"gold_gain":0,"player_choice":"Offered Basic","damage_taken":0,"max_hp_gain":0,"max_hp_loss":0,"event_name":"Bonfire Elementals","floor":47,"gold_loss":0},{"damage_healed":0,"gold_gain":0,"player_choice":"Leave","damage_taken":0,"max_hp_gain":0,"max_hp_loss":0,"event_name":"conspire:Investor","floor":53,"gold_loss":0}],"is_beta":false,"boss_relics":[{"not_picked":["Abe\u0027s Treasure","hubris:ScarierMask"],"picked":"vexMod:BigBerry"},{"not_picked":["hubris:Stopwatch","conspire:RunicOctahedron"],"picked":"conspire:SpecialSausage"}],"items_purged_floors":[44,58],"is_endless":false,"potions_floor_spawned":[8,10,25,29,30,33,38,40,46,48],"ascension_level":1}}