{"host":"7vbqmauhyfxrzjp5","time":1608738117,"event":{"mods":["Aspiration","BaseMod","Bestiary","Better Note","Conspire","Hubris","Infinite Spire","Minty Spire (QoL Compilation)","Replay The Spire","StSLib","Unceasing Turn Reminder","vexMod"],"gold_per_floor":[365,218,293,313,326,355,58,58,58,69,69,83,108,125,125,225,225,225,225],"floor_reached":18,"playtime":1096,"items_purged":["Overencumbered","Abandon"],"score":162,"play_id":"c46acc34-09ac-4c5e-8534-d539d921eeb8","local_time":"20201223094157","is_ascension_mode":false,"campfire_choices":[{"data":"Chrysalis","floor":8,"key":"SMITH"}],"circlet_count":0,"master_deck":["Strike_R","Strike_R","Strike_R","Strike_R","Strike_R","Defend_R","Defend_R","Defend_R","Defend_R","Bash","Rampage","Searing Blow+1","Uppercut","Pommel Strike","Cleave","Pummel+1","Run Through","Entrench","Fire Breathing","Chrysalis+1","Impatience","Sword Boomerang","Hemokinesis","Twin Strike","Feed"],"relics":["Burning Blood","Blue Candle","BargainBundle","Centennial Puzzle","Odd Mushroom","Black Star"],"acts_visited":["Exordium","TheCity"],"potions_floor_usage":[5,12,13,16],"damage_taken":[{"damage":6,"enemies":"Jaw Worm","floor":1,"turns":5},{"damage":0,"enemies":"Small Slimes","floor":4,"turns":3},{"damage":12,"enemies":"infinitespire:Voidling","floor":5,"turns":3},{"damage":14,"enemies":"Replay:BlueRogue","floor":6,"turns":7},{"damage":6,"enemies":"Blue Slaver","floor":10,"turns":4},{"damage":12,"enemies":"2 Fungi Beasts","floor":12,"turns":2},{"damage":31,"enemies":"The Mushroom Lair","floor":13,"turns":6},{"damage":12,"enemies":"3 Louse","floor":14,"turns":3},{"damage":36,"enemies":"Slime Boss","floor":16,"turns":10},{"damage":0,"enemies":"3 Byrds","floor":18,"turns":1}],"seed_played":"-4289002611686884358","potions_obtained":[{"floor":4,"key":"BlessingOfTheForge"},{"floor":5,"key":"SteroidPotion"},{"floor":10,"key":"PowerPotion"},{"floor":12,"key":"GamblersBrew"},{"floor":13,"key":"SpeedPotion"}],"is_trial":false,"path_per_floor":["M","$","?","M","M","E","$","R","T","M","?","M","?","M","R","B",null,"M"],"character_chosen":"IRONCLAD","items_purchased":["Searing Blow","BargainBundle","Pummel","Run Through","Abandon","Entrench","Fire Breathing","Chrysalis","Impatience"],"campfire_rested":0,"item_purchase_floors":[2,7,7,7,7,7,7,7,7],"current_hp_per_floor":[80,80,69,75,69,61,61,61,61,61,61,55,30,24,48,18,80,80,80],"gold":225,"neow_bonus":"TWO_FIFTY_GOLD","is_daily":false,"chose_seed":false,"campfire_upgraded":1,"win_rate":0.0,"timestamp":1608738117,"path_taken":["M","$","?","M","M","E","$","R","T","M","?","?","?","M","R","BOSS","M"],"items_purchased_type":["Card","Relic","Card","Card","Card","Card","Card","Card","Card"],"build_version":"2020-12-22","purchased_purges":2,"victory":false,"max_hp_per_floor":[80,80,80,80,80,80,80,80,80,80,80,80,80,80,80,80,80,80,80],"card_choices":[{"not_picked":["Run Through","Anger"],"picked":"Rampage","floor":1},{"not_picked":["hubris:ReadiedAction","Iron Wave"],"picked":"Uppercut","floor":4},{"not_picked":["Abandon","Anger"],"picked":"Pommel Strike","floor":5},{"not_picked":["Anger","Eclipse"],"picked":"Cleave","floor":6},{"not_picked":["ReplayTheSpireMod:Strike From Hell","Headbutt"],"picked":"Sword Boomerang","floor":10},{"not_picked":["Iron Wave","Uppercut","Life Link"],"picked":"SKIP","floor":12},{"not_picked":["Iron Wave","Limit Break"],"picked":"Hemokinesis","floor":13},{"not_picked":["Heavy Blade","Evolve"],"picked":"Twin Strike","floor":14},{"not_picked":["Brutality","Barricade"],"picked":"Feed","floor":16}],"player_experience":248770,"relics_obtained":[{"floor":6,"key":"Blue Candle"},{"floor":9,"key":"Centennial Puzzle"},{"floor":13,"key":"Odd Mushroom"}],"event_choices":[{"damage_healed":0,"gold_gain":75,"player_choice":"Gather Gold","damage_taken":11,"max_hp_gain":0,"max_hp_loss":0,"event_name":"World of Goop","floor":3,"gold_loss":0},{"damage_healed":0,"gold_gain":0,"player_choice":"Forge","damage_taken":0,"max_hp_gain":0,"max_hp_loss":0,"event_name":"Accursed Blacksmith","floor":11,"gold_loss":0,"cards_upgraded":["Searing Blow"]},{"damage_healed":0,"gold_gain":0,"player_choice":"Fought Mushrooms","damage_taken":0,"max_hp_gain":0,"max_hp_loss":0,"event_name":"Mushrooms","floor":13,"gold_loss":0}],"is_beta":false,"boss_relics":[{"not_picked":["Busted Crown","vexMod:EndlessSickness"],"picked":"Black Star"}],"items_purged_floors":[2,7],"is_endless":false,"potions_floor_spawned":[4,5,10,12,13],"killed_by":"3 Byrds","ascension_level":0}}