{"host":"6hzrz31j95f2y1pa","time":1608757828,"event":{"mods":["BaseMod","Colored Map","Downfall","Minty Spire (QoL Compilation)","StSLib"],"gold_per_floor":[0,18,37,48,498,498,548,122,222,234,234,263,263,91,109,207,207,132,145,155,15,25,42,42,121,139,169,189,114,129,157,174,277,277,277,287,304,322,322,356,380,407,332,361,387,399,417,448,467,467,467,495,170,170,170],"floor_reached":56,"playtime":3815,"items_purged":["Slimebound:Icky","Slimebound:Icky","champ:Taunt","champ:FocusedGladiator","champ:Execute"],"score":1656,"play_id":"50a13e73-49c9-4f4e-bdfd-678d27611252","local_time":"20201223161028","is_ascension_mode":true,"campfire_choices":[{"data":"champ:CrownThrow","floor":1.0,"key":"SMITH"},{"data":"champ:FlashCut","floor":6.0,"key":"SMITH"},{"data":"champ:IgnorePain","floor":18.0,"key":"SMITH"},{"floor":29.0,"key":"REST"},{"floor":35,"key":"RECALL"},{"data":"Panache","floor":43,"key":"SMITH"},{"data":"champ:PerfectForm","floor":54,"key":"SMITH"}],"circlet_count":0,"master_deck":["champ:CrownThrow+1","champ:FlashCut+1","champ:SwordSigil","champ:Haymaker","champ:GladiatorStyle+1","champ:EnchantCrown","champ:SwordSigil","champ:DefensiveShout","champ:DefensiveStyle","champ:VampiricStrike+1","champ:GutPunch","champ:ShieldThrow","champ:ShieldThrow","champ:Aggression","champ:FaceSlap+1","champ:IgnorePain+1","champ:BringItOn","champ:EndlessRage","champ:ShieldWall+1","champ:TornadoPunch+1","champ:BerserkerStyle","champ:Backstep","champ:Circumvent+1","champ:ArenaPreparation+1","champ:GladiatorStyle","Panache+1","champ:SkillfulDodge","champ:StanceDance","champ:PerfectForm+1","champ:AdrenalArmor+1","expansioncontent:CaCaw","champ:BladeFlurry+1","champ:CalledShot","expansioncontent:GuardianWhirl+1"],"relics":["champ:ChampionCrown","Membership Card","PreservedInsect","Matryoshka","Mummified Hand","HandDrill","Pandora\u0027s Box","downfall:HeartBlessingBlue","Singing Bowl","Bottled Lightning","Frozen Eye","Pen Nib","downfall:HeartBlessingGreen","Vajra","Busted Crown","Bag of Preparation","Potion Belt","Juzu Bracelet","CeramicFish","downfall:HeartBlessingRed","Molten Egg 2","Whetstone","Nunchaku","champ:DefensiveTrainingManual","Ornamental Fan"],"acts_visited":["Exordium","TheCity","TheBeyond","TheEnding"],"potions_floor_usage":[33,45,52,52,55],"damage_taken":[{"damage":1.0,"enemies":"Cultist","floor":2.0,"turns":3.0},{"damage":5.0,"enemies":"Small Slimes","floor":3.0,"turns":2.0},{"damage":4.0,"enemies":"Jaw Worm","floor":4.0,"turns":3.0},{"damage":10.0,"enemies":"downfall:FleeingMerchant","floor":8.0,"turns":4.0},{"damage":17.0,"enemies":"2 Fungi Beasts","floor":10.0,"turns":4.0},{"damage":13.0,"enemies":"Gremlin Nob","floor":12.0,"turns":3.0},{"damage":7.0,"enemies":"downfall:FleeingMerchant","floor":14.0,"turns":4.0},{"damage":0.0,"enemies":"3 Louse","floor":15.0,"turns":3.0},{"damage":36.0,"enemies":"downfall:Watcher","floor":16.0,"turns":6.0},{"damage":28.0,"enemies":"Shell Parasite","floor":19.0,"turns":4.0},{"damage":0.0,"enemies":"Spheric Guardian","floor":20.0,"turns":2.0},{"damage":12.0,"enemies":"downfall:FleeingMerchant","floor":21.0,"turns":4.0},{"damage":18.0,"enemies":"Shelled Parasite and Fungi","floor":22.0,"turns":3.0},{"damage":23.0,"enemies":"Snake Plant","floor":23.0,"turns":4.0},{"damage":0.0,"enemies":"downfall:FleeingMerchant","floor":25.0,"turns":1.0},{"damage":35.0,"enemies":"3 Cultists","floor":26.0,"turns":4.0},{"damage":16.0,"enemies":"Book of Stabbing","floor":27.0,"turns":4.0},{"damage":34.0,"enemies":"Shelled Parasite and Fungi","floor":28.0,"turns":4.0},{"damage":19.0,"enemies":"Centurion and Healer","floor":30.0,"turns":5.0},{"damage":43,"enemies":"Gremlin Leader","floor":31,"turns":5},{"damage":35,"enemies":"Chosen and Byrds","floor":32,"turns":3},{"damage":21,"enemies":"downfall:Defect","floor":33,"turns":6},{"damage":0,"enemies":"Orb Walker","floor":36,"turns":2},{"damage":17,"enemies":"3 Shapes","floor":37,"turns":4},{"damage":42,"enemies":"Maw","floor":38,"turns":5},{"damage":62,"enemies":"Giant Head","floor":40,"turns":7},{"damage":32,"enemies":"Nemesis","floor":44,"turns":5},{"damage":44,"enemies":"Transient","floor":45,"turns":5},{"damage":46,"enemies":"Sphere and 2 Shapes","floor":46,"turns":7},{"damage":21,"enemies":"Jaw Worm Horde","floor":47,"turns":2},{"damage":46,"enemies":"Reptomancer","floor":48,"turns":4},{"damage":20,"enemies":"4 Shapes","floor":49,"turns":3},{"damage":41,"enemies":"downfall:Silent","floor":50,"turns":5},{"damage":59,"enemies":"downfall:CharBossMerchant","floor":52,"turns":6},{"damage":126,"enemies":"downfall:NeowBoss","floor":55,"turns":20}],"seed_played":"8165564566964066844","potions_obtained":[{"floor":3.0,"key":"Strength Potion"},{"floor":4.0,"key":"SkillPotion"},{"floor":10.0,"key":"CultistPotion"},{"floor":16.0,"key":"Swift Potion"},{"floor":20.0,"key":"Regen Potion"},{"floor":27.0,"key":"Energy Potion"},{"floor":31,"key":"champ:OpenerPotion"},{"floor":33,"key":"Weak Potion"},{"floor":44,"key":"Swift Potion"},{"floor":47,"key":"Block Potion"},{"floor":48,"key":"SkillPotion"}],"is_trial":false,"path_per_floor":["R","M","M","M","?","R","T","$","?","M","?","E","?","$","M","B",null,"R","M","M","$","M","M","T","$","M","E","M","R","M","E","M","B",null,"R","M","M","M","?","E","T","?","R","E","M","M","M","E","M","B",null,"E","$","R","B",null],"character_chosen":"THE_CHAMP","items_purchased":["Membership Card","champ:GladiatorStyle","PreservedInsect","Matryoshka","HandDrill","champ:DefensiveStyle","champ:BerserkerStyle","champ:Backstep","Frozen Eye","champ:GladiatorStyle","Panache","champ:DefensiveTrainingManual","Ornamental Fan","champ:CalledShot","expansioncontent:GuardianWhirl+1"],"campfire_rested":1,"item_purchase_floors":[8,8,8,8,14,14,21,21,25,25,25,53,53,53,53],"current_hp_per_floor":[81,80,80,76,76,76,76,76,76,69,69,56,56,54,54,28,75,85,91,91,89,76,53,53,53,50,44,27,58,63,66,63,75,100,100,100,110,112,109,116,116,116,116,109,118,100,101,102,104,92,118,128,128,128,128],"gold":170,"neow_bonus":"THREE_RARE_CARDS","is_daily":false,"chose_seed":false,"campfire_upgraded":5,"win_rate":0.0,"timestamp":1608757828,"path_taken":["R","M","M","M","?","R","T","$","?","M","?","E","?","$","M","BOSS","R","M","M","$","M","M","T","$","M","E","M","R","?","E","M","BOSS","R","M","M","M","?","E","T","?","R","E","M","M","M","E","M","BOSS","E","$","R","BOSS"],"items_purchased_type":["Relic","Card","Relic","Relic","Relic","Card","Card","Card","Relic","Card","Card","Relic","Relic","Card","Card"],"build_version":"2020-12-22","purchased_purges":5,"victory":true,"max_hp_per_floor":[90,90,90,90,90,90,90,90,90,90,90,90,90,90,90,90,90,100,100,100,100,100,100,100,100,102,102,104,104,106,106,108,108,108,108,108,110,112,114,116,116,116,116,118,118,120,122,124,126,126,126,128,128,128,128],"card_choices":[{"not_picked":["champ:CheapShot","champ:Improvising"],"picked":"champ:CrownThrow","floor":0.0},{"not_picked":["champ:RageSigil","champ:ViciousMockery"],"picked":"champ:FlashCut","floor":2.0},{"not_picked":["champ:DefensiveShout","champ:Backstep"],"picked":"champ:SwordSigil","floor":3.0},{"not_picked":["champ:GutPunch","champ:CrookedStrike","champ:Circumvent"],"picked":"SKIP","floor":4.0},{"not_picked":["champ:Backstep","champ:RageSigil"],"picked":"champ:Haymaker","floor":8.0},{"not_picked":["champ:Backstep","champ:PerfectedStrike"],"picked":"champ:EnchantCrown","floor":10.0},{"not_picked":["champ:Backstep","champ:Circumvent"],"picked":"champ:SwordSigil","floor":12.0},{"not_picked":["champ:BerserkersShout","champ:CrownThrow"],"picked":"champ:DefensiveShout","floor":14.0},{"not_picked":["champ:AdrenalArmor","champ:GutPunch"],"picked":"champ:FocusedGladiator","floor":15.0},{"not_picked":["champ:LastStand","champ:Devastate"],"picked":"champ:VampiricStrike","floor":16.0},{"not_picked":["champ:ShieldSigil","champ:BerserkersShout+1","champ:CrookedStrike+1"],"picked":"SKIP","floor":19.0},{"not_picked":["champ:ShieldSigil+1","champ:FightOn"],"picked":"champ:ShieldWall+1","floor":20.0},{"not_picked":["champ:RageSigil","champ:HoldFirm"],"picked":"champ:TornadoPunch+1","floor":21.0},{"not_picked":["champ:SkillfulDodge","champ:CrookedStrike+1"],"picked":"champ:Circumvent+1","floor":22.0},{"not_picked":["champ:ViciousMockery+1","champ:FocusedDefense","champ:RageSigil"],"picked":"SKIP","floor":23.0},{"not_picked":["champ:PerfectedStrike+1","champ:FaceSlap+1"],"picked":"champ:ArenaPreparation+1","floor":25.0},{"not_picked":["champ:HeartStrike+1","champ:Backstep","champ:FlashCut+1"],"picked":"Singing Bowl","floor":26.0},{"not_picked":["champ:Duel","champ:BringItOn"],"picked":"champ:SkillfulDodge","floor":27.0},{"not_picked":["champ:Circumvent","champ:ShieldSigil","champ:BringItOn"],"picked":"Singing Bowl","floor":28.0},{"not_picked":["champ:ShieldSlam","champ:ShieldSigil+1","champ:TornadoPunch"],"picked":"Singing Bowl","floor":30.0},{"not_picked":["champ:CrookedStrike","champ:ShieldSigil"],"picked":"champ:StanceDance","floor":31},{"not_picked":["champ:DefensiveStyle+1","champ:Lariat","champ:PerfectedStrike"],"picked":"Singing Bowl","floor":32},{"not_picked":["champ:ShieldSlam","champ:CheapShot"],"picked":"champ:PerfectForm","floor":33},{"not_picked":[],"picked":"champ:AdrenalArmor+1","floor":36},{"not_picked":["champ:Circumvent+1"],"picked":"Singing Bowl","floor":37},{"not_picked":["champ:GladiatorsShout"],"picked":"Singing Bowl","floor":38},{"not_picked":["expansioncontent:DefensiveMode"],"picked":"Singing Bowl","floor":39},{"not_picked":[],"picked":"expansioncontent:CaCaw","floor":39},{"not_picked":["champ:Circumvent+1"],"picked":"Singing Bowl","floor":40},{"not_picked":["champ:Haymaker+1"],"picked":"Singing Bowl","floor":44},{"not_picked":[],"picked":"champ:BladeFlurry+1","floor":45},{"not_picked":["champ:BringItOn"],"picked":"Singing Bowl","floor":46},{"not_picked":["champ:BladeFlurry+1"],"picked":"Singing Bowl","floor":47},{"not_picked":["champ:StanceDance"],"picked":"Singing Bowl","floor":48},{"not_picked":["champ:TornadoPunch+1"],"picked":"Singing Bowl","floor":49},{"not_picked":["champ:FanOfKnives+1"],"picked":"Singing Bowl","floor":52}],"player_experience":1234681,"relics_obtained":[{"floor":12.0,"key":"Mummified Hand"},{"floor":24.0,"key":"Singing Bowl"},{"floor":24.0,"key":"Bottled Lightning"},{"floor":27.0,"key":"Pen Nib"},{"floor":31,"key":"Vajra"},{"floor":40,"key":"Bag of Preparation"},{"floor":41,"key":"Potion Belt"},{"floor":41,"key":"Juzu Bracelet"},{"floor":42,"key":"CeramicFish"},{"floor":44,"key":"Molten Egg 2"},{"floor":48,"key":"Whetstone"},{"floor":52,"key":"Nunchaku"}],"event_choices":[{"cards_removed":["Slimebound:Icky"],"damage_healed":0.0,"max_hp_gain":0.0,"max_hp_loss":0.0,"gold_gain":0.0,"event_name":"The Cleric","player_choice":"Card Removal","floor":11.0,"gold_loss":0.0,"damage_taken":0.0},{"damage_healed":0.0,"max_hp_gain":0.0,"max_hp_loss":0.0,"gold_gain":0.0,"event_name":"Upgrade Shrine","player_choice":"Upgraded","floor":13.0,"gold_loss":0.0,"damage_taken":0.0,"cards_upgraded":["champ:GladiatorStyle"]}],"is_beta":false,"boss_relics":[{"not_picked":["SlaversCollar","champ:ChampionCrownUpgraded"],"picked":"Pandora\u0027s Box"},{"not_picked":["Runic Dome","Velvet Choker"],"picked":"Busted Crown"}],"items_purged_floors":[8,14,21,25,53],"is_endless":false,"potions_floor_spawned":[3,4,10,15,16,20,23,27,31,33,38,44,47,48,49],"ascension_level":6}}