{"host":"flm17o2q7bfjyna6","time":1608753760,"event":{"mods":["2.2 Compatiblity","Act Like it!","BaseMod","Better Altar","Better Match","Better Note","Better Sensory Stone","Better Skull","Better Third Choice","Better Vampires","Colored Map","Colored Powertips","DeckTracker","Hermit","Minty Spire (QoL Compilation)","Quick Restart","Replay The Spire","Reworked Bosses","Spicy Shops","StSLib","Wandering Minibosses"],"gold_per_floor":[115,115,115,140,19,55,69,69,94,94,137,137,153,179,179,307,307,320,87,100,116,116,116,149,149,176,199,199,24,24,48,48,172,172,186,205,205,57,390,390,27,27,27,27,27,27,58,71,71,71,71],"floor_reached":50,"playtime":2599,"items_purged":["Injury","Choke"],"score":766,"play_id":"1c49145f-7700-4cf0-a579-41d055ddef1d","local_time":"20201223150240","is_ascension_mode":true,"campfire_choices":[{"floor":8,"key":"REST"},{"floor":12,"key":"REST"},{"data":"Venomology","floor":15,"key":"SMITH"},{"floor":23,"key":"REST"},{"floor":25,"key":"REST"},{"data":"Backflip","floor":28,"key":"SMITH"},{"data":"Neutralize","floor":30,"key":"SMITH"},{"data":"Survivor","floor":32,"key":"SMITH"},{"data":"ReplayTheSpireMod:From All Sides","floor":40,"key":"SMITH"},{"data":"Caltrops","floor":42,"key":"SMITH"},{"data":"Footwork","floor":44,"key":"SMITH"},{"data":"Die Die Die","floor":46,"key":"SMITH"},{"floor":49,"key":"REST"}],"circlet_count":0,"master_deck":["AscendersBane","Survivor+1","Neutralize+1","Die Die Die","Backflip+1","Footwork+1","Venomology+1","Backstab+1","Die Die Die+1","Concentrate+1","Envenom+1","Toxin Wave+1","Flying Knee","Blade Dance+1","Dodge and Roll+1","Leg Sweep+1","PiercingWail+1","Riddle With Holes+1","ReplayTheSpireMod:From All Sides+1","Cloak And Dagger+1","Melter+1","Replay:Undeath\u0027s Touch+1","Swift Strike","Dramatic Entrance","Caltrops+1","Expertise+1","Accuracy+1"],"relics":["Pandora\u0027s Box","Strange Spoon","Gremlin Food","Omamori","Eternal Feather","Boot","TwistedFunnel","Ancient Tea Set","ReplayTheSpireMod:TigerMarble","ChewingGum","Akabeko","War Paint","ClockworkSouvenir","Replay:Ringing Soul","Blood Vial","wanderingMiniBosses:CarrionFlame"],"acts_visited":["Exordium","TheCity","TheBeyond"],"potions_floor_usage":[16,16,18,20,24,24,33,36,47,47,48,48,48,50],"damage_taken":[{"damage":7,"enemies":"2 Louse","floor":1,"turns":2},{"damage":0,"enemies":"Small Slimes","floor":4,"turns":2},{"damage":17,"enemies":"Lagavulin","floor":6,"turns":5},{"damage":0,"enemies":"Cultist","floor":7,"turns":2},{"damage":15,"enemies":"3 Sentries","floor":11,"turns":5},{"damage":15,"enemies":"Exordium Wildlife","floor":13,"turns":4},{"damage":15,"enemies":"Slime Boss","floor":16,"turns":6},{"damage":22,"enemies":"Chosen","floor":18,"turns":6},{"damage":16,"enemies":"3 Byrds","floor":20,"turns":3},{"damage":20,"enemies":"Snake Plant","floor":21,"turns":3},{"damage":9,"enemies":"Gremlin Leader","floor":24,"turns":7},{"damage":1,"enemies":"Centurion and Healer","floor":27,"turns":5},{"damage":0,"enemies":"3 Cultists","floor":31,"turns":2},{"damage":19,"enemies":"bossMod:newChamp","floor":33,"turns":10},{"damage":14,"enemies":"3 Darklings","floor":35,"turns":4},{"damage":0,"enemies":"Orb Walker","floor":36,"turns":3},{"damage":54,"enemies":"Giant Head","floor":47,"turns":7},{"damage":11,"enemies":"Sphere and 2 Shapes","floor":48,"turns":5},{"damage":68,"enemies":"Time Eater","floor":50,"turns":4}],"seed_played":"455510906586992276","potions_obtained":[{"floor":1,"key":"Poison Potion"},{"floor":4,"key":"SmokeBomb"},{"floor":20,"key":"BlessingOfTheForge"},{"floor":47,"key":"SkillPotion"},{"floor":48,"key":"SkillPotion"}],"is_trial":false,"path_per_floor":["M","?","?","M","$","E","M","R","T","?","E","R","M","T","R","B",null,"M","$","M","M","?","R","E","R","T","M","R","$","R","M","R","B",null,"M","M","?","$","?","R","$","R","T","R","?","R","E","M","R","B"],"character_chosen":"THE_SILENT","items_purchased":["Strange Spoon","Dodge and Roll","TwistedFunnel","PrismaticShard","Akabeko","War Paint","ClockworkSouvenir","Caltrops"],"campfire_rested":5,"item_purchase_floors":[5,5,19,19,38,41,41,41],"current_hp_per_floor":[56,56,56,56,56,39,39,60,60,60,45,70,55,55,67,52,66,44,44,28,8,8,41,32,65,65,64,70,70,70,70,70,51,65,51,51,51,51,51,63,63,70,70,70,70,70,19,13,50,0,0],"gold":71,"neow_bonus":"BOSS_RELIC","is_daily":false,"chose_seed":false,"campfire_upgraded":8,"win_rate":0.0,"timestamp":1608753760,"path_taken":["M","?","?","M","$","E","M","R","T","?","E","R","?","?","R","BOSS","M","$","M","?","?","R","E","R","T","?","R","$","R","M","R","BOSS","M","M","?","$","?","R","$","R","T","R","?","R","E","?","R","BOSS"],"items_purchased_type":["Relic","Card","Relic","Relic","Relic","Relic","Relic","Card"],"build_version":"2020-12-22","purchased_purges":2,"victory":false,"max_hp_per_floor":[70,70,70,70,70,70,70,70,70,70,70,70,70,70,70,70,70,70,70,70,70,70,70,70,70,70,70,70,70,70,70,70,70,70,70,70,70,70,70,70,70,70,70,70,70,70,73,76,76,76,76],"card_choices":[{"not_picked":["Footwork","Sucker Punch"],"picked":"Flying Knee","floor":1},{"not_picked":["Tactician","Prepared"],"picked":"Blade Dance","floor":4},{"not_picked":["Backflip","ReplayTheSpireMod:Tripwire"],"picked":"Leg Sweep","floor":6},{"not_picked":["Hidden Blade","ReplayTheSpireMod:Scrap Shanks"],"picked":"PiercingWail","floor":7},{"not_picked":["PiercingWail","Underhanded Strike","Hidden Blade"],"picked":"SKIP","floor":11},{"not_picked":["Hidden Blade","Dagger Spray"],"picked":"Riddle With Holes","floor":13},{"not_picked":["Envenom","Adrenaline"],"picked":"ReplayTheSpireMod:From All Sides","floor":16},{"not_picked":["Fluid Movement","Underhanded Strike","Outmaneuver"],"picked":"SKIP","floor":18},{"not_picked":["Finisher","Wild Strike"],"picked":"Cloak And Dagger","floor":20},{"not_picked":["Clash+1","Flex+1","hermit:HighCaliber"],"picked":"SKIP","floor":21},{"not_picked":["hermit:Showdown","Replay:DivineShield"],"picked":"Melter+1","floor":24},{"not_picked":["Entrench+1","hermit:GhostlyPresence"],"picked":"Replay:Undeath\u0027s Touch+1","floor":27},{"not_picked":["ClearTheMind","hermit:EyeOfTheStorm","Turbo"],"picked":"SKIP","floor":31},{"not_picked":["hermit:Cheat+1","Hologram","Havoc"],"picked":"SKIP","floor":35},{"not_picked":["Shockwave","Shrug It Off","Mind Blast+1"],"picked":"SKIP","floor":36},{"not_picked":["Replay:Sssssssssshield","Replay:Sssssssssstrike"],"picked":"Swift Strike","floor":37},{"not_picked":["PanicButton","Chrysalis"],"picked":"Dramatic Entrance","floor":37},{"not_picked":["Underhanded Strike","Well Laid Plans+1"],"picked":"Expertise+1","floor":47},{"not_picked":["Quick Slash","Endless Agony"],"picked":"Accuracy+1","floor":48}],"player_experience":1609722,"relics_obtained":[{"floor":6,"key":"Gremlin Food"},{"floor":9,"key":"Omamori"},{"floor":11,"key":"Eternal Feather"},{"floor":14,"key":"Boot"},{"floor":24,"key":"Ancient Tea Set"},{"floor":26,"key":"ReplayTheSpireMod:TigerMarble"},{"floor":43,"key":"Replay:Ringing Soul"},{"floor":47,"key":"Blood Vial"},{"floor":48,"key":"wanderingMiniBosses:CarrionFlame"}],"event_choices":[{"damage_healed":0,"gold_gain":0,"player_choice":"Take Wound","damage_taken":0,"relics_obtained":["Golden Idol"],"max_hp_gain":0,"max_hp_loss":0,"event_name":"Golden Idol","floor":3,"gold_loss":0,"cards_obtained":["Injury"]},{"damage_healed":0,"gold_gain":0,"player_choice":"Upgraded","damage_taken":0,"max_hp_gain":0,"max_hp_loss":0,"event_name":"Upgrade Shrine","floor":10,"gold_loss":0,"cards_upgraded":["Envenom"]},{"damage_healed":0,"gold_gain":0,"player_choice":"Upgraded","damage_taken":0,"max_hp_gain":0,"max_hp_loss":0,"event_name":"Upgrade Shrine","floor":22,"gold_loss":0,"cards_upgraded":["Dodge and Roll"]},{"damage_healed":0,"gold_gain":3,"player_choice":"1","damage_taken":0,"max_hp_gain":0,"max_hp_loss":0,"event_name":"betterStone:BetterStone","floor":37,"gold_loss":0},{"damage_healed":0,"gold_gain":333,"player_choice":"Gave Idol","damage_taken":0,"max_hp_gain":0,"max_hp_loss":0,"event_name":"The Moai Head","floor":39,"relics_lost":["Golden Idol"],"gold_loss":0},{"damage_healed":0,"gold_gain":0,"player_choice":"Chosen: Yellow","damage_taken":0,"max_hp_gain":0,"max_hp_loss":0,"event_name":"betterThird:BetterPortal","floor":45,"gold_loss":0},{"damage_healed":0,"gold_gain":0,"player_choice":"Ignored","damage_taken":0,"max_hp_gain":0,"max_hp_loss":0,"event_name":"betterNote:BetterNote","floor":45,"gold_loss":0,"cards_obtained":["Regret"]}],"is_beta":false,"boss_relics":[{"not_picked":["Coffee Dripper","Ring of Chaos","Snecko Heart"]},{"not_picked":["Fusion Hammer","Snecko Scales"],"picked":"ChewingGum"}],"items_purged_floors":[29,29],"is_endless":false,"potions_floor_spawned":[1,4,13,20,24,31,36,47,48],"killed_by":"Time Eater","ascension_level":10}}