{"host":"iy58fyt9wsbv4cf1","time":1608767986,"event":{"mods":["BaseMod","Better Altar","Better Match","Better Skull","Better Third Choice","BetterRewards","Conspire","Custom Start","Defuse TimeMaze Blight","Hubris","Infinite Spire","Minty Spire (QoL Compilation)","Permanent Neow","Quick Restart","Spicy Shops","StSLib"],"gold_per_floor":[115,115,126,137,212,212,227,227,252,252,270,299,299,299,299,403,403,420,436,436,436,454,454,454,472,520,530,530,530,544,559,559,660,660,675,675,675,463,463,498,498,516,516,450,482,497,497,517,517,517,517,517,16,44,44,44],"floor_reached":55,"playtime":802,"items_purged":["Strike_R","Doubt","Strike_R","Defend_R"],"score":902,"play_id":"9b05ac6b-7416-4b99-bd6c-54032d4fb6c8","local_time":"20201223185946","is_ascension_mode":false,"campfire_choices":[{"data":"infinitespire:OneForAll","floor":6.0,"key":"SMITH"},{"data":"infinitespire:OneForAll+1","floor":8.0,"key":"SMITH"},{"data":"infinitespire:OneForAll+2","floor":10.0,"key":"SMITH"},{"data":"infinitespire:OneForAll+3","floor":13.0,"key":"SMITH"},{"data":"infinitespire:OneForAll+4","floor":15.0,"key":"SMITH"},{"data":"infinitespire:OneForAll+5","floor":23.0,"key":"SMITH"},{"data":"infinitespire:OneForAll+6","floor":32.0,"key":"SMITH"},{"data":"Exhume","floor":41.0,"key":"SMITH"},{"floor":47.0,"key":"RECALL"},{"data":"infinitespire:OneForAll+7","floor":49.0,"key":"SMITH"},{"data":"infinitespire:Collect","floor":52.0,"key":"SMITH"}],"circlet_count":0,"master_deck":["Strike_R","Strike_R","Defend_R","Defend_R","Bash","infinitespire:OneForAll+7","Necronomicurse","infinitespire:OneForAll+8","Exhume+1","infinitespire:Collect+1"],"relics":["Burning Blood","hubris:Zylophone","conspire:InfiniteJournal","Bag of Preparation","Anchor","infinitespire:FocusingShard","Sozu","hubris:Icosahedron","Necronomicon","Black Star","DollysMirror","Happy Flower","Vajra","Blood Vial","infinitespire:CheckeredPen","Potion Belt","Lantern","Pantograph","Strange Spoon","hubris:Metronome","Bronze Scales","Pear"],"acts_visited":["Exordium","TheCity","TheBeyond","TheEnding"],"potions_floor_usage":[],"damage_taken":[{"damage":7.0,"enemies":"2 Louse","floor":1.0,"turns":4.0},{"damage":0.0,"enemies":"Small Slimes","floor":3.0,"turns":2.0},{"damage":0.0,"enemies":"Cultist","floor":4.0,"turns":2.0},{"damage":14.0,"enemies":"3 Louse","floor":7.0,"turns":3.0},{"damage":0.0,"enemies":"Looter","floor":11.0,"turns":1.0},{"damage":0.0,"enemies":"Gremlin Nob","floor":12.0,"turns":2.0},{"damage":25.0,"enemies":"Hexaghost","floor":16.0,"turns":8.0},{"damage":0.0,"enemies":"Shell Parasite","floor":18.0,"turns":1.0},{"damage":5.0,"enemies":"2 Thieves","floor":19.0,"turns":3.0},{"damage":0.0,"enemies":"Centurion and Healer","floor":22.0,"turns":4.0},{"damage":0.0,"enemies":"Snake Plant","floor":25.0,"turns":1.0},{"damage":5.0,"enemies":"Shelled Parasite and Fungi","floor":27.0,"turns":2.0},{"damage":21.0,"enemies":"3 Cultists","floor":30.0,"turns":6.0},{"damage":0.0,"enemies":"Snecko","floor":31.0,"turns":1.0},{"damage":0.0,"enemies":"conspire:MysteriousRune","floor":33.0,"turns":1.0},{"damage":49.0,"enemies":"3 Darklings","floor":35.0,"turns":7.0},{"damage":0.0,"enemies":"Nemesis","floor":40.0,"turns":1.0},{"damage":0.0,"enemies":"Orb Walker","floor":42.0,"turns":1.0},{"damage":0.0,"enemies":"Nightmare","floor":45.0,"turns":1.0},{"damage":9.0,"enemies":"4 Shapes","floor":46.0,"turns":2.0},{"damage":0.0,"enemies":"Spire Growth","floor":48.0,"turns":1.0},{"damage":0.0,"enemies":"hubris:GrandSnecko","floor":50.0,"turns":1.0},{"damage":0.0,"enemies":"Shield and Spear","floor":54.0,"turns":1.0},{"damage":98,"enemies":"The Heart","floor":55,"turns":3}],"seed_played":"6698469712298065122","potions_obtained":[{"floor":4.0,"key":"PowerPotion"},{"floor":7.0,"key":"Block Potion"},{"floor":12.0,"key":"Explosive Potion"}],"is_trial":false,"path_per_floor":["M","$","M","M","?","R","M","R","T","R","M","E","R","?","R","B",null,"M","M","?","?","M","R","$","M","T","M","?","AVR","M","M","R","B",null,"M","?","?","$","$","E","R","M","T","?","NM","M","R","M","R","B",null,"R","$","E","B"],"character_chosen":"IRONCLAD","items_purchased":["infinitespire:OneForAll","hubris:Zylophone","conspire:InfiniteJournal","Bag of Preparation","DollysMirror","Happy Flower","Strange Spoon","hubris:Metronome"],"campfire_rested":0,"item_purchase_floors":[0,0,0,0,38,38,53,53],"current_hp_per_floor":[43,43,49,55,44,44,36,36,36,36,42,48,48,48,48,29,80,80,80,80,80,80,80,80,80,80,80,64,64,49,55,55,61,80,37,70,70,70,70,70,70,70,70,70,70,67,67,70,70,70,70,70,70,80,0,0],"gold":44,"neow_bonus":"","is_daily":false,"chose_seed":false,"campfire_upgraded":10,"win_rate":0.0,"timestamp":1608767986,"path_taken":["M","$","M","M","?","R","M","R","T","R","M","E","R","?","R","BOSS","M","M","?","?","M","R","$","M","T","M","?","AVR","M","M","R","BOSS","M","?","?","?","$","E","R","M","T","?","NM","?","R","M","R","BOSS","R","$","E","BOSS"],"items_purchased_type":["Card","Relic","Relic","Relic","Relic","Relic","Relic","Relic"],"build_version":"2020-12-22","purchased_purges":4,"victory":false,"max_hp_per_floor":[80,80,80,80,80,80,80,80,80,80,80,80,80,80,80,80,80,80,80,80,80,80,80,80,80,80,80,80,80,80,80,80,80,80,80,70,70,70,70,70,70,70,70,70,70,70,70,70,70,70,70,70,70,80,80,80],"card_choices":[{"not_picked":["Feel No Pain","Clothesline","Sword Boomerang"],"picked":"SKIP","floor":1.0},{"not_picked":["Flame Barrier","Searing Blow","Anger"],"picked":"SKIP","floor":3.0},{"not_picked":["Havoc","Anger","Body Slam"],"picked":"SKIP","floor":4.0},{"not_picked":["infinitespire:OneForAll","Whirlwind","Rupture"],"picked":"SKIP","floor":7.0},{"not_picked":["Warcry","Iron Wave","hubris:CleavingFinish"],"picked":"SKIP","floor":11.0},{"not_picked":["True Grit","Wild Strike","Carnage"],"picked":"SKIP","floor":12.0},{"not_picked":["Headbutt","hubris:CleavingFinish","Perfected Strike"],"picked":"SKIP","floor":18.0},{"not_picked":["hubris:ReadiedAction+1","Twin Strike+1","Combust+1"],"picked":"SKIP","floor":19.0},{"not_picked":["Body Slam","Warcry+1","Wild Strike"],"picked":"SKIP","floor":22.0},{"not_picked":["Thunderclap","Sever Soul","Sentinel"],"picked":"SKIP","floor":25.0},{"not_picked":["Headbutt+1","Sentinel","Metallicize"],"picked":"SKIP","floor":27.0},{"not_picked":["Shockwave","Entrench","Clash"],"picked":"SKIP","floor":30.0},{"not_picked":["Twin Strike","Intimidate+1","Thunderclap"],"picked":"SKIP","floor":31.0},{"not_picked":["Feel No Pain","Spot Weakness","Wild Strike"],"picked":"SKIP","floor":35.0},{"not_picked":["Exhume","Rupture","Havoc"],"picked":"SKIP","floor":40.0},{"not_picked":["Rupture","Havoc"],"picked":"Exhume","floor":40.0},{"not_picked":["Sentinel+1","conspire:ExplosiveBarrier+1","Havoc+1"],"picked":"SKIP","floor":42.0},{"not_picked":["infinitespire:DeathsTouch","infinitespire:Starlight"],"picked":"infinitespire:Collect","floor":45.0},{"not_picked":["Seeing Red+1","Clash","Rage"],"picked":"SKIP","floor":45.0},{"not_picked":["Twin Strike+1","Clothesline","Flex"],"picked":"SKIP","floor":46.0},{"not_picked":["Sword Boomerang+1","Clothesline","Seeing Red"],"picked":"SKIP","floor":48.0},{"not_picked":["Thunderclap","Sword Boomerang","Flex+1"],"picked":"SKIP","floor":54.0}],"player_experience":36146,"relics_obtained":[{"floor":9.0,"key":"Anchor"},{"floor":12.0,"key":"infinitespire:FocusingShard"},{"floor":28.0,"key":"Necronomicon"},{"floor":40.0,"key":"Vajra"},{"floor":40.0,"key":"Blood Vial"},{"floor":43.0,"key":"infinitespire:CheckeredPen"},{"floor":45.0,"key":"Lantern"},{"floor":45.0,"key":"Pantograph"},{"floor":54.0,"key":"Bronze Scales"},{"floor":54.0,"key":"Pear"}],"event_choices":[{"damage_healed":0.0,"max_hp_gain":1.0,"max_hp_loss":0.0,"gold_gain":75.0,"event_name":"betterThird:BetterGoop","player_choice":"Gold","floor":5.0,"gold_loss":0.0,"damage_taken":11.0},{"cards_removed":["Strike_R"],"damage_healed":0.0,"max_hp_gain":0.0,"max_hp_loss":0.0,"gold_gain":0.0,"event_name":"Bonfire Elementals","player_choice":"Offered Basic","floor":14.0,"gold_loss":0.0,"damage_taken":0.0},{"damage_healed":0.0,"max_hp_gain":0.0,"max_hp_loss":0.0,"gold_gain":0.0,"event_name":"Vampires","player_choice":"Ignored","floor":21.0,"gold_loss":0.0,"damage_taken":0.0},{"damage_healed":0.0,"max_hp_gain":0.0,"max_hp_loss":0.0,"gold_gain":0.0,"event_name":"Cursed Tome","player_choice":"Obtained Book","floor":28.0,"gold_loss":0.0,"damage_taken":16.0},{"damage_healed":70.0,"max_hp_gain":0.0,"max_hp_loss":10.0,"gold_gain":0.0,"event_name":"The Moai Head","player_choice":"Heal","floor":36.0,"gold_loss":0.0,"damage_taken":0.0},{"cards_removed":["Defend_R"],"damage_healed":0.0,"max_hp_gain":0.0,"max_hp_loss":0.0,"gold_gain":0.0,"event_name":"Falling","player_choice":"Removed Skill","floor":37.0,"gold_loss":0.0,"damage_taken":0.0},{"damage_healed":0.0,"max_hp_gain":0.0,"max_hp_loss":0.0,"gold_gain":0.0,"event_name":"WeMeetAgain","player_choice":"Paid Gold","floor":44.0,"gold_loss":66.0,"damage_taken":0.0,"relics_obtained":["Potion Belt"]}],"is_beta":false,"boss_relics":[{"not_picked":["Tiny House","Mark of Pain"],"picked":"Sozu"},{"not_picked":["hubris:RunicObelisk","Coffee Dripper"],"picked":"Black Star"}],"items_purged_floors":[29,38,53,53],"is_endless":false,"potions_floor_spawned":[4,7,12,22,31,33,42,46,54],"killed_by":"The Heart","ascension_level":0}}