{"host":"n3vqtvx9hbigdfc4","time":1608694330,"event":{"mods":["AchievementEnabler","BaseMod","Better Third Choice","Block Reminder","Colored Map","Colored Powertips","Downfall","Minty Spire (QoL Compilation)","Permanent Neow","Rare Cards Sparkle","Relic Stats","Replay The Spire","Shop Mod","StSLib"],"gold_per_floor":[99,99,199,70,82,82,108,126,126,145,174,174,99,119,136,234,234,234,244,262,11,27,107,183,33,44,73,73,29,56,24,80,230,230,230,250,268,348,198,263,263,333,348,348,373,373,373,389,409,409,409,437,39,39,39],"floor_reached":56,"playtime":6938,"items_purged":["sneckomod:Defend","sneckomod:Strike","Amnesia"],"score":1472,"play_id":"1846f18b-2819-48d4-ba21-e7807bc32ad0","local_time":"20201222213210","is_ascension_mode":false,"campfire_choices":[{"floor":1.0,"key":"DIG"},{"data":"Reprogram","floor":6,"key":"SMITH"},{"data":"sneckomod:Nope","floor":13,"key":"SMITH"},{"floor":18,"key":"RECALL"},{"data":"sneckomod:SnekBite","floor":25,"key":"SMITH"},{"floor":35,"key":"DIG"},{"floor":44,"key":"REST"},{"floor":46,"key":"REST"},{"data":"Transmutation","floor":54,"key":"SMITH"}],"circlet_count":0,"master_deck":["sneckomod:Strike","sneckomod:Strike","sneckomod:Defend+1","sneckomod:Defend","sneckomod:TailWhip","sneckomod:SnekBite+1","sneckomod:Unknown","sneckomod:Unknown","expansioncontent:YouAreMine","sneckomod:Unknown1Cost","Reprogram+1","sneckomod:SoulRoll","sneckomod:QuickMove","sneckomod:Nope+1","sneckomod:Unknown1Cost","sneckomod:TrashToTreasure","sneckomod:UnknownUncommonPower","sneckomod:MorePower+1","sneckomod:UnknownEthereal+1","sneckomod:UnknownClassBLUE","sneckomod:Unknown2Cost+1","sneckomod:UnknownRareAttack+1","sneckomod:QuickBite","sneckomod:UnknownEthereal","sneckomod:UnknownEthereal","sneckomod:MasterEye","expansioncontent:PolyBeam","hexamod:FirstSeal","sneckomod:UnknownExhaust","sneckomod:IronFang","sneckomod:UnknownDexterity+1","sneckomod:UnknownEthereal","sneckomod:QuickMove+1","sneckomod:IronFang+1","sneckomod:Unknown3Cost","sneckomod:DangerNoodle","sneckomod:RainOfDice","sneckomod:QuickBite","sneckomod:UnknownUncommonPower","sneckomod:UnknownVulnerable+1","sneckomod:Unknown3Cost","sneckomod:UnknownClassSLIMEBOUND+1","sneckomod:QuickMove","sneckomod:RainOfDice+1","sneckomod:DiceCrush+1","sneckomod:SoulDraw+1","sneckomod:SnekBeam+1","Crow Ritual","Replay:SS_forest_6","sneckomod:MasterEye+1","sneckomod:DangerNoodle","sneckomod:SoulExchange","sneckomod:UnknownColorless+1","sneckomod:UnknownClassPURPLE+1","sneckomod:Unknown3Cost+1","sneckomod:UnknownExhaust","sneckomod:WideSting+1","sneckomod:DiceBlock+1","sneckomod:RainOfDice+1","sneckomod:UnknownRareSkill+1","sneckomod:QuickBite","sneckomod:WideSting","Transmutation+1"],"relics":["sneckomod:SuperSneckoSoul","Turnip","m_SnakeBloodCore","Replay:Wax Seal","Pen Nib","downfall:ShatteredFragment","ReplayTheSpireMod:Ring of Exchange","ReplayTheSpireMod:Ring of Challenge","downfall:HeartBlessingGreen","Membership Card","MealTicket","Mummified Hand","downfall:HeartBlessingBlue","downfall:HeartBlessingRed","White Beast Statue","downfall:RedIOU","Guide Book","Lantern","Kunai","CaptainsWheel","Boot","Sundial","Pet Ghost","PreservedInsect","Unceasing Top","Ice Cream","Anchor","Bird Faced Urn","Du-Vu Doll"],"acts_visited":["Exordium","TheCity","TheBeyond","TheEnding"],"potions_floor_usage":[11,14,15,20,26,29,30,32,33,36,39,40,42,45,48,55],"damage_taken":[{"damage":0.0,"enemies":"downfall:FleeingMerchant","floor":4.0,"turns":4.0},{"damage":8,"enemies":"Jaw Worm","floor":5,"turns":4},{"damage":4,"enemies":"Small Slimes","floor":8,"turns":3},{"damage":1,"enemies":"2 Louse","floor":10,"turns":2},{"damage":5,"enemies":"Gremlin Nob","floor":11,"turns":3},{"damage":8,"enemies":"Exordium Wildlife","floor":14,"turns":5},{"damage":7,"enemies":"Lots of Slimes","floor":15,"turns":3},{"damage":7,"enemies":"downfall:Watcher","floor":16,"turns":7},{"damage":6,"enemies":"Chosen","floor":19,"turns":4},{"damage":25,"enemies":"3 Byrds","floor":20,"turns":5},{"damage":7,"enemies":"downfall:FleeingMerchant","floor":21,"turns":4},{"damage":16,"enemies":"Snake Plant","floor":22,"turns":4},{"damage":0,"enemies":"Centurion and Healer","floor":26,"turns":3},{"damage":29,"enemies":"Book of Stabbing","floor":27,"turns":6},{"damage":0,"enemies":"downfall:FleeingMerchant","floor":29,"turns":4},{"damage":14,"enemies":"Slavers","floor":30,"turns":3},{"damage":1,"enemies":"downfall:FleeingMerchant","floor":31,"turns":4},{"damage":0,"enemies":"Chosen and Byrds","floor":32,"turns":4},{"damage":98,"enemies":"downfall:Silent","floor":33,"turns":13},{"damage":21,"enemies":"3 Shapes","floor":36,"turns":6},{"damage":15,"enemies":"Orb Walker","floor":37,"turns":2},{"damage":0,"enemies":"downfall:FleeingMerchant","floor":39,"turns":3},{"damage":81,"enemies":"Spire Growth","floor":40,"turns":5},{"damage":31,"enemies":"R_Hoarder","floor":42,"turns":6},{"damage":1,"enemies":"Maw","floor":43,"turns":5},{"damage":18,"enemies":"Reptomancer","floor":45,"turns":3},{"damage":0,"enemies":"Sphere and 2 Shapes","floor":48,"turns":3},{"damage":0,"enemies":"Writhing Mass","floor":49,"turns":3},{"damage":10,"enemies":"downfall:Defect","floor":50,"turns":3},{"damage":17,"enemies":"downfall:CharBossMerchant","floor":52,"turns":5},{"damage":2,"enemies":"downfall:NeowBoss","floor":55,"turns":12}],"seed_played":"2668752927066226943","potions_obtained":[{"floor":5,"key":"ColorlessPotion"},{"floor":8,"key":"Strength Potion"},{"floor":10,"key":"AttackPotion"},{"floor":14,"key":"SteroidPotion"},{"floor":22,"key":"Block Potion"},{"floor":26,"key":"sneckomod:OffclassReductionPotion"},{"floor":29,"key":"DuplicationPotion"},{"floor":30,"key":"FairyPotion"},{"floor":31,"key":"Explosive Potion"},{"floor":32,"key":"Guardian:BlockOnCardUsePotion"},{"floor":33,"key":"Elixir"},{"floor":36,"key":"GamblersBrew"},{"floor":37,"key":"champ:CounterPotion"},{"floor":39,"key":"PowerPotion"},{"floor":40,"key":"champ:CounterPotion"},{"floor":42,"key":"Explosive Potion"},{"floor":45,"key":"Reflective Coating"},{"floor":47,"key":"hexamod:EctoCoolerPotion"},{"floor":48,"key":"SpeedPotion"},{"floor":52,"key":"sneckomod:MuddlingPotion"}],"is_trial":false,"path_per_floor":["R_BF","?","?","$","M","R","T","M","?","M","E","?","R","M","M","B",null,"R_BF","M","M","$","M","T","T","R","M","E","?","$","E","$","M","B",null,"R_BF","M","M","?","$","M","T","E","M","R","E","R","?","M","M","B",null,"E","$","R","B",null],"character_chosen":"THE_SNECKO","items_purchased":["Replay:Wax Seal","Reprogram","sneckomod:UnknownEthereal","MealTicket","sneckomod:MasterEye","expansioncontent:PolyBeam","Guide Book","sneckomod:QuickBite","Sundial","Pet Ghost","Crow Ritual","Replay:SS_forest_6","sneckomod:MasterEye+1","sneckomod:DangerNoodle","sneckomod:WideSting","Transmutation","Bird Faced Urn","Du-Vu Doll"],"campfire_rested":2,"item_purchase_floors":[4,4,21,21,21,21,29,31,39,39,39,39,39,39,53,53,53,53],"current_hp_per_floor":[90,90,90,91,86,86,86,85,64,66,65,65,65,60,57,53,93,93,92,72,70,58,58,58,68,78,61,61,87,87,111,115,29,156,156,145,133,94,119,73,73,52,62,109,94,141,141,144,147,140,159,159,159,159,159],"gold":39,"neow_bonus":"RANDOM_COLORLESS","is_daily":false,"chose_seed":false,"campfire_upgraded":4,"win_rate":0.0,"timestamp":1608694330,"path_taken":["R_BF","?","?","$","M","R","T","M","?","M","E","?","R","?","M","BOSS","R_BF","M","M","?","M","?","T","R","?","E","?","$","E","$","M","BOSS","R_BF","M","M","?","$","M","T","E","M","R","E","R","?","?","M","BOSS","E","$","R","BOSS"],"items_purchased_type":["Relic","Card","Card","Relic","Card","Card","Relic","Card","Relic","Relic","Card","Card","Card","Card","Card","Card","Relic","Relic"],"build_version":"2020-12-13","purchased_purges":3,"victory":true,"max_hp_per_floor":[90,90,90,91,91,91,91,91,91,91,92,92,92,92,93,93,93,93,95,97,99,100,100,100,110,110,112,112,113,117,117,118,120,156,156,156,156,156,156,159,159,159,159,159,159,159,159,159,159,159,159,159,159,159,159],"relic_stats":{"counters":[31,141],"Mummified Hand":[143],"Sundial":[0],"Bird Faced Urn":[2],"MealTicket":45,"Turnip":[12],"Pen Nib":[36],"PreservedInsect":234,"Kunai":[47],"Boot":[9],"obtain_stats":[{"Ice Cream":45,"ReplayTheSpireMod:Ring of Exchange":12,"Lantern":30,"downfall:HeartBlessingGreen":13,"sneckomod:SneckoSoul":0,"Smiling Mask":11,"Boot":38,"Pet Ghost":39,"sneckomod:SuperSneckoSoul":34,"m_SnakeBloodCore":2,"Mummified Hand":23,"downfall:HeartBlessingBlue":25,"Sundial":39,"MealTicket":21,"downfall:RedIOU":28,"Kunai":33,"Replay:Wax Seal":4,"downfall:ShatteredFragment":9,"downfall:HeartBlessingRed":25,"Guide Book":29,"Pen Nib":7,"PreservedInsect":41,"White Beast Statue":27,"Du-Vu Doll":53,"CaptainsWheel":35,"Anchor":52,"Bird Faced Urn":53,"Turnip":1,"Membership Card":17,"ReplayTheSpireMod:Ring of Challenge":12,"Unceasing Top":42},{"Ice Cream":26,"ReplayTheSpireMod:Ring of Exchange":5,"Lantern":16,"downfall:HeartBlessingGreen":5,"sneckomod:SneckoSoul":0,"Smiling Mask":5,"Boot":21,"Pet Ghost":22,"sneckomod:SuperSneckoSoul":19,"m_SnakeBloodCore":0,"Mummified Hand":12,"downfall:HeartBlessingBlue":12,"Sundial":22,"MealTicket":11,"downfall:RedIOU":14,"Kunai":19,"Replay:Wax Seal":1,"downfall:ShatteredFragment":3,"downfall:HeartBlessingRed":12,"Guide Book":15,"Pen Nib":2,"PreservedInsect":23,"White Beast Statue":14,"Du-Vu Doll":30,"CaptainsWheel":19,"Anchor":30,"Bird Faced Urn":30,"Turnip":0,"Membership Card":8,"ReplayTheSpireMod:Ring of Challenge":5,"Unceasing Top":24},{"Ice Cream":115,"ReplayTheSpireMod:Ring of Exchange":16,"Lantern":64,"downfall:HeartBlessingGreen":16,"sneckomod:SneckoSoul":0,"Smiling Mask":16,"Boot":93,"Pet Ghost":96,"sneckomod:SuperSneckoSoul":85,"m_SnakeBloodCore":0,"Mummified Hand":48,"downfall:HeartBlessingBlue":48,"Sundial":96,"MealTicket":44,"downfall:RedIOU":57,"Kunai":85,"Replay:Wax Seal":4,"downfall:ShatteredFragment":11,"downfall:HeartBlessingRed":48,"Guide Book":61,"Pen Nib":8,"PreservedInsect":101,"White Beast Statue":57,"Du-Vu Doll":129,"CaptainsWheel":85,"Anchor":129,"Bird Faced Urn":129,"Turnip":0,"Membership Card":31,"ReplayTheSpireMod:Ring of Challenge":16,"Unceasing Top":107}],"Unceasing Top":[15]},"card_choices":[{"not_picked":["Specialist","Replay:Parry"],"picked":"expansioncontent:YouAreMine","floor":0.0},{"not_picked":["Perfected Strike","sneckomod:QuickBite"],"picked":"sneckomod:Unknown1Cost","floor":4.0},{"not_picked":["sneckomod:SerpentIdol","sneckomod:UnknownVulnerable"],"picked":"sneckomod:SoulRoll","floor":5},{"not_picked":["sneckomod:UnknownBlock","sneckomod:UnknownUncommonAttack"],"picked":"sneckomod:QuickMove","floor":8},{"not_picked":["sneckomod:UnknownCommonAttack","sneckomod:Unknown1Cost"],"picked":"sneckomod:Nope","floor":10},{"not_picked":["sneckomod:DiceBlock","sneckomod:DangerNoodle"],"picked":"sneckomod:Unknown1Cost","floor":11},{"not_picked":["sneckomod:DiceBoulder","sneckomod:RainOfDice"],"picked":"sneckomod:TrashToTreasure","floor":14},{"not_picked":["sneckomod:QuickBite","sneckomod:DiceBlock"],"picked":"sneckomod:UnknownUncommonPower","floor":15},{"not_picked":["sneckomod:UnknownRarePower","sneckomod:Mudshield"],"picked":"sneckomod:MorePower","floor":16},{"not_picked":["sneckomod:UnknownClassTHE_CHAMP_GRAY+1","sneckomod:UnknownBlock+1"],"picked":"sneckomod:UnknownEthereal+1","floor":19},{"not_picked":["sneckomod:UnknownClassHEXA_GHOST_PURPLE","sneckomod:Unknown1Cost+1"],"picked":"sneckomod:UnknownClassBLUE","floor":19},{"not_picked":["sneckomod:UnknownBlock+1","sneckomod:UnknownClassBLUE+1"],"picked":"sneckomod:Unknown2Cost+1","floor":20},{"not_picked":["sneckomod:DiceBoulder","sneckomod:UnknownCommonAttack+1"],"picked":"sneckomod:UnknownRareAttack","floor":20},{"not_picked":["sneckomod:UnknownClassGUARDIAN","sneckomod:DiceBoulder"],"picked":"sneckomod:QuickBite","floor":21},{"not_picked":["hexamod:ThirdSeal","hexamod:FourthSeal"],"picked":"hexamod:FirstSeal","floor":22},{"not_picked":["sneckomod:DiceCrush","sneckomod:WideSting"],"picked":"sneckomod:UnknownExhaust","floor":22},{"not_picked":["sneckomod:UnknownCommonAttack+1","sneckomod:UnknownClassSLIMEBOUND"],"picked":"sneckomod:IronFang","floor":26},{"not_picked":["sneckomod:UnknownVulnerable+1","sneckomod:UnknownClassBLUE+1"],"picked":"sneckomod:UnknownDexterity+1","floor":27},{"not_picked":["sneckomod:DangerNoodle","sneckomod:UnknownVulnerable"],"picked":"sneckomod:UnknownEthereal","floor":27},{"not_picked":["sneckomod:UnknownCommonSkill+1","sneckomod:TrashToTreasure"],"picked":"sneckomod:QuickMove+1","floor":27},{"not_picked":["sneckomod:UnknownUncommonAttack","sneckomod:UnknownCommonSkill"],"picked":"sneckomod:IronFang","floor":29},{"not_picked":["sneckomod:CheapStock","sneckomod:SoulDraw"],"picked":"sneckomod:Unknown3Cost","floor":29},{"not_picked":["sneckomod:Unknown1Cost","sneckomod:UnknownClassRED"],"picked":"sneckomod:DangerNoodle","floor":30},{"not_picked":["sneckomod:DiceBlock","sneckomod:UnknownCommonAttack"],"picked":"sneckomod:RainOfDice","floor":31},{"not_picked":["sneckomod:UnknownVulnerable+1","sneckomod:IronFang"],"picked":"sneckomod:UnknownUncommonPower","floor":32},{"not_picked":["sneckomod:UnknownX+1","sneckomod:UnknownClassPURPLE+1"],"picked":"sneckomod:UnknownVulnerable+1","floor":33},{"not_picked":["sneckomod:Mudshield","sneckomod:UnknownRareAttack"],"picked":"sneckomod:Unknown3Cost","floor":33},{"not_picked":["sneckomod:Unknown1Cost+1","sneckomod:UnknownCommonSkill+1"],"picked":"sneckomod:UnknownClassSLIMEBOUND+1","floor":36},{"not_picked":["sneckomod:UnknownClassSLIMEBOUND+1","sneckomod:DefensiveFlair"],"picked":"sneckomod:QuickMove","floor":36},{"not_picked":["sneckomod:DiceBlock","sneckomod:UnknownEthereal"],"picked":"sneckomod:RainOfDice+1","floor":37},{"not_picked":["sneckomod:SoulDraw+1","sneckomod:RainOfDice+1"],"picked":"sneckomod:DiceCrush+1","floor":38},{"not_picked":["sneckomod:DiceBoulder","sneckomod:UnknownUncommonSkill"],"picked":"sneckomod:SoulDraw+1","floor":38},{"not_picked":["sneckomod:ImprovisedAttack","sneckomod:UnknownUncommonSkill"],"picked":"sneckomod:SnekBeam+1","floor":39},{"not_picked":["sneckomod:UnknownUncommonAttack","sneckomod:DefensiveFlair"],"picked":"sneckomod:SoulExchange","floor":40},{"not_picked":["sneckomod:UnknownEthereal+1","sneckomod:UnknownUncommonSkill+1"],"picked":"sneckomod:UnknownColorless+1","floor":42},{"not_picked":["sneckomod:QuickBite","sneckomod:RainOfDice"],"picked":"sneckomod:UnknownClassPURPLE+1","floor":42},{"not_picked":["sneckomod:UnknownBlock+1","sneckomod:UnknownClassBLUE+1"],"picked":"sneckomod:Unknown3Cost+1","floor":43},{"not_picked":["sneckomod:UnknownCommonAttack","sneckomod:WideSting"],"picked":"sneckomod:UnknownExhaust","floor":43},{"not_picked":["hexamod:FourthSeal","hexamod:ThirdSeal","hexamod:SecondSeal"],"picked":"SKIP","floor":43},{"not_picked":["sneckomod:UnknownRareSkill","sneckomod:UnknownBlock"],"picked":"sneckomod:WideSting+1","floor":45},{"not_picked":["sneckomod:UnknownBlock+1","sneckomod:Unknown2Cost+1"],"picked":"sneckomod:DiceBlock+1","floor":48},{"not_picked":["sneckomod:SoulDraw+1","sneckomod:DiceBlock"],"picked":"sneckomod:RainOfDice+1","floor":49},{"not_picked":["sneckomod:UnknownCommonSkill+1","sneckomod:UnknownVulnerable+1"],"picked":"sneckomod:UnknownRareSkill+1","floor":52},{"not_picked":["sneckomod:ImprovisedGuard+1","sneckomod:UnknownClassRED"],"picked":"sneckomod:QuickBite","floor":52}],"player_experience":463673,"relics_obtained":[{"floor":1.0,"key":"Turnip"},{"floor":7,"key":"Pen Nib"},{"floor":11,"key":"Smiling Mask"},{"floor":12,"key":"ReplayTheSpireMod:Ring of Exchange"},{"floor":12,"key":"ReplayTheSpireMod:Ring of Challenge"},{"floor":23,"key":"Mummified Hand"},{"floor":27,"key":"White Beast Statue"},{"floor":30,"key":"Lantern"},{"floor":33,"key":"Kunai"},{"floor":35,"key":"CaptainsWheel"},{"floor":38,"key":"Boot"},{"floor":41,"key":"PreservedInsect"},{"floor":42,"key":"Unceasing Top"},{"floor":45,"key":"Ice Cream"},{"floor":52,"key":"Anchor"}],"event_choices":[{"damage_healed":0,"gold_gain":0,"player_choice":"Got Potions","damage_taken":0,"max_hp_gain":0,"max_hp_loss":0,"event_name":"Lab","floor":47,"gold_loss":0}],"is_beta":false,"boss_relics":[{"not_picked":["Runic Dome","ReplayTheSpireMod:CursedCoin"],"picked":"Membership Card"},{"not_picked":["ReplayTheSpireMod:Onyx Gauntlets","HandDrill"],"picked":"sneckomod:SuperSneckoSoul"}],"items_purged_floors":[21,31,39],"is_endless":false,"potions_floor_spawned":[5,8,10,14,22,26,29,30,31,32,33,36,37,39,40,42,43,45,48,49,52],"ascension_level":0}}