{"host":"vumwfieg2b2mnrfl","time":1608683212,"event":{"mods":["AchievementEnabler","BaseMod","Minty Spire (QoL Compilation)","Rare Cards Sparkle","Relic Stats"],"gold_per_floor":[110,285,18,32,47,73,73,101,152,152,186,250,265,62,62,159,159,173,173,173,187,187,220,220,232,303,303,335,348,348,54,54,153,153,166,166,166],"floor_reached":36,"playtime":1121,"items_purged":["Doubt"],"score":620,"play_id":"f31612c7-79f9-4652-9ae1-d1678fad0aa4","local_time":"20201222182652","is_ascension_mode":true,"campfire_choices":[{"floor":7.0,"key":"REST"},{"floor":15.0,"key":"REST"},{"floor":24.0,"key":"REST"},{"floor":27.0,"key":"REST"},{"floor":32.0,"key":"REST"}],"circlet_count":0,"master_deck":["Strike_B","Strike_B","Defend_B","Defend_B","Defend_B","Zap","Dualcast","Reboot","Sweeping Beam","Doom and Gloom","Undo","Rebound+1","Self Repair","Ball Lightning+1","Conserve Battery","Coolheaded","Seek","Loop+1","Sunder+1","Core Surge+1","Blizzard+1","Loop+1","Conserve Battery","Coolheaded+1","Undo","Undo+1","Multi-Cast","Ball Lightning"],"relics":["FrozenCore","Regal Pillow","Letter Opener","Smiling Mask","Omamori","MealTicket","DataDisk","Astrolabe","Whetstone","InkBottle","Bag of Marbles","WingedGreaves"],"acts_visited":["Exordium","TheCity","TheBeyond"],"potions_floor_usage":[36],"damage_taken":[{"damage":1.0,"enemies":"Cultist","floor":1.0,"turns":3.0},{"damage":8.0,"enemies":"Small Slimes","floor":4.0,"turns":2.0},{"damage":1.0,"enemies":"2 Louse","floor":5.0,"turns":2.0},{"damage":25.0,"enemies":"Gremlin Nob","floor":6.0,"turns":4.0},{"damage":30.0,"enemies":"Lagavulin","floor":8.0,"turns":6.0},{"damage":32.0,"enemies":"3 Sentries","floor":11.0,"turns":5.0},{"damage":3.0,"enemies":"Blue Slaver","floor":13.0,"turns":3.0},{"damage":26.0,"enemies":"The Guardian","floor":16.0,"turns":11.0},{"damage":28.0,"enemies":"Shell Parasite","floor":18.0,"turns":6.0},{"damage":21.0,"enemies":"2 Thieves","floor":21.0,"turns":3.0},{"damage":30.0,"enemies":"Book of Stabbing","floor":23.0,"turns":6.0},{"damage":17.0,"enemies":"Centurion and Healer","floor":25.0,"turns":5.0},{"damage":42.0,"enemies":"Gremlin Leader","floor":28.0,"turns":7.0},{"damage":24.0,"enemies":"Chosen and Byrds","floor":29.0,"turns":5.0},{"damage":63,"enemies":"Champ","floor":33,"turns":8},{"damage":8,"enemies":"Orb Walker","floor":35,"turns":6},{"damage":94,"enemies":"2 Orb Walkers","floor":36,"turns":4}],"seed_played":"-1540574552302583441","potions_obtained":[{"floor":1.0,"key":"Energy Potion"},{"floor":4.0,"key":"SkillPotion"},{"floor":5.0,"key":"Block Potion"},{"floor":18.0,"key":"Weak Potion"},{"floor":25.0,"key":"LiquidMemories"},{"floor":33,"key":"Regen Potion"}],"is_trial":false,"path_per_floor":["M","?","$","M","M","E","R","E","T","?","E","?","M","$","R","B",null,"M","?","?","M","?","E","R","M","T","R","E","M","?","$","R","B",null,"M","?"],"character_chosen":"DEFECT","items_purchased":["Doom and Gloom","Regal Pillow","DataDisk","Coolheaded","WingedGreaves"],"campfire_rested":5,"item_purchase_floors":[3,3,14,14,31],"current_hp_per_floor":[67,67,67,59,58,33,70,47,47,47,15,15,19,34,71,52,69,41,66,66,52,38,8,47,30,30,69,34,17,17,32,71,15,64,56,0,0],"gold":166,"neow_bonus":"ONE_RANDOM_RARE_CARD","is_daily":false,"chose_seed":false,"campfire_upgraded":0,"win_rate":0.0,"timestamp":1608683212,"path_taken":["M","?","$","M","M","E","R","E","T","?","E","?","M","?","R","BOSS","M","?","?","?","?","E","R","M","T","R","E","M","?","?","R","BOSS","M","?"],"items_purchased_type":["Card","Relic","Relic","Card","Relic"],"build_version":"2020-12-13","purchased_purges":1,"victory":false,"max_hp_per_floor":[75,75,75,75,75,75,75,75,75,75,75,75,75,75,75,75,75,75,75,75,75,80,80,80,80,80,80,80,80,80,80,80,80,80,80,80,80],"relic_stats":{"Regal Pillow":75,"counters":[17,86],"Astrolabe":["Loop","Sunder","Core Surge"],"MealTicket":30,"Letter Opener":[45],"Whetstone":["Ball Lightning","Rebound"],"Smiling Mask":0,"obtain_stats":[{"Regal Pillow":3,"Astrolabe":17,"Omamori":9,"Letter Opener":6,"Whetstone":23,"Smiling Mask":8,"FrozenCore":34,"DataDisk":14,"MealTicket":11,"WingedGreaves":31,"Bag of Marbles":28,"Cracked Core":0,"InkBottle":26},{"Regal Pillow":1,"Astrolabe":8,"Omamori":5,"Letter Opener":4,"Whetstone":11,"Smiling Mask":5,"FrozenCore":15,"DataDisk":7,"MealTicket":6,"WingedGreaves":14,"Bag of Marbles":13,"Cracked Core":0,"InkBottle":12},{"Regal Pillow":3,"Astrolabe":36,"Omamori":17,"Letter Opener":11,"Whetstone":51,"Smiling Mask":17,"FrozenCore":76,"DataDisk":25,"MealTicket":22,"WingedGreaves":68,"Bag of Marbles":63,"Cracked Core":0,"InkBottle":56}],"InkBottle":[8],"FrozenCore":[5]},"card_choices":[{"not_picked":["Scrape","Stack"],"picked":"Sweeping Beam","floor":1.0},{"not_picked":["Turbo","Rebound"],"picked":"Undo","floor":4.0},{"not_picked":["Turbo","Go for the Eyes"],"picked":"Rebound","floor":5.0},{"not_picked":["Hologram","Thunder Strike"],"picked":"Self Repair","floor":6.0},{"not_picked":["Go for the Eyes","Gash","Redo"],"picked":"SKIP","floor":8.0},{"not_picked":["Stack","Creative AI"],"picked":"Ball Lightning","floor":11.0},{"not_picked":["Gash","Compile Driver"],"picked":"Conserve Battery","floor":13.0},{"not_picked":["Rainbow","Hyperbeam"],"picked":"Seek","floor":16.0},{"not_picked":["Compile Driver","Beam Cell+1"],"picked":"Blizzard+1","floor":18.0},{"not_picked":["Hologram","Gash"],"picked":"Conserve Battery","floor":21.0},{"not_picked":["Compile Driver","Rebound+1"],"picked":"Coolheaded+1","floor":23.0},{"not_picked":["Go for the Eyes","Barrage","Compile Driver"],"picked":"SKIP","floor":25.0},{"not_picked":["Loop","Streamline"],"picked":"Undo","floor":28.0},{"not_picked":["Doom and Gloom","Streamline"],"picked":"Undo+1","floor":29.0},{"not_picked":["Rainbow","Hyperbeam"],"picked":"Multi-Cast","floor":33},{"not_picked":["Leap+1","Hologram"],"picked":"Ball Lightning","floor":35}],"player_experience":291392,"relics_obtained":[{"floor":6.0,"key":"Letter Opener"},{"floor":8.0,"key":"Smiling Mask"},{"floor":9.0,"key":"Omamori"},{"floor":11.0,"key":"MealTicket"},{"floor":23.0,"key":"Whetstone"},{"floor":26.0,"key":"InkBottle"},{"floor":28.0,"key":"Bag of Marbles"}],"event_choices":[{"damage_healed":0.0,"max_hp_gain":0.0,"max_hp_loss":0.0,"gold_gain":175.0,"event_name":"Liars Game","player_choice":"AGREE","floor":2.0,"gold_loss":0.0,"damage_taken":0.0,"cards_obtained":["Doubt"]},{"damage_healed":0.0,"max_hp_gain":0.0,"max_hp_loss":0.0,"gold_gain":0.0,"event_name":"Scrap Ooze","player_choice":"Fled","floor":10.0,"gold_loss":0.0,"damage_taken":0.0},{"damage_healed":0.0,"max_hp_gain":0.0,"max_hp_loss":0.0,"gold_gain":64.0,"event_name":"Golden Wing","player_choice":"Gained Gold","floor":12.0,"gold_loss":0.0,"damage_taken":0.0},{"damage_healed":25.0,"max_hp_gain":0.0,"max_hp_loss":0.0,"gold_gain":0.0,"event_name":"The Library","player_choice":"Heal","floor":19.0,"gold_loss":0.0,"damage_taken":0.0},{"damage_healed":0.0,"max_hp_gain":0.0,"max_hp_loss":0.0,"gold_gain":0.0,"event_name":"Duplicator","player_choice":"Copied","floor":20.0,"gold_loss":0.0,"damage_taken":0.0,"cards_obtained":["Loop"]},{"damage_healed":0.0,"max_hp_gain":5.0,"max_hp_loss":0.0,"gold_gain":0.0,"event_name":"Forgotten Altar","player_choice":"Shed Blood","floor":22.0,"gold_loss":0.0,"damage_taken":19.0},{"damage_healed":0.0,"max_hp_gain":0.0,"max_hp_loss":0.0,"gold_gain":0.0,"event_name":"Cursed Tome","player_choice":"Ignored","floor":30.0,"gold_loss":0.0,"damage_taken":0.0},{"damage_healed":0,"gold_gain":0,"player_choice":"Fight","damage_taken":0,"max_hp_gain":0,"max_hp_loss":0,"event_name":"Mysterious Sphere","floor":36,"gold_loss":0}],"is_beta":false,"boss_relics":[{"not_picked":["Black Star","SlaversCollar"],"picked":"Astrolabe"},{"not_picked":["Busted Crown","Snecko Eye"],"picked":"FrozenCore"}],"items_purged_floors":[3],"is_endless":false,"potions_floor_spawned":[1,4,5,18,25,33],"killed_by":"2 Orb Walkers","ascension_level":8}}