{"host":"cjhtzh7tp54jdfyv","time":1608726843,"event":{"mods":["AchievementEnabler","BaseMod","Colored Map","Colored Powertips","Downfall","Minty Spire (QoL Compilation)","RNG Fix","Relic Stats","StSLib","ojb\u0027s Better Paths Mod","ojb\u0027s Info Mod"],"gold_per_floor":[111,136,159,171,183,215,309,339,351,363,385,410,422,445,476,591,603,615,637,666,692,720,582,594,640,665,695,727,756,693,690,712,822,834,846,868,392,180,195,195,221,234,269,279,325,338,338,363,381,381],"floor_reached":51,"playtime":5441,"items_purged":["Guardian:Strike_Guardian"],"score":818,"play_id":"be442c24-36b3-4122-ae3d-1f54d5513878","local_time":"20201223073403","is_ascension_mode":true,"campfire_choices":[{"data":"Guardian:CurlUp","floor":1.0,"key":"SMITH"},{"data":"Guardian:RollAttack","floor":9.0,"key":"SMITH"},{"data":"Guardian:Suspension","floor":13.0,"key":"SMITH"},{"floor":18.0,"key":"RECALL"},{"floor":23,"key":"REST"},{"floor":30,"key":"REST"},{"floor":35,"key":"REST"},{"floor":40,"key":"REST"},{"floor":47,"key":"REST"}],"circlet_count":0,"master_deck":["Guardian:Strike_Guardian+1","Guardian:Strike_Guardian","Guardian:Strike_Guardian+1","Guardian:Defend_Guardian","Guardian:Defend_Guardian","Guardian:Defend_Guardian","Guardian:Defend_Guardian","Guardian:CurlUp+1","Guardian:TwinSlam","Guardian:RollAttack+1","Guardian:BronzeArmor","Guardian:Planning","Guardian:FloatingOrbs","Guardian:Suspension+1","Guardian:PrismaticBeam","Guardian:ConstructionForm","Guardian:TimeBomb+1","Guardian:EvasiveProtocol+1","Guardian:SpikerProtocol","Guardian:StasisStrike","Guardian:DecasProtection+1","Guardian:AncientConstruct","Guardian:ExploitGems","Guardian:Suspension+1","expansioncontent:BronzeBeam","Guardian:Repulse","Guardian:RevengeProtocol","Guardian:TimeCapacitor+1"],"relics":["Guardian:ModeShifter","MawBank","Fusion Hammer","downfall:HeartBlessingRed","downfall:HeartBlessingBlue","Boot","Whetstone","downfall:HeartBlessingGreen","Philosopher\u0027s Stone","Calipers","Guardian:BottledStasis","Anchor","Ornamental Fan","Dead Branch","StoneCalendar"],"acts_visited":["Exordium","TheCity","TheBeyond"],"potions_floor_usage":[21,25],"damage_taken":[{"damage":2.0,"enemies":"2 Louse","floor":2.0,"turns":3.0},{"damage":0.0,"enemies":"Jaw Worm","floor":3.0,"turns":3.0},{"damage":0.0,"enemies":"Small Slimes","floor":6.0,"turns":2.0},{"damage":6.0,"enemies":"Blue Slaver","floor":8.0,"turns":5.0},{"damage":8.0,"enemies":"Large Slime","floor":11.0,"turns":5.0},{"damage":0.0,"enemies":"3 Louse","floor":12.0,"turns":4.0},{"damage":3.0,"enemies":"Red Slaver","floor":14.0,"turns":4.0},{"damage":0.0,"enemies":"Lots of Slimes","floor":15.0,"turns":4.0},{"damage":41.0,"enemies":"downfall:Defect","floor":16.0,"turns":8.0},{"damage":0,"enemies":"Chosen","floor":19,"turns":7},{"damage":0,"enemies":"Shell Parasite","floor":20,"turns":5},{"damage":13,"enemies":"Snake Plant","floor":21,"turns":4},{"damage":5,"enemies":"Cultist and Chosen","floor":22,"turns":4},{"damage":11,"enemies":"Book of Stabbing","floor":25,"turns":6},{"damage":0,"enemies":"Snecko","floor":26,"turns":6},{"damage":8,"enemies":"Shelled Parasite and Fungi","floor":27,"turns":5},{"damage":0,"enemies":"Snake Plant","floor":28,"turns":4},{"damage":8,"enemies":"Sentry and Sphere","floor":29,"turns":5},{"damage":0,"enemies":"downfall:FleeingMerchant","floor":31,"turns":4},{"damage":2,"enemies":"Snecko","floor":32,"turns":5},{"damage":3,"enemies":"downfall:Watcher","floor":33,"turns":8},{"damage":16,"enemies":"Orb Walker","floor":36,"turns":3},{"damage":0,"enemies":"downfall:FleeingMerchant","floor":37,"turns":4},{"damage":7,"enemies":"downfall:FleeingMerchant","floor":38,"turns":4},{"damage":7,"enemies":"3 Shapes","floor":39,"turns":4},{"damage":0,"enemies":"Transient","floor":42,"turns":5},{"damage":31,"enemies":"Reptomancer","floor":43,"turns":6},{"damage":0,"enemies":"3 Darklings","floor":44,"turns":4},{"damage":20,"enemies":"2 Orb Walkers","floor":45,"turns":5},{"damage":5,"enemies":"Sphere and 2 Shapes","floor":46,"turns":5},{"damage":1,"enemies":"Giant Head","floor":48,"turns":6},{"damage":0,"enemies":"4 Shapes","floor":49,"turns":4},{"damage":0,"enemies":"downfall:Ironclad","floor":50,"turns":9}],"seed_played":"-5790648221053454734","potions_obtained":[{"floor":2.0,"key":"GamblersBrew"},{"floor":11.0,"key":"ColorlessPotion"},{"floor":15.0,"key":"champ:CounterPotion"},{"floor":19,"key":"CultistPotion"},{"floor":25,"key":"sneckomod:MuddlingPotion"},{"floor":27,"key":"LiquidMemories"},{"floor":33,"key":"DuplicationPotion"}],"is_trial":false,"path_per_floor":["R","M","M","?","?","M","T","M","R","?","M","M","R","M","M","B",null,"R","M","M","M","M","R","T","E","M","M","M","M","R","$","M","B",null,"R","M","$","?","M","R","T","M","E","M","?","M","R","E","M","B",null],"character_chosen":"GUARDIAN","items_purchased":["Calipers","expansioncontent:BronzeBeam","Guardian:Repulse","Guardian:BottledStasis"],"campfire_rested":5,"item_purchase_floors":[37,37,38,38],"current_hp_per_floor":[80,78,78,83,83,83,83,77,77,77,69,69,69,66,66,25,85,85,85,85,72,67,95,95,84,84,76,76,68,95,95,93,90,95,95,79,79,72,65,93,93,93,62,62,42,37,65,64,64,64],"gold":381,"neow_bonus":"RANDOM_COMMON_RELIC","is_daily":false,"chose_seed":false,"campfire_upgraded":3,"win_rate":0.0,"timestamp":1608726843,"path_taken":["R","M","M","?","?","M","T","M","R","?","M","M","R","M","M","BOSS","R","M","M","M","M","R","T","E","M","M","M","M","R","$","M","BOSS","R","M","$","?","M","R","T","M","E","M","?","M","R","E","M","BOSS"],"items_purchased_type":["Relic","Card","Card","Relic"],"build_version":"2020-12-22","purchased_purges":1,"victory":true,"max_hp_per_floor":[80,80,80,85,85,85,85,85,85,85,85,85,85,85,85,85,85,85,85,85,85,85,95,95,95,95,95,95,95,95,95,95,95,95,95,95,95,95,95,95,95,95,95,95,95,95,95,95,95,95],"relic_stats":{"counters":[33,157],"Ornamental Fan":[60],"Dead Branch":[29],"StoneCalendar":[34],"Whetstone":["Guardian:Strike_Guardian","Guardian:Strike_Guardian"],"MawBank":444,"Boot":[115],"obtain_stats":[{"Guardian:BottledStasis":38,"Calipers":37,"downfall:HeartBlessingRed":23,"Dead Branch":45,"Guardian:ModeShifter":0,"downfall:HeartBlessingGreen":30,"StoneCalendar":48,"Whetstone":25,"MawBank":0,"Boot":24,"Anchor":41,"downfall:HeartBlessingBlue":23,"Ornamental Fan":43,"Philosopher\u0027s Stone":34,"Fusion Hammer":17},{"Guardian:BottledStasis":24,"Calipers":23,"downfall:HeartBlessingRed":13,"Dead Branch":29,"Guardian:ModeShifter":0,"downfall:HeartBlessingGreen":18,"StoneCalendar":31,"Whetstone":14,"MawBank":0,"Boot":13,"Anchor":25,"downfall:HeartBlessingBlue":13,"Ornamental Fan":27,"Philosopher\u0027s Stone":21,"Fusion Hammer":9},{"Guardian:BottledStasis":111,"Calipers":107,"downfall:HeartBlessingRed":58,"Dead Branch":134,"Guardian:ModeShifter":0,"downfall:HeartBlessingGreen":83,"StoneCalendar":145,"Whetstone":63,"MawBank":0,"Boot":58,"Anchor":114,"downfall:HeartBlessingBlue":58,"Ornamental Fan":125,"Philosopher\u0027s Stone":100,"Fusion Hammer":38}]},"card_choices":[{"not_picked":["Guardian:Gem_Cyan","Guardian:TemporalStrike"],"picked":"Guardian:RollAttack","floor":2.0},{"not_picked":["Guardian:FloatingOrbs","Guardian:WalkerClaw"],"picked":"Guardian:Gem_Lightblue","floor":3.0},{"not_picked":["Guardian:Gem_Green","Guardian:WalkerClaw"],"picked":"Guardian:BronzeArmor","floor":6.0},{"not_picked":["Guardian:Orbwalk","Guardian:RefractedBeam","Guardian:Gem_Cyan"],"picked":"SKIP","floor":8.0},{"not_picked":["Guardian:PiercingHide","Guardian:Recover"],"picked":"Guardian:Suspension","floor":11.0},{"not_picked":["Guardian:TemporalShield","Guardian:Gem_Cyan"],"picked":"Guardian:Gem_White","floor":12.0},{"not_picked":["Guardian:TemporalShield","Guardian:RollAttack"],"picked":"Guardian:Gem_Green","floor":14.0},{"not_picked":["Guardian:TemporalShield","Guardian:Incinerate"],"picked":"Guardian:PrismaticBeam","floor":15.0},{"not_picked":["Guardian:FastForward","Guardian:HyperBeam_Guardian"],"picked":"Guardian:ConstructionForm","floor":16.0},{"not_picked":["Guardian:ChargeUp","Guardian:Gem_Fragmented"],"picked":"Guardian:TimeBomb+1","floor":19},{"not_picked":["Guardian:TemporalStrike+1","Guardian:ChargeCore","Guardian:CrystalBeam"],"picked":"SKIP","floor":20},{"not_picked":["Guardian:TemporalShield","Guardian:Gem_Red"],"picked":"Guardian:EvasiveProtocol+1","floor":21},{"not_picked":["Guardian:Gem_Lightblue","Guardian:TemporalShield"],"picked":"Guardian:SpikerProtocol","floor":22},{"not_picked":["Guardian:TemporalStrike+1","Guardian:Clone"],"picked":"Guardian:Gem_Crimson","floor":25},{"not_picked":["Guardian:Gem_Fragmented","Guardian:WalkerClaw","Guardian:Gem_Lightblue"],"picked":"SKIP","floor":26},{"not_picked":["Guardian:Gem_Green","Guardian:WalkerClaw"],"picked":"Guardian:StasisStrike","floor":27},{"not_picked":["Guardian:Gem_Red","Guardian:Gem_Green","Guardian:ShieldCharger"],"picked":"SKIP","floor":28},{"not_picked":["Guardian:VentSteam","Guardian:TemporalShield"],"picked":"Guardian:DecasProtection+1","floor":29},{"not_picked":["Guardian:VentSteam","Guardian:Gem_White"],"picked":"Guardian:AncientConstruct","floor":31},{"not_picked":["Guardian:Planning","Guardian:Recover"],"picked":"Guardian:Gem_Fragmented","floor":32},{"not_picked":["Guardian:ConstructionForm","Guardian:FierceBash"],"picked":"Guardian:ExploitGems","floor":33},{"not_picked":["Guardian:WalkerClaw+1","Guardian:Recover"],"picked":"Guardian:Suspension+1","floor":36},{"not_picked":["Guardian:Reroute+1","Guardian:ShieldCharger","Guardian:Recover"],"picked":"SKIP","floor":37},{"not_picked":["Guardian:Incinerate","Guardian:Gem_Red","Guardian:Gem_Lightblue"],"picked":"SKIP","floor":38},{"not_picked":["Guardian:Reroute+1","Guardian:Planning+1"],"picked":"Guardian:RevengeProtocol","floor":39},{"not_picked":["Guardian:VentSteam+1","Guardian:ChargeCore+1","Guardian:SentryBeam"],"picked":"SKIP","floor":42},{"not_picked":["Guardian:VentSteam+1","Guardian:ChargeCore+1","Guardian:SentryBeam"],"picked":"SKIP","floor":42},{"not_picked":["Guardian:RevengeProtocol","Guardian:BronzeOrb+1"],"picked":"Guardian:Gem_Synthetic","floor":43},{"not_picked":["Guardian:Incinerate","Guardian:Reroute+1"],"picked":"Guardian:Gem_Green","floor":44},{"not_picked":["Guardian:Suspension","Guardian:Harden"],"picked":"Guardian:TimeCapacitor+1","floor":45},{"not_picked":["Guardian:PrimingBeam","Guardian:SphericShield","Guardian:MultiBeam"],"picked":"SKIP","floor":46},{"not_picked":["Guardian:PiercingHide","Guardian:Gem_Purple","Guardian:Suspension"],"picked":"SKIP","floor":48},{"not_picked":["Guardian:Gem_Lightblue","Guardian:ShieldCharger+1","Guardian:Gem_Green"],"picked":"SKIP","floor":49}],"player_experience":4422696,"relics_obtained":[{"floor":24,"key":"Boot"},{"floor":25,"key":"Whetstone"},{"floor":41,"key":"Anchor"},{"floor":43,"key":"Ornamental Fan"},{"floor":45,"key":"Dead Branch"},{"floor":48,"key":"StoneCalendar"}],"event_choices":[{"damage_healed":0.0,"max_hp_gain":5.0,"max_hp_loss":0.0,"gold_gain":0.0,"event_name":"Big Fish","player_choice":"Donut","floor":4.0,"gold_loss":0.0,"damage_taken":0.0},{"damage_healed":0,"gold_gain":0,"player_choice":"Fight","damage_taken":0,"max_hp_gain":0,"max_hp_loss":0,"event_name":"Mysterious Sphere","floor":45,"gold_loss":0}],"is_beta":false,"boss_relics":[{"not_picked":["SlaversCollar","downfall:Hecktoplasm"],"picked":"Fusion Hammer"},{"not_picked":["Black Star","Busted Crown"],"picked":"Philosopher\u0027s Stone"}],"items_purged_floors":[37],"is_endless":false,"potions_floor_spawned":[2,11,15,16,19,25,27,33,36,42,44,46,48,49],"ascension_level":1}}