{"host":"0ae80r8lzpl1kk8y","time":1608723103,"event":{"mods":["BaseMod","Colored Map","Colored Powertips","Minty Spire (QoL Compilation)","Quick Restart","Shop Mod","StSLib","Unceasing Turn Reminder"],"gold_per_floor":[114,114,133,152,77,115,115,134,134,153,153,191,191,229,229,354,354,373,373,373,288,307,326,326,364,364,364,383,421,421,440,440,440,440],"floor_reached":33,"playtime":1288,"items_purged":["Injury"],"score":305,"play_id":"438a4e6d-c59c-49ad-ab48-bf64bbe366dc","local_time":"20201223133143","daily_mods":["SealedDeck","Red Cards","Night Terrors"],"is_ascension_mode":false,"campfire_choices":[{"data":"ClearTheMind","floor":7,"key":"SMITH"},{"floor":11,"key":"REST"},{"data":"Armaments","floor":13,"key":"SMITH"},{"floor":15,"key":"REST"},{"floor":24,"key":"REST"},{"floor":27,"key":"REST"},{"floor":30,"key":"REST"},{"data":"Devotion","floor":32,"key":"SMITH"}],"circlet_count":0,"master_deck":["Shrug It Off","Twin Strike","FollowUp","FlurryOfBlows","ClearTheMind+1","Rage","FollowUp","BowlingBash","Conclude","ClearTheMind","Blood for Blood","Crescendo","WaveOfTheHand","Armaments+1","Rage","Devotion+1","Shrug It Off+1","Prostrate","InnerPeace+1","SashWhip+1"],"relics":["PureWater","Golden Idol","Blue Candle","StrikeDummy","Question Card","StoneCalendar","Busted Crown","Smiling Mask","MealTicket","Dead Branch","CaptainsWheel"],"acts_visited":["Exordium","TheCity"],"potions_floor_usage":[6,16,18,18,25,25,25,33],"damage_taken":[{"damage":4,"enemies":"2 Louse","floor":1,"turns":2},{"damage":3,"enemies":"Jaw Worm","floor":3,"turns":2},{"damage":0,"enemies":"Small Slimes","floor":4,"turns":3},{"damage":18,"enemies":"Gremlin Nob","floor":6,"turns":4},{"damage":3,"enemies":"2 Fungi Beasts","floor":8,"turns":2},{"damage":24,"enemies":"Gremlin Gang","floor":10,"turns":3},{"damage":9,"enemies":"3 Sentries","floor":12,"turns":3},{"damage":20,"enemies":"Lagavulin","floor":14,"turns":4},{"damage":15,"enemies":"Hexaghost","floor":16,"turns":7},{"damage":17,"enemies":"Shell Parasite","floor":18,"turns":4},{"damage":2,"enemies":"3 Byrds","floor":22,"turns":4},{"damage":5,"enemies":"Snecko","floor":23,"turns":5},{"damage":20,"enemies":"Slavers","floor":25,"turns":5},{"damage":17,"enemies":"Shelled Parasite and Fungi","floor":28,"turns":6},{"damage":30,"enemies":"Gremlin Leader","floor":29,"turns":5},{"damage":16,"enemies":"Snake Plant","floor":31,"turns":3},{"damage":39,"enemies":"Collector","floor":33,"turns":6}],"seed_played":"4926568582952100995","potions_obtained":[{"floor":1,"key":"EntropicBrew"},{"floor":3,"key":"Dexterity Potion"},{"floor":4,"key":"ColorlessPotion"},{"floor":12,"key":"DistilledChaos"},{"floor":18,"key":"Block Potion"},{"floor":25,"key":"BottledMiracle"},{"floor":29,"key":"CultistPotion"}],"is_trial":false,"path_per_floor":["M","?","M","M","$","E","R","M","T","M","R","E","R","E","R","B",null,"M","?","?","?","M","M","R","E","T","R","M","E","R","M","R","B"],"character_chosen":"WATCHER","items_purchased":[],"campfire_rested":5,"item_purchase_floors":[],"current_hp_per_floor":[68,68,65,65,65,47,47,44,44,20,67,58,58,38,62,47,62,45,45,45,45,43,38,57,37,37,52,35,5,47,31,31,0,0],"gold":440,"neow_bonus":"","is_daily":true,"chose_seed":false,"campfire_upgraded":3,"win_rate":0.0,"timestamp":1608723103,"path_taken":["M","?","M","M","$","E","R","M","T","M","R","E","R","E","R","BOSS","M","?","?","?","M","M","R","E","T","R","M","E","R","M","R","BOSS"],"items_purchased_type":[],"build_version":"2020-12-22","purchased_purges":1,"victory":false,"max_hp_per_floor":[72,72,72,72,72,72,72,72,72,72,67,67,67,67,62,62,62,62,62,62,62,62,62,57,57,57,52,52,52,47,47,47,47,47],"card_choices":[{"not_picked":["Wallop","Sword Boomerang"],"picked":"Blood for Blood","floor":1},{"not_picked":["Consecrate","Second Wind","SashWhip"],"picked":"SKIP","floor":3},{"not_picked":["Burning Pact","WindmillStrike"],"picked":"Crescendo","floor":4},{"not_picked":["Corruption","ClearTheMind","WreathOfFlame"],"picked":"SKIP","floor":6},{"not_picked":["JustLucky","Pommel Strike","Burning Pact"],"picked":"SKIP","floor":8},{"not_picked":["Combust","FlyingSleeves"],"picked":"WaveOfTheHand","floor":10},{"not_picked":["Conclude","Perfected Strike"],"picked":"Armaments","floor":12},{"not_picked":["True Grit","FlyingSleeves","Infernal Blade"],"picked":"Rage","floor":14},{"not_picked":["Immolate","Brilliance","LessonLearned"],"picked":"Devotion","floor":16},{"not_picked":["Havoc"],"picked":"Shrug It Off+1","floor":18},{"not_picked":["Cleave","Heavy Blade+1"],"picked":"SKIP","floor":22},{"not_picked":["Thunderclap+1"],"picked":"Prostrate","floor":23},{"not_picked":["Havoc+1","Warcry+1"],"picked":"SKIP","floor":25},{"not_picked":["Sentinel","Sever Soul"],"picked":"SKIP","floor":28},{"not_picked":["Spot Weakness"],"picked":"InnerPeace+1","floor":29},{"not_picked":["Thunderclap"],"picked":"SashWhip+1","floor":31}],"player_experience":264953,"relics_obtained":[{"floor":6,"key":"Blue Candle"},{"floor":9,"key":"StrikeDummy"},{"floor":12,"key":"Question Card"},{"floor":14,"key":"StoneCalendar"},{"floor":25,"key":"MealTicket"},{"floor":26,"key":"Dead Branch"},{"floor":29,"key":"CaptainsWheel"}],"event_choices":[{"damage_healed":0,"gold_gain":0,"player_choice":"Take Wound","damage_taken":0,"relics_obtained":["Golden Idol"],"max_hp_gain":0,"max_hp_loss":0,"event_name":"Golden Idol","floor":2,"gold_loss":0,"cards_obtained":["Injury"]},{"damage_healed":0,"gold_gain":0,"player_choice":"Ignored","damage_taken":0,"max_hp_gain":0,"max_hp_loss":0,"event_name":"Beggar","floor":19,"gold_loss":0},{"damage_healed":0,"gold_gain":0,"player_choice":"Ignored","damage_taken":0,"max_hp_gain":0,"max_hp_loss":0,"event_name":"Ghosts","floor":20,"gold_loss":0},{"damage_healed":0,"gold_gain":0,"player_choice":"Obtained Relic","damage_taken":0,"relics_obtained":["Smiling Mask"],"max_hp_gain":0,"max_hp_loss":0,"event_name":"Addict","floor":21,"gold_loss":85}],"is_beta":false,"boss_relics":[{"not_picked":["Ectoplasm","Runic Pyramid"],"picked":"Busted Crown"}],"items_purged_floors":[5],"is_endless":false,"potions_floor_spawned":[1,3,4,12,18,22,25,29],"killed_by":"Collector","ascension_level":0}}