{"host":"cjhtzh7tp54jdfyv","time":1608735096,"event":{"mods":["AchievementEnabler","BaseMod","Colored Map","Colored Powertips","Downfall","Minty Spire (QoL Compilation)","RNG Fix","Relic Stats","StSLib","ojb\u0027s Better Paths Mod","ojb\u0027s Info Mod"],"gold_per_floor":[115,134,147,159,124,124,136,155,155,50,50,77,94,112,112,184,184,200,214,51,51,51,84,84,109,109,119,131,142,157,173,173,250,250,266,278,278,303,315,340,340,340,419,438,464,464,481,0,0,0,0,0,0,0,33,33],"floor_reached":57,"playtime":5146,"items_purged":["Strike_G","Decay"],"score":3245,"play_id":"d4df0d9a-9b8b-4014-9885-bae21823a11f","local_time":"20201223095136","is_ascension_mode":true,"campfire_choices":[{"data":"Predator","floor":6,"key":"SMITH"},{"data":"Noxious Fumes","floor":11,"key":"SMITH"},{"data":"Neutralize","floor":15,"key":"SMITH"},{"data":"After Image","floor":24,"key":"SMITH"},{"data":"Survivor","floor":32,"key":"SMITH"},{"floor":41,"key":"RECALL"},{"data":"Defend_G","floor":46,"key":"SMITH"},{"data":"Well Laid Plans","floor":49,"key":"SMITH"},{"data":"Defend_G","floor":53,"key":"SMITH"}],"circlet_count":0,"master_deck":["AscendersBane","Strike_G","Strike_G","Strike_G","Strike_G","Defend_G+1","Defend_G+1","Defend_G","Defend_G","Defend_G","Survivor+1","Neutralize+1","Predator+1","Noxious Fumes+1","All Out Attack","Acrobatics+1","Escape Plan+1","Catalyst+1","Burst+1","After Image+1","Calculated Gamble+1","Prepared+1","Acrobatics+1","Leg Sweep+1","Terror+1","Bouncing Flask+1","Deflect+1","PiercingWail+1","Blur+1","Crippling Poison+1","Acrobatics+1","Venomology+1","Blur+1","Burst+1","Catalyst+1","Leg Sweep+1","Prepared+1","Escape Plan+1","Concentrate+1","Well Laid Plans+1"],"relics":["HoveringKite","Toxic Egg 2","Dream Catcher","Coffee Dripper","Orrery","Thread and Needle","Kunai","HornCleat","Black Star","Incense Burner","Boot","Snake Skull","Bronze Scales","Regal Pillow","Frozen Eye","Bag of Preparation","Orichalcum","Akabeko"],"acts_visited":["Exordium","TheCity","TheBeyond","TheEnding"],"potions_floor_usage":[12,14,19,19,25,33,35,35,36,36,38,39,39,40,44,45,47,50,51,55,56,56,56],"damage_taken":[{"damage":0,"enemies":"Small Slimes","floor":1,"turns":6},{"damage":4,"enemies":"2 Louse","floor":2,"turns":3},{"damage":0,"enemies":"Cultist","floor":3,"turns":3},{"damage":14,"enemies":"Exordium Wildlife","floor":4,"turns":5},{"damage":5,"enemies":"Large Slime","floor":7,"turns":4},{"damage":4,"enemies":"Looter","floor":8,"turns":4},{"damage":7,"enemies":"3 Sentries","floor":12,"turns":5},{"damage":20,"enemies":"Exordium Thugs","floor":13,"turns":4},{"damage":0,"enemies":"2 Fungi Beasts","floor":14,"turns":3},{"damage":0,"enemies":"Hexaghost","floor":16,"turns":6},{"damage":4,"enemies":"3 Byrds","floor":18,"turns":4},{"damage":13,"enemies":"2 Thieves","floor":19,"turns":3},{"damage":21,"enemies":"Book of Stabbing","floor":23,"turns":5},{"damage":14,"enemies":"Slavers","floor":25,"turns":7},{"damage":0,"enemies":"3 Cultists","floor":27,"turns":4},{"damage":0,"enemies":"Centurion and Healer","floor":28,"turns":9},{"damage":0,"enemies":"Snecko","floor":29,"turns":5},{"damage":0,"enemies":"3 Cultists","floor":30,"turns":4},{"damage":0,"enemies":"Sentry and Sphere","floor":31,"turns":3},{"damage":0,"enemies":"Automaton","floor":33,"turns":9},{"damage":0,"enemies":"Orb Walker","floor":35,"turns":4},{"damage":0,"enemies":"3 Shapes","floor":36,"turns":6},{"damage":0,"enemies":"Mind Bloom Boss Battle","floor":38,"turns":4},{"damage":0,"enemies":"Writhing Mass","floor":39,"turns":7},{"damage":19,"enemies":"Reptomancer","floor":40,"turns":5},{"damage":0,"enemies":"Jaw Worm Horde","floor":44,"turns":4},{"damage":0,"enemies":"Giant Head","floor":45,"turns":7},{"damage":0,"enemies":"Spire Growth","floor":47,"turns":4},{"damage":0,"enemies":"Time Eater","floor":50,"turns":5},{"damage":0,"enemies":"Donu and Deca","floor":51,"turns":9},{"damage":0,"enemies":"Shield and Spear","floor":55,"turns":6},{"damage":26,"enemies":"The Heart","floor":56,"turns":9}],"seed_played":"-7030848840143310610","potions_obtained":[{"floor":3,"key":"LiquidMemories"},{"floor":12,"key":"DistilledChaos"},{"floor":13,"key":"DuplicationPotion"},{"floor":14,"key":"Swift Potion"},{"floor":23,"key":"Dexterity Potion"},{"floor":27,"key":"SkillPotion"},{"floor":33,"key":"PowerPotion"},{"floor":36,"key":"DistilledChaos"},{"floor":38,"key":"DistilledChaos"},{"floor":39,"key":"Ancient Potion"},{"floor":45,"key":"Poison Potion"},{"floor":55,"key":"Energy Potion"}],"is_trial":false,"path_per_floor":["M","M","M","M","?","R","M","M","T","$","R","E","M","M","R","B",null,"M","M","$","?","$","E","R","E","T","M","M","M","M","M","R","B",null,"M","M","?","?","M","E","R","?","T","M","E","R","M","$","R","B","B",null,"R","$","E","B",null],"character_chosen":"THE_SILENT","items_purchased":["Acrobatics+1","Orrery","Frozen Eye","Bag of Preparation","Well Laid Plans"],"campfire_rested":0,"item_purchase_floors":[10,20,48,48,48],"current_hp_per_floor":[59,55,55,41,57,57,52,48,48,48,48,41,21,21,21,21,55,51,38,38,38,38,17,17,3,3,3,3,3,3,3,3,3,50,50,50,50,50,50,31,31,31,31,31,31,31,31,31,31,31,31,57,57,57,57,43],"gold":33,"neow_bonus":"BOSS_RELIC","is_daily":false,"chose_seed":false,"campfire_upgraded":8,"win_rate":0.0,"timestamp":1608735096,"path_taken":["M","M","M","M","?","R","M","M","T","$","R","E","?","M","R","BOSS","M","M","$","?","?","E","R","E","T","M","M","M","M","M","R","BOSS","M","M","?","?","M","E","R","?","T","M","E","R","?","$","R","BOSS","BOSS","R","$","E","BOSS"],"items_purchased_type":["Card","Relic","Relic","Relic","Card"],"build_version":"2020-12-22","purchased_purges":2,"victory":true,"max_hp_per_floor":[66,66,66,66,66,66,66,66,66,66,66,66,66,66,66,66,66,66,66,66,66,66,66,66,66,66,66,66,66,66,66,66,66,66,66,66,66,66,66,66,66,66,66,66,66,66,66,66,66,66,66,66,66,66,66,66],"relic_stats":{"Dream Catcher":0,"Regal Pillow":0,"counters":[32,166],"Bronze Scales":[168],"HoveringKite":[104],"Snake Skull":[85],"Black Star":3,"Bag of Preparation":[8],"Kunai":[12],"Orichalcum":[6],"Boot":[4],"obtain_stats":[{"Regal Pillow":45,"HoveringKite":0,"Thread and Needle":23,"Snake Skull":40,"Incense Burner":38,"Bag of Preparation":48,"Orichalcum":55,"Boot":40,"Akabeko":55,"Frozen Eye":48,"Dream Catcher":12,"HornCleat":26,"Bronze Scales":45,"Orrery":20,"Coffee Dripper":17,"Black Star":34,"Kunai":25,"Toxic Egg 2":9,"Ring of the Snake":0},{"Regal Pillow":27,"HoveringKite":0,"Thread and Needle":13,"Snake Skull":25,"Incense Burner":23,"Bag of Preparation":28,"Orichalcum":31,"Boot":25,"Akabeko":31,"Frozen Eye":28,"Dream Catcher":7,"HornCleat":14,"Bronze Scales":27,"Orrery":12,"Coffee Dripper":10,"Black Star":20,"Kunai":14,"Toxic Egg 2":6,"Ring of the Snake":0},{"Regal Pillow":133,"HoveringKite":0,"Thread and Needle":55,"Snake Skull":122,"Incense Burner":110,"Bag of Preparation":137,"Orichalcum":157,"Boot":122,"Akabeko":157,"Frozen Eye":137,"Dream Catcher":30,"HornCleat":62,"Bronze Scales":133,"Orrery":50,"Coffee Dripper":43,"Black Star":96,"Kunai":62,"Toxic Egg 2":25,"Ring of the Snake":0}]},"card_choices":[{"not_picked":["Endless Agony","Underhanded Strike"],"picked":"Dagger Throw","floor":1},{"not_picked":["Prepared","Poisoned Stab"],"picked":"Predator","floor":2},{"not_picked":["PiercingWail","Deflect"],"picked":"Noxious Fumes","floor":3},{"not_picked":["Backflip","Sucker Punch","Bane"],"picked":"SKIP","floor":4},{"not_picked":["Dodge and Roll","Flechettes","Blade Dance"],"picked":"SKIP","floor":7},{"not_picked":["Quick Slash","Outmaneuver"],"picked":"All Out Attack","floor":8},{"not_picked":["Flechettes","Dagger Throw"],"picked":"Escape Plan+1","floor":12},{"not_picked":["Skewer","Eviscerate"],"picked":"Catalyst+1","floor":13},{"not_picked":["Dagger Throw","Dodge and Roll+1"],"picked":"Burst+1","floor":14},{"not_picked":["Envenom","Venomology+1"],"picked":"After Image","floor":16},{"not_picked":["Bane","Prepared+1"],"picked":"Calculated Gamble+1","floor":18},{"not_picked":["Endless Agony","Dagger Throw"],"picked":"Prepared+1","floor":19},{"not_picked":["Backstab","Predator"],"picked":"Acrobatics+1","floor":20},{"not_picked":["Calculated Gamble+1","Masterful Stab"],"picked":"Leg Sweep+1","floor":20},{"not_picked":["Slice","Cloak And Dagger+1"],"picked":"Terror+1","floor":20},{"not_picked":["Deflect+1","Deadly Poison+1"],"picked":"Bouncing Flask+1","floor":20},{"not_picked":["Glass Knife","All Out Attack"],"picked":"Deflect+1","floor":20},{"not_picked":["Terror+1","Blade Dance+1"],"picked":"PiercingWail+1","floor":23},{"not_picked":["A Thousand Cuts","Setup+1","Quick Slash"],"picked":"SKIP","floor":25},{"not_picked":["Dagger Throw","Poisoned Stab"],"picked":"Blur+1","floor":27},{"not_picked":["Poisoned Stab","Skewer+1"],"picked":"Crippling Poison+1","floor":28},{"not_picked":["Deadly Poison+1","Prepared+1"],"picked":"Acrobatics+1","floor":29},{"not_picked":["Poisoned Stab+1","Outmaneuver+1"],"picked":"Venomology+1","floor":30},{"not_picked":["Underhanded Strike","Flechettes"],"picked":"Blur+1","floor":31},{"not_picked":["Tools of the Trade","Unload"],"picked":"Burst+1","floor":33},{"not_picked":["Dagger Throw","Dash","Poisoned Stab"],"picked":"SKIP","floor":35},{"not_picked":["Sucker Punch+1","Prepared+1"],"picked":"Catalyst+1","floor":36},{"not_picked":["Prepared+1","Bouncing Flask+1"],"picked":"Leg Sweep+1","floor":38},{"not_picked":["Noxious Fumes","Deflect+1"],"picked":"Prepared+1","floor":39},{"not_picked":["Sucker Punch+1","Dash","Finisher+1"],"picked":"SKIP","floor":40},{"not_picked":["Unload","Underhanded Strike","Flying Knee"],"picked":"SKIP","floor":44},{"not_picked":["Dagger Spray","Cloak And Dagger+1"],"picked":"Escape Plan+1","floor":45},{"not_picked":["Cloak And Dagger+1","Prepared+1"],"picked":"Concentrate+1","floor":47},{"not_picked":["Underhanded Strike","Deadly Poison+1","Deflect+1"],"picked":"SKIP","floor":55}],"player_experience":4428137,"relics_obtained":[{"floor":9,"key":"Toxic Egg 2"},{"floor":12,"key":"Dream Catcher"},{"floor":23,"key":"Thread and Needle"},{"floor":25,"key":"Kunai"},{"floor":26,"key":"HornCleat"},{"floor":38,"key":"Incense Burner"},{"floor":40,"key":"Boot"},{"floor":40,"key":"Snake Skull"},{"floor":45,"key":"Bronze Scales"},{"floor":45,"key":"Regal Pillow"},{"floor":55,"key":"Orichalcum"},{"floor":55,"key":"Akabeko"}],"event_choices":[{"damage_healed":16,"gold_gain":0,"player_choice":"Healed","damage_taken":0,"max_hp_gain":0,"max_hp_loss":0,"event_name":"The Cleric","floor":5,"gold_loss":35},{"damage_healed":0,"gold_gain":0,"player_choice":"Smashed Altar","damage_taken":0,"max_hp_gain":0,"max_hp_loss":0,"event_name":"Forgotten Altar","floor":21,"gold_loss":0,"cards_obtained":["Decay"]},{"damage_healed":0,"gold_gain":0,"player_choice":"Ignored","damage_taken":0,"max_hp_gain":0,"max_hp_loss":0,"event_name":"Tomb of Lord Red Mask","floor":37,"gold_loss":0},{"damage_healed":0,"gold_gain":0,"player_choice":"Fight","damage_taken":0,"max_hp_gain":0,"max_hp_loss":0,"event_name":"MindBloom","floor":38,"gold_loss":0},{"cards_removed":["Dagger Throw"],"damage_healed":0,"gold_gain":0,"player_choice":"Removed Attack","damage_taken":0,"max_hp_gain":0,"max_hp_loss":0,"event_name":"Falling","floor":42,"gold_loss":0}],"is_beta":false,"boss_relics":[{"not_picked":["Snecko Eye","Calling Bell"],"picked":"Coffee Dripper"},{"not_picked":["WristBlade","Velvet Choker"],"picked":"Black Star"}],"items_purged_floors":[10,48],"is_endless":false,"potions_floor_spawned":[3,12,13,14,16,23,27,33,36,38,39,45,55],"ascension_level":20}}