{"host":"s7tmyr5e6xvpia4b","time":1608740742,"event":{"mods":["ATMod(°¢èªMod)","BaseMod","Bestiary","Better Synergies","BshForSts","Curses Come First","GifTheSpireLib","Minty Spire (QoL Compilation)","Replay The Spire","StSLib","The Blue Laboratory","noobMod"],"gold_per_floor":[117,117,135,155,166,166,223,235,235,235,264,284,296,296,296,426,489,505,525,525,140,181,181,81,81,105,105,141,159,203,78,78,197,297,310,335,335,335,350,390,390,414,465,483,100,100,456,476,476,476],"floor_reached":51,"playtime":2595,"items_purged":["Strike_G","Strike_G","Defend_G","Defend_G"],"score":1087,"play_id":"957c8513-0608-460a-a11a-9f5fb6e2694e","local_time":"20201224002542","is_ascension_mode":true,"campfire_choices":[{"data":"Bouncing Flask","floor":6,"key":"SMITH"},{"data":"Deadly Poison","floor":10,"key":"SMITH"},{"data":"Footwork","floor":15,"key":"SMITH"},{"data":"Corpse Explosion","floor":23,"key":"SMITH"},{"data":"Adrenaline","floor":25,"key":"SMITH"},{"floor":27,"key":"REST"},{"data":"Tactician","floor":32,"key":"SMITH"},{"data":"1","floor":41,"key":"LIFT"},{"data":"Cloak And Dagger","floor":46,"key":"SMITH"},{"data":"Noxious Fumes","floor":49,"key":"SMITH"}],"circlet_count":0,"master_deck":["Strike_G+1","Strike_G+1","Defend_G","Defend_G","Defend_G","Survivor","Neutralize","AT_GerminateFire","Deadly Poison+1","Bouncing Flask+1","Footwork+1","Calculated Gamble+1","Tactician+1","Adrenaline+1","Poisoned Stab+1","Corpse Explosion+1","Prepared","ReplayTheSpireMod:The Works","Cloak And Dagger+1","ReplayTheSpireMod:Speed Training","Escape Plan","Noxious Fumes+1","Bane"],"relics":["Ring of the Snake","AT_ATBox","ice","NeowsBlessing","PreservedInsect","MealTicket","Sundial","Golden Idol","Tiny House","Enchiridion","Basket Of Snakes","Red Mask","Gremlin Food","Mango","Replay:Bottled Snecko","Replay:Wanted Poster","AT_Manta","Ring of Misfortune","Ring of Fangs","Girya","Whetstone","AT_PhaseBoots","Potion Belt","Strange Spoon","Old Coin"],"acts_visited":["Exordium","TheCity","TheBeyond"],"potions_floor_usage":[7,16,16,22,33,40,44,44,48],"damage_taken":[{"damage":0,"enemies":"Jaw Worm","floor":1,"turns":1},{"damage":0,"enemies":"Cultist","floor":3,"turns":1},{"damage":0,"enemies":"2 Louse","floor":4,"turns":1},{"damage":25,"enemies":"Large Slime","floor":5,"turns":8},{"damage":18,"enemies":"Gremlin Nob","floor":7,"turns":5},{"damage":11,"enemies":"Blue Slaver","floor":8,"turns":3},{"damage":18,"enemies":"Lagavulin","floor":11,"turns":5},{"damage":0,"enemies":"Looter","floor":12,"turns":2},{"damage":9,"enemies":"Exordium Wildlife","floor":13,"turns":4},{"damage":16,"enemies":"The Guardian","floor":16,"turns":6},{"damage":19,"enemies":"3 Byrds","floor":18,"turns":4},{"damage":0,"enemies":"Chosen","floor":19,"turns":3},{"damage":47,"enemies":"Masked Bandits","floor":22,"turns":4},{"damage":12,"enemies":"Replay:Snechameleon","floor":28,"turns":3},{"damage":0,"enemies":"Centurion and Healer","floor":29,"turns":4},{"damage":21,"enemies":"Slavers","floor":30,"turns":2},{"damage":37,"enemies":"Champ","floor":33,"turns":9},{"damage":46,"enemies":"3 Darklings","floor":35,"turns":4},{"damage":0,"enemies":"Orb Walker","floor":39,"turns":3},{"damage":0,"enemies":"R_Hoarder","floor":40,"turns":6},{"damage":15,"enemies":"3 Darklings","floor":44,"turns":2},{"damage":20,"enemies":"2 Orb Walkers","floor":47,"turns":3},{"damage":11,"enemies":"Maw","floor":48,"turns":5},{"damage":96,"enemies":"Time Eater","floor":50,"turns":10}],"seed_played":"8271097278316124743","potions_obtained":[{"floor":3,"key":"BlessingOfTheForge"},{"floor":4,"key":"blueLaboratory:RememoryPotion"},{"floor":5,"key":"Poison Potion"},{"floor":7,"key":"Fruit Juice"},{"floor":16,"key":"Adrenaline Potion"},{"floor":17,"key":"blueLaboratory:HeartbeatPotion"},{"floor":18,"key":"Death Potion"},{"floor":22,"key":"Adrenaline Potion"},{"floor":33,"key":"blueLaboratory:EnvenomedCoating"},{"floor":35,"key":"FairyPotion"},{"floor":47,"key":"blueLaboratory:LouseDecoction"}],"is_trial":false,"path_per_floor":["M","?","M","M","M","R","?","M","T","R","E","M","M","?","R","B",null,"M","M","?","$","?","R","$","R","T","R","E","M","E","$","R","B",null,"M","?","?","T","M","E","R","T","T","M","$","R","?","M","R","B",null],"character_chosen":"THE_SILENT","items_purchased":["Basket Of Snakes","Strange Spoon","Escape Plan"],"campfire_rested":1,"item_purchase_floors":[21,45,45],"current_hp_per_floor":[70,70,70,70,45,45,75,64,64,64,46,46,37,37,37,21,87,68,68,52,67,20,20,35,35,35,74,76,76,55,70,70,33,160,114,114,114,114,114,114,114,114,114,99,114,114,94,83,83,176],"gold":476,"neow_bonus":"THREE_ENEMY_KILL","is_daily":false,"chose_seed":false,"campfire_upgraded":8,"win_rate":0.0,"timestamp":1608740742,"path_taken":["M","?","M","?","M","R","?","M","T","R","E","M","M","?","R","BOSS","M","M","?","$","?","R","?","R","T","R","E","M","E","$","R","BOSS","M","?","?","?","M","E","R","?","T","M","$","R","?","M","R","BOSS"],"items_purchased_type":["Relic","Relic","Card"],"build_version":"2020-12-22","purchased_purges":4,"victory":true,"max_hp_per_floor":[70,70,70,70,70,70,75,77,77,77,79,80,83,77,77,82,87,123,125,125,125,131,131,131,131,131,131,149,151,154,154,154,160,160,166,166,166,166,168,169,169,169,169,171,171,171,178,180,180,194],"card_choices":[{"not_picked":["Hidden Blade","Cloak And Dagger"],"picked":"Deadly Poison","floor":1},{"not_picked":["Backstab","AT_WindFlip","Underhanded Strike"],"picked":"SKIP","floor":3},{"not_picked":["Draining Mist","Underhanded Strike"],"picked":"Bouncing Flask","floor":4},{"not_picked":["Backflip","Prepared"],"picked":"Footwork","floor":5},{"not_picked":["Acrobatics","Leg Sweep"],"picked":"Calculated Gamble","floor":8},{"not_picked":["Deadly Poison","Hidden Blade"],"picked":"Tactician","floor":11},{"not_picked":["AT_TinkerSharpsword","Bane"],"picked":"Adrenaline","floor":12},{"not_picked":["Heel Hook","Cloak And Dagger"],"picked":"Poisoned Stab","floor":13},{"not_picked":["Replay:Bag of Tricks","Phantasmal Killer"],"picked":"Corpse Explosion","floor":16},{"not_picked":["Slice","All Out Attack","Masterful Stab"],"picked":"SKIP","floor":18},{"not_picked":["Poisoned Stab","Dodge and Roll","AT_FocusSwordFire"],"picked":"SKIP","floor":19},{"not_picked":["Quick Slash","Masterful Stab"],"picked":"Prepared","floor":28},{"not_picked":["Bane","Backstab+1"],"picked":"ReplayTheSpireMod:The Works","floor":29},{"not_picked":["Leg Sweep","AT_KneejerkReflex+1","Underhanded Strike+1"],"picked":"SKIP","floor":30},{"not_picked":["Sucker Punch","Choke","Bane"],"picked":"SKIP","floor":35},{"not_picked":["Dash+1","Flying Knee+1"],"picked":"Cloak And Dagger","floor":39},{"not_picked":["Bane+1","Backflip","PiercingWail+1"],"picked":"SKIP","floor":40},{"not_picked":["Accuracy","ReplayTheSpireMod:Necrosis"],"picked":"ReplayTheSpireMod:Speed Training","floor":44},{"not_picked":["Dodge and Roll","Fluid Movement"],"picked":"Noxious Fumes","floor":47},{"not_picked":["Underhanded Strike","Outmaneuver+1"],"picked":"Bane","floor":48}],"player_experience":32105,"relics_obtained":[{"floor":7,"key":"PreservedInsect"},{"floor":9,"key":"MealTicket"},{"floor":11,"key":"Sundial"},{"floor":20,"key":"Enchiridion"},{"floor":22,"key":"Red Mask"},{"floor":26,"key":"Gremlin Food"},{"floor":28,"key":"Mango"},{"floor":30,"key":"Replay:Bottled Snecko"},{"floor":36,"key":"AT_Manta"},{"floor":37,"key":"Ring of Misfortune"},{"floor":37,"key":"Ring of Fangs"},{"floor":38,"key":"Girya"},{"floor":40,"key":"Whetstone"},{"floor":42,"key":"AT_SpeedBoots"},{"floor":43,"key":"Potion Belt"},{"floor":47,"key":"Old Coin"}],"event_choices":[{"cards_removed":["Strike_G"],"damage_healed":0,"gold_gain":0,"player_choice":"Purged","damage_taken":0,"max_hp_gain":0,"max_hp_loss":0,"event_name":"Purifier","floor":2,"gold_loss":0},{"damage_healed":0,"gold_gain":0,"player_choice":"Searched \u00271\u0027 times","damage_taken":0,"max_hp_gain":0,"max_hp_loss":0,"event_name":"Dead Adventurer","floor":7,"gold_loss":0},{"damage_healed":0,"gold_gain":0,"player_choice":"Lose Max HP","damage_taken":0,"relics_obtained":["Golden Idol"],"max_hp_gain":0,"max_hp_loss":6,"event_name":"Golden Idol","floor":14,"gold_loss":0},{"damage_healed":0,"gold_gain":0,"player_choice":"Obtained Book","damage_taken":16,"max_hp_gain":0,"max_hp_loss":0,"event_name":"Cursed Tome","floor":20,"gold_loss":0},{"damage_healed":0,"gold_gain":0,"player_choice":"Fought Bandits","damage_taken":0,"max_hp_gain":0,"max_hp_loss":0,"event_name":"Masked Bandits","floor":22,"gold_loss":0},{"damage_healed":0,"gold_gain":0,"player_choice":"Fight","damage_taken":0,"max_hp_gain":0,"max_hp_loss":0,"event_name":"Mysterious Sphere","floor":47,"gold_loss":0}],"is_beta":false,"boss_relics":[{"not_picked":["Calling Bell","Velvet Choker"],"picked":"Tiny House"},{"not_picked":["Replay:Ancient Bell","Astrolabe"],"picked":"Replay:Wanted Poster"}],"items_purged_floors":[21,24,31,45],"is_endless":false,"potions_floor_spawned":[3,4,5,7,16,18,22,33,35,40,47],"ascension_level":2}}