{"host":"xx5zt3jtdyh8iun7","time":1608715803,"event":{"mods":["AchievementEnabler","Act Like it!","BaseMod","Bestiary","Downfall","Minty Spire (QoL Compilation)","Replay The Spire","StSLib"],"gold_per_floor":[99,109,120,120,132,132,132,148,148,165,193,211,226,246,263,361,361,361,361,361,271,271,271,271,271,271,271,271],"floor_reached":26,"playtime":2333,"items_purged":["champ:Defend"],"score":249,"play_id":"b38b789e-28e1-45b0-9a17-7a8a0375a027","local_time":"20201223103003","is_ascension_mode":true,"campfire_choices":[{"data":"champ:PerfectedStrike","floor":1,"key":"SMITH"},{"data":"Regret","floor":9,"key":"PURGE"},{"data":"champ:DancingMaster","floor":18,"key":"SMITH"}],"circlet_count":0,"master_deck":["champ:Strike","champ:Strike","champ:Strike","champ:Strike","champ:Defend","champ:Defend","champ:Defend","champ:Execute","champ:Taunt+1","champ:PerfectedStrike+1","champ:GladiatorsShout","champ:EnGarde","champ:RisingSlash","champ:BringItOn","champ:RisingSlash","champ:SteelEdge","champ:DefensiveShout","champ:ViciousMockery","champ:IronFortress","champ:ShieldWall","champ:DancingMaster+1","champ:BerserkersShout","champ:Improvising","champ:FlashCut","ReplayTheSpireMod:Splinters","champ:ArenaPreparation+1","champ:DancingMaster+1"],"relics":["champ:ChampionCrown","Replay:Multitool","FossilizedHelix","Vajra","downfall:Hecktoplasm","downfall:HeartBlessingGreen","champ:DefensiveTrainingManual","Singing Bowl","Replay:Ringing Soul"],"acts_visited":["Exordium","TheCity"],"potions_floor_usage":[8,11,15,26],"damage_taken":[{"damage":5,"enemies":"Small Slimes","floor":2,"turns":3},{"damage":5,"enemies":"2 Louse","floor":3,"turns":2},{"damage":7,"enemies":"Cultist","floor":5,"turns":4},{"damage":14,"enemies":"Gremlin Gang","floor":8,"turns":6},{"damage":0,"enemies":"Blue Slaver","floor":10,"turns":2},{"damage":0,"enemies":"Gremlin Nob","floor":11,"turns":3},{"damage":0,"enemies":"3 Louse","floor":12,"turns":2},{"damage":6,"enemies":"2 Fungi Beasts","floor":13,"turns":3},{"damage":6,"enemies":"Red Slaver","floor":14,"turns":3},{"damage":5,"enemies":"Exordium Thugs","floor":15,"turns":3},{"damage":44,"enemies":"downfall:Ironclad","floor":16,"turns":7},{"damage":0,"enemies":"Spheric Guardian","floor":19,"turns":2},{"damage":6,"enemies":"downfall:FleeingMerchant","floor":21,"turns":4},{"damage":5,"enemies":"Chosen","floor":22,"turns":4},{"damage":95,"enemies":"Book of Stabbing","floor":26,"turns":6}],"seed_played":"-6222614383459899535","potions_obtained":[{"floor":2,"key":"Guardian:BlockOnCardUsePotion"},{"floor":8,"key":"Energy Potion"},{"floor":12,"key":"SteroidPotion"},{"floor":13,"key":"Explosive Potion"},{"floor":16,"key":"Dexterity Potion"},{"floor":22,"key":"champ:TechniquePotion"}],"is_trial":false,"path_per_floor":["R","M","M","?","M","?","T","M","R","M","E","M","M","M","M","B",null,"R","M","?","$","M","?","T","?","E"],"character_chosen":"THE_CHAMP","items_purchased":[],"campfire_rested":0,"item_purchase_floors":[],"current_hp_per_floor":[90,85,85,85,78,78,78,69,69,69,69,69,69,63,58,14,90,90,90,90,90,85,87,87,90,0,0,0],"gold":271,"neow_bonus":"THREE_CARDS","is_daily":false,"chose_seed":false,"campfire_upgraded":2,"win_rate":0.0,"timestamp":1608715803,"path_taken":["R","M","M","?","M","?","T","M","R","?","E","M","M","?","M","BOSS","R","M","?","$","M","?","T","?","E"],"items_purchased_type":[],"build_version":"2020-12-22","purchased_purges":1,"victory":false,"max_hp_per_floor":[90,90,90,90,90,90,90,90,90,90,90,90,90,90,90,90,90,90,90,90,90,90,92,92,95,95,95,95],"card_choices":[{"not_picked":["champ:CrookedStrike","champ:BladeFlurry"],"picked":"champ:PerfectedStrike","floor":0},{"not_picked":["champ:BladeFlurry","champ:CrookedStrike"],"picked":"champ:GladiatorsShout","floor":2},{"not_picked":["champ:Haymaker","champ:ShieldWall"],"picked":"champ:EnGarde","floor":3},{"not_picked":["champ:BladeFlurry","champ:BerserkersShout"],"picked":"champ:RisingSlash","floor":5},{"not_picked":["champ:FightOn","champ:CrookedStrike"],"picked":"champ:BringItOn","floor":8},{"not_picked":["champ:ArenaPreparation","champ:FocusedBerserking"],"picked":"champ:RisingSlash","floor":10},{"not_picked":["champ:Shatter","champ:Backstep"],"picked":"champ:SteelEdge","floor":11},{"not_picked":["champ:FightOn","champ:EnGarde"],"picked":"champ:DefensiveShout","floor":12},{"not_picked":["champ:TornadoPunch","champ:FocusedBerserking"],"picked":"champ:ViciousMockery","floor":13},{"not_picked":["champ:Haymaker","champ:SkillfulDodge"],"picked":"champ:IronFortress","floor":14},{"not_picked":["champ:AdrenalArmor","champ:ShieldSigil"],"picked":"champ:ShieldWall","floor":15},{"not_picked":["champ:SteelEdge","champ:Devastate"],"picked":"champ:DancingMaster","floor":16},{"not_picked":["champ:BringItOn","champ:FanOfKnives"],"picked":"champ:BerserkersShout","floor":19},{"not_picked":["champ:RageSigil+1","champ:AdrenalArmor"],"picked":"champ:Improvising","floor":21},{"not_picked":["champ:IronFortress+1","champ:CrookedStrike"],"picked":"champ:FlashCut","floor":22},{"not_picked":["champ:PerfectedStrike","champ:Haymaker","champ:Encircle"],"picked":"Singing Bowl","floor":23},{"not_picked":["champ:DeathBlow","champ:SkillfulDodge"],"picked":"champ:ArenaPreparation+1","floor":23}],"player_experience":723220,"relics_obtained":[{"floor":7,"key":"FossilizedHelix"},{"floor":11,"key":"Vajra"},{"floor":23,"key":"Singing Bowl"},{"floor":24,"key":"Replay:Ringing Soul"}],"event_choices":[{"damage_healed":0,"gold_gain":0,"player_choice":"Box","damage_taken":0,"relics_obtained":["Replay:Multitool"],"max_hp_gain":0,"max_hp_loss":0,"event_name":"Big Fish","floor":4,"gold_loss":0,"cards_obtained":["Regret"]},{"damage_healed":0,"gold_gain":0,"player_choice":"Upgraded","damage_taken":0,"max_hp_gain":0,"max_hp_loss":0,"event_name":"Upgrade Shrine","floor":6,"gold_loss":0,"cards_upgraded":["champ:Taunt"]},{"damage_healed":0,"gold_gain":0,"player_choice":"Copied","damage_taken":0,"max_hp_gain":0,"max_hp_loss":0,"event_name":"Duplicator","floor":25,"gold_loss":0,"cards_obtained":["champ:DancingMaster"]}],"is_beta":false,"boss_relics":[{"not_picked":["Fusion Hammer","Black Star"],"picked":"downfall:Hecktoplasm"}],"items_purged_floors":[21],"is_endless":false,"potions_floor_spawned":[2,8,12,13,16,22],"killed_by":"Book of Stabbing","ascension_level":1}}