{"host":"2461dio7vetlq1z3","time":1608709271,"event":{"mods":["2.2 Compatiblity","AchievementEnabler","Aspiration","BaseMod","Better Third Choice","Hermit","Marisa????????","Minty Spire (QoL Compilation)","Relic Stats","Spicy Shops","StSLib","The Runesmith","Waifu the Spire"],"gold_per_floor":[109,120,120,120,120,160,179,179,179,202,202,223,259,259,259,358,358,379,329,13,28,41,80,80,118,167,200,31,51,94,118,118,207,207,225,248,248,67,67,67,102,102,102,102,102,140,164,164,164,164,164,164,31,64,64],"floor_reached":56,"playtime":2828,"items_purged":["Strike_MRS","Strike_MRS"],"score":2578,"play_id":"b700baf8-42c0-437a-9ab0-faf163d16326","local_time":"20201223084111","is_ascension_mode":true,"campfire_choices":[{"data":"MysteriousBeam","floor":8,"key":"SMITH"},{"data":"OrrerysSun","floor":11,"key":"SMITH"},{"data":"MysteriousBeam","floor":15,"key":"SMITH"},{"data":"OrrerysSun","floor":24,"key":"SMITH"},{"data":"CasketOfStar","floor":32,"key":"SMITH"},{"floor":40,"key":"RECALL"},{"data":"OrrerysSun","floor":42,"key":"SMITH"},{"data":"OrrerysSun","floor":45,"key":"SMITH"},{"data":"Writhe","floor":49,"key":"PURGE"},{"data":"Writhe","floor":52,"key":"PURGE"}],"circlet_count":0,"master_deck":["AscendersBane","Strike_MRS+1","Defend_MRS","Defend_MRS","Defend_MRS","Defend_MRS","MasterSpark","UpSweep","OrrerysSun+1","MysteriousBeam+1","CasketOfStar+1","ShootingEcho","MysteriousBeam+1","MilkyWay","SprinkleStarSeal","MaximisePower+1","TreasureHunter","EarthLightRay+1","OrrerysSun+1","MagicAbsorber","OortCloud","ShootingEcho","GasGiant","OrrerysSun+1","GalacticHalo","AsteroidBelt","Acceleration","OrrerysSun","EscapeVelocity","GalacticHalo+1","GravityBeat+1","OrrerysSun+1","MaximisePower","PropBag"],"relics":["MiniHakkero","NeowsBlessing","Golden Idol","Mercury Hourglass","Pantograph","Darkstone Periapt","MealTicket","Coffee Dripper","Medical Kit","FossilizedHelix","Centennial Puzzle","Bottled Lightning","aspiration:PocketMushroom","Mummified Hand","Juzu Bracelet","Meat on the Bone","White Beast Statue","CaptainsWheel","Cursed Key","Vajra","The Courier","aspiration:HiddenCompartment","BreadOfAWashokuLover","Peace Pipe","ClockworkSouvenir","Ornamental Fan","Ice Cream"],"acts_visited":["Exordium","TheCity","TheBeyond","TheEnding"],"potions_floor_usage":[13,25,41,55],"damage_taken":[{"damage":0,"enemies":"2 Louse","floor":1,"turns":1},{"damage":0,"enemies":"Small Slimes","floor":2,"turns":1},{"damage":0,"enemies":"Gremlin Nob","floor":6,"turns":1},{"damage":2,"enemies":"Jaw Worm","floor":7,"turns":3},{"damage":2,"enemies":"Large Slime","floor":10,"turns":4},{"damage":4,"enemies":"Exordium Thugs","floor":12,"turns":3},{"damage":10,"enemies":"Lagavulin","floor":13,"turns":5},{"damage":24,"enemies":"Hexaghost","floor":16,"turns":6},{"damage":9,"enemies":"3 Byrds","floor":18,"turns":4},{"damage":6,"enemies":"2 Thieves","floor":21,"turns":2},{"damage":0,"enemies":"Snecko","floor":22,"turns":2},{"damage":33,"enemies":"Book of Stabbing","floor":23,"turns":5},{"damage":17,"enemies":"Slavers","floor":25,"turns":6},{"damage":7,"enemies":"Book of Stabbing","floor":27,"turns":5},{"damage":6,"enemies":"Snake Plant","floor":29,"turns":3},{"damage":27,"enemies":"Slavers","floor":30,"turns":3},{"damage":0,"enemies":"Centurion and Healer","floor":31,"turns":6},{"damage":0,"enemies":"Collector","floor":33,"turns":11},{"damage":0,"enemies":"Orb Walker","floor":35,"turns":4},{"damage":19,"enemies":"3 Darklings","floor":36,"turns":4},{"damage":0,"enemies":"Reptomancer","floor":41,"turns":5},{"damage":0,"enemies":"Nemesis","floor":46,"turns":5},{"damage":0,"enemies":"Transient","floor":47,"turns":1},{"damage":41,"enemies":"Time Eater","floor":50,"turns":11},{"damage":10,"enemies":"Shield and Spear","floor":54,"turns":6},{"damage":0,"enemies":"The Heart","floor":55,"turns":8}],"seed_played":"-7874788784771428630","potions_obtained":[{"floor":2,"key":"SkillPotion"},{"floor":6,"key":"Fire Potion"},{"floor":13,"key":"Strength Potion"},{"floor":18,"key":"Fire Potion"},{"floor":31,"key":"BlessingOfTheForge"},{"floor":41,"key":"Swift Potion"},{"floor":46,"key":"SteroidPotion"}],"is_trial":false,"path_per_floor":["M","M","?","?","?","E","M","R","T","M","R","M","E","?","R","B",null,"M","?","$","M","M","E","R","E","T","E","$","M","E","M","R","B",null,"M","M","?","$","?","R","E","R","T","T","R","E","M","?","R","B",null,"R","$","E","B",null],"character_chosen":"MARISA","items_purchased":["Medical Kit","OrrerysSun","OrrerysSun","GalacticHalo","AsteroidBelt","OrrerysSun","ClockworkSouvenir"],"campfire_rested":0,"item_purchase_floors":[20,20,28,28,28,38,53],"current_hp_per_floor":[63,63,63,63,39,39,37,37,37,35,35,31,21,21,21,22,58,49,49,64,58,64,37,37,26,26,25,40,40,19,37,37,68,70,70,51,46,61,61,61,66,66,72,78,78,78,78,78,78,47,70,70,78,86,91],"gold":64,"neow_bonus":"THREE_ENEMY_KILL","is_daily":false,"chose_seed":false,"campfire_upgraded":7,"win_rate":0.0,"timestamp":1608709271,"path_taken":["M","M","?","?","?","E","M","R","T","M","R","M","E","?","R","BOSS","M","?","$","?","M","E","R","E","T","E","$","M","E","M","R","BOSS","M","M","?","$","?","R","E","R","T","?","R","E","M","?","R","BOSS","R","$","E","BOSS"],"items_purchased_type":["Relic","Card","Card","Card","Card","Card","Relic"],"build_version":"2020-12-22","purchased_purges":2,"victory":true,"max_hp_per_floor":[70,70,70,70,70,70,70,70,70,70,70,70,70,70,70,70,70,70,70,70,70,70,70,70,70,70,70,70,70,70,70,70,70,70,70,70,70,70,66,66,66,66,72,78,78,78,78,78,78,78,78,78,78,91,91],"relic_stats":{"Darkstone Periapt":12,"counters":[26,115],"Golden Idol":190,"Juzu Bracelet":0,"Medical Kit":[29],"Cursed Key":2,"Mercury Hourglass":[415],"Peace Pipe":2,"Centennial Puzzle":[18],"Mummified Hand":[68],"Ornamental Fan":[40],"Pantograph":55,"MealTicket":53,"obtain_stats":[{"Darkstone Periapt":13,"Ice Cream":54,"AmplifyWand":55,"Vajra":41,"Juzu Bracelet":27,"Cursed Key":34,"ClockworkSouvenir":53,"Centennial Puzzle":25,"Mummified Hand":27,"Pantograph":9,"MealTicket":14,"NeowsBlessing":0,"Golden Idol":5,"BreadOfAWashokuLover":46,"The Courier":41,"Medical Kit":20,"aspiration:HiddenCompartment":44,"White Beast Statue":30,"Mercury Hourglass":6,"aspiration:PocketMushroom":26,"Peace Pipe":46,"CaptainsWheel":33,"Ornamental Fan":54,"Coffee Dripper":17,"MiniHakkero":0,"Bottled Lightning":25,"FossilizedHelix":23,"Meat on the Bone":30},{"Darkstone Periapt":7,"Ice Cream":25,"AmplifyWand":26,"Vajra":21,"Juzu Bracelet":14,"Cursed Key":18,"ClockworkSouvenir":24,"Centennial Puzzle":13,"Mummified Hand":14,"Pantograph":4,"MealTicket":7,"NeowsBlessing":0,"Golden Idol":2,"BreadOfAWashokuLover":22,"The Courier":21,"Medical Kit":9,"aspiration:HiddenCompartment":21,"White Beast Statue":16,"Mercury Hourglass":3,"aspiration:PocketMushroom":13,"Peace Pipe":22,"CaptainsWheel":18,"Ornamental Fan":25,"Coffee Dripper":8,"MiniHakkero":0,"Bottled Lightning":13,"FossilizedHelix":12,"Meat on the Bone":16},{"Darkstone Periapt":18,"Ice Cream":107,"AmplifyWand":112,"Vajra":84,"Juzu Bracelet":48,"Cursed Key":71,"ClockworkSouvenir":101,"Centennial Puzzle":43,"Mummified Hand":48,"Pantograph":6,"MealTicket":18,"NeowsBlessing":0,"Golden Idol":2,"BreadOfAWashokuLover":89,"The Courier":84,"Medical Kit":28,"aspiration:HiddenCompartment":84,"White Beast Statue":54,"Mercury Hourglass":3,"aspiration:PocketMushroom":43,"Peace Pipe":89,"CaptainsWheel":71,"Ornamental Fan":107,"Coffee Dripper":24,"MiniHakkero":0,"Bottled Lightning":43,"FossilizedHelix":37,"Meat on the Bone":54}],"Meat on the Bone":12},"card_choices":[{"not_picked":["LuminesStrike","AlicesGift"],"picked":"OrrerysSun","floor":1},{"not_picked":["UnstableBomb","SporeBomb"],"picked":"MysteriousBeam","floor":2},{"not_picked":["Acceleration","ManaRampage"],"picked":"ShootingEcho","floor":6},{"not_picked":["PowerUp","Acceleration"],"picked":"MysteriousBeam","floor":7},{"not_picked":["DeepEcoloBomb","SporeBomb"],"picked":"MilkyWay","floor":10},{"not_picked":["ShootingEcho","DarkMatter"],"picked":"SprinkleStarSeal","floor":12},{"not_picked":["ShootingEcho","IllusionStar"],"picked":"MaximisePower","floor":13},{"not_picked":["StarDustReverie","UltimateShortwave"],"picked":"TreasureHunter","floor":16},{"not_picked":["IllusionStar","FairyDestructionRay"],"picked":"EarthLightRay+1","floor":18},{"not_picked":["EnergyRecoil","GravityBeat"],"picked":"MagicAbsorber","floor":21},{"not_picked":["GravityBeat","6A"],"picked":"OortCloud","floor":22},{"not_picked":["AbsoluteMagnitude","AsteroidBelt"],"picked":"ShootingEcho","floor":23},{"not_picked":["EnergyRecoil","GrandCross","ShootingEcho"],"picked":"SKIP","floor":25},{"not_picked":["DeepEcoloBomb","LuminesStrike"],"picked":"GasGiant","floor":27},{"not_picked":["WitchLeyline","Orbital","UnstableBomb"],"picked":"SKIP","floor":29},{"not_picked":["LuminesStrike","DC"],"picked":"Acceleration","floor":30},{"not_picked":["DarkMatter","Acceleration"],"picked":"OrrerysSun","floor":31},{"not_picked":["BlazingStar","CollectingQuirk"],"picked":"EscapeVelocity","floor":33},{"not_picked":["Orbital+1","MachineGunSpark"],"picked":"GalacticHalo+1","floor":35},{"not_picked":["UnstableBomb","LuminesStrike"],"picked":"GravityBeat+1","floor":36},{"not_picked":["DC","GalacticHalo","GravityBeat"],"picked":"SKIP","floor":41},{"not_picked":["Acceleration","MagicChant"],"picked":"MaximisePower","floor":46},{"not_picked":["RefractionSpark","DarkMatter+1","DarkSpark+1"],"picked":"SKIP","floor":47},{"not_picked":["DoubleSpark","WitchLeyline"],"picked":"PropBag","floor":54}],"player_experience":969664,"relics_obtained":[{"floor":6,"key":"Mercury Hourglass"},{"floor":9,"key":"Pantograph"},{"floor":13,"key":"Darkstone Periapt"},{"floor":23,"key":"FossilizedHelix"},{"floor":25,"key":"Centennial Puzzle"},{"floor":25,"key":"Bottled Lightning"},{"floor":26,"key":"aspiration:PocketMushroom"},{"floor":27,"key":"Mummified Hand"},{"floor":27,"key":"Juzu Bracelet"},{"floor":30,"key":"Meat on the Bone"},{"floor":30,"key":"White Beast Statue"},{"floor":33,"key":"CaptainsWheel"},{"floor":41,"key":"Vajra"},{"floor":41,"key":"The Courier"},{"floor":44,"key":"aspiration:HiddenCompartment"},{"floor":46,"key":"BreadOfAWashokuLover"},{"floor":46,"key":"Peace Pipe"},{"floor":54,"key":"Ornamental Fan"},{"floor":54,"key":"Ice Cream"}],"event_choices":[{"damage_healed":0,"gold_gain":0,"player_choice":"Ignored","damage_taken":120,"max_hp_gain":0,"max_hp_loss":0,"event_name":"betterThird:BetterSerpent","floor":3,"gold_loss":0},{"damage_healed":0,"gold_gain":0,"cards_transformed":["Strike_MRS"],"player_choice":"Change","damage_taken":0,"max_hp_gain":0,"max_hp_loss":0,"event_name":"Living Wall","floor":4,"gold_loss":0,"cards_obtained":["CasketOfStar"]},{"damage_healed":0,"gold_gain":0,"player_choice":"Take Damage","damage_taken":24,"relics_obtained":["Golden Idol"],"max_hp_gain":0,"max_hp_loss":0,"event_name":"Golden Idol","floor":5,"gold_loss":0},{"damage_healed":0,"gold_gain":0,"player_choice":"Gave Potion","damage_taken":0,"relics_obtained":["MealTicket"],"max_hp_gain":0,"max_hp_loss":0,"event_name":"WeMeetAgain","floor":14,"gold_loss":0},{"damage_healed":0,"gold_gain":0,"player_choice":"Upgraded Two","damage_taken":0,"max_hp_gain":0,"max_hp_loss":0,"event_name":"Designer","floor":19,"gold_loss":50,"cards_upgraded":["Strike_MRS","MaximisePower"]},{"damage_healed":0,"gold_gain":0,"player_choice":"Memory 2","damage_taken":5,"max_hp_gain":0,"max_hp_loss":0,"event_name":"SensoryStone","floor":37,"gold_loss":0},{"damage_healed":0,"gold_gain":0,"player_choice":"Max HP","damage_taken":0,"max_hp_gain":0,"max_hp_loss":4,"event_name":"Winding Halls","floor":39,"gold_loss":0},{"damage_healed":0,"gold_gain":0,"player_choice":"0 cards matched","damage_taken":0,"max_hp_gain":0,"max_hp_loss":0,"event_name":"Match and Keep!","floor":48,"gold_loss":0,"cards_obtained":[]}],"is_beta":false,"boss_relics":[{"not_picked":["SlaversCollar","Velvet Choker"],"picked":"Coffee Dripper"},{"not_picked":["Pandora\u0027s Box","aspiration:RitualDagger"],"picked":"Cursed Key"}],"items_purged_floors":[20,38],"is_endless":false,"potions_floor_spawned":[2,6,13,18,22,31,33,35,36,41,46,47,54],"ascension_level":17}}