{"host":"hfxp6ue4pvwo3fit","time":1608688814,"event":{"mods":["AchievementEnabler","BaseMod","Colored Map","Colored Powertips","Highlight Path","Minty Spire (QoL Compilation)","StSLib","SuperFastMode"],"gold_per_floor":[119,131,142,217,230,230,259,259,283,283,317,282,95,110,110,209,209,225,164,174,193,213,213,240,240,240,240,266,279,279,307,307,405,405,419,432,432,432,452,481,500,500,500,528,201,201,211,56,56,56],"floor_reached":51,"playtime":2735,"items_purged":["Strike_P+1"],"score":1215,"play_id":"480e61aa-e868-4859-9fb2-f6d9c0c248e9","local_time":"20201222200014","is_ascension_mode":true,"campfire_choices":[{"data":"Vigilance","floor":6,"key":"SMITH"},{"data":"LessonLearned","floor":8,"key":"SMITH"},{"data":"Eruption","floor":10,"key":"SMITH"},{"data":"Vault","floor":15,"key":"SMITH"},{"data":"Tantrum","floor":23,"key":"SMITH"},{"data":"FlurryOfBlows","floor":25,"key":"SMITH"},{"data":"ClearTheMind","floor":30,"key":"SMITH"},{"data":"CutThroughFate","floor":32,"key":"SMITH"},{"floor":42,"key":"RECALL"}],"circlet_count":0,"master_deck":["Strike_P+1","Strike_P+1","Defend_P+1","Defend_P+1","Defend_P+1","Eruption+1","Vigilance+1","ThirdEye+1","FlurryOfBlows+1","CutThroughFate+1","LessonLearned+1","FlurryOfBlows+1","Vault+1","ClearTheMind+1","LessonLearned+1","Tantrum+1","EmptyFist+1","Protect+1","Weave+1","Evaluate+1","Blasphemy+1","Crescendo+1","FlurryOfBlows+1","ThirdEye+1","WindmillStrike+1","Consecrate+1"],"relics":["Coffee Dripper","MealTicket","Bronze Scales","Pen Nib","Empty Cage","Prayer Wheel","Potion Belt","Toxic Egg 2","Yang","Bag of Marbles","Cursed Key","Toy Ornithopter","Pear","Strange Spoon","Anchor"],"acts_visited":["Exordium","TheCity","TheBeyond"],"potions_floor_usage":[7,16,21,28,44,50,50,50],"damage_taken":[{"damage":0,"enemies":"Jaw Worm","floor":1,"turns":3},{"damage":0,"enemies":"2 Louse","floor":2,"turns":4},{"damage":0,"enemies":"Cultist","floor":3,"turns":2},{"damage":2,"enemies":"2 Fungi Beasts","floor":5,"turns":3},{"damage":6,"enemies":"3 Sentries","floor":7,"turns":7},{"damage":13,"enemies":"Lagavulin","floor":11,"turns":8},{"damage":0,"enemies":"Exordium Thugs","floor":14,"turns":3},{"damage":13,"enemies":"Slime Boss","floor":16,"turns":4},{"damage":12,"enemies":"Shell Parasite","floor":18,"turns":4},{"damage":0,"enemies":"Chosen","floor":20,"turns":5},{"damage":10,"enemies":"Centurion and Healer","floor":21,"turns":3},{"damage":2,"enemies":"3 Cultists","floor":22,"turns":6},{"damage":0,"enemies":"Gremlin Leader","floor":24,"turns":4},{"damage":0,"enemies":"Book of Stabbing","floor":28,"turns":3},{"damage":0,"enemies":"Snecko","floor":29,"turns":2},{"damage":32,"enemies":"Slavers","floor":31,"turns":4},{"damage":0,"enemies":"Automaton","floor":33,"turns":7},{"damage":0,"enemies":"3 Darklings","floor":35,"turns":4},{"damage":0,"enemies":"Orb Walker","floor":36,"turns":1},{"damage":0,"enemies":"Sphere and 2 Shapes","floor":39,"turns":2},{"damage":21,"enemies":"Nemesis","floor":40,"turns":4},{"damage":0,"enemies":"3 Darklings","floor":41,"turns":3},{"damage":3,"enemies":"Giant Head","floor":44,"turns":5},{"damage":0,"enemies":"4 Shapes","floor":47,"turns":4},{"damage":53,"enemies":"Time Eater","floor":50,"turns":10}],"seed_played":"-4484257680517633973","potions_obtained":[{"floor":1,"key":"PowerPotion"},{"floor":3,"key":"Swift Potion"},{"floor":11,"key":"LiquidMemories"},{"floor":22,"key":"EssenceOfSteel"},{"floor":24,"key":"FairyPotion"},{"floor":31,"key":"Explosive Potion"},{"floor":33,"key":"FearPotion"},{"floor":35,"key":"PowerPotion"},{"floor":36,"key":"Strength Potion"},{"floor":44,"key":"PowerPotion"}],"is_trial":false,"path_per_floor":["M","M","M","?","M","R","E","R","T","R","E","?","$","M","R","B",null,"M","?","M","M","M","R","E","R","T","?","E","M","R","E","R","B",null,"M","M","?","?","M","E","M","R","T","E","$","R","M","$","R","B",null],"character_chosen":"WATCHER","items_purchased":["Vault","ClearTheMind","Strange Spoon","FairyPotion","Anchor"],"campfire_rested":0,"item_purchase_floors":[13,13,45,45,48],"current_hp_per_floor":[65,65,65,54,52,52,46,46,46,46,33,51,66,66,66,53,67,55,55,55,45,43,43,43,43,43,43,43,43,43,11,11,11,57,57,57,57,57,57,36,36,36,36,48,63,63,63,78,78,29],"gold":56,"neow_bonus":"BOSS_RELIC","is_daily":false,"chose_seed":false,"campfire_upgraded":8,"win_rate":0.0,"timestamp":1608688814,"path_taken":["M","M","M","?","M","R","E","R","T","R","E","?","$","M","R","BOSS","M","?","M","M","?","R","E","R","T","?","E","M","R","E","R","BOSS","M","M","?","?","M","E","M","R","T","E","$","R","M","$","R","BOSS"],"items_purchased_type":["Card","Card","Relic","Potion","Relic"],"build_version":"2020-12-13","purchased_purges":1,"victory":true,"max_hp_per_floor":[72,72,72,72,72,72,72,72,72,72,72,72,72,72,72,72,72,72,72,72,72,72,72,72,72,72,72,72,72,72,72,72,72,72,72,72,72,72,72,72,72,72,72,82,82,82,82,82,82,82],"card_choices":[{"not_picked":["Meditate","Adaptation"],"picked":"ThirdEye","floor":1},{"not_picked":["Prostrate","WaveOfTheHand"],"picked":"FlurryOfBlows","floor":2},{"not_picked":["Wireheading","Protect","SignatureMove"],"picked":"SKIP","floor":3},{"not_picked":["FlyingSleeves","ThirdEye"],"picked":"CutThroughFate","floor":5},{"not_picked":["SashWhip","TalkToTheHand"],"picked":"LessonLearned","floor":7},{"not_picked":["Worship","Prostrate"],"picked":"FlurryOfBlows","floor":11},{"not_picked":["InnerPeace","FollowUp","BowlingBash"],"picked":"SKIP","floor":14},{"not_picked":["SpiritShield","Brilliance"],"picked":"LessonLearned","floor":16},{"not_picked":["BowlingBash","WreathOfFlame"],"picked":"Tantrum","floor":18},{"not_picked":["TalkToTheHand","ThirdEye"],"picked":"EmptyFist","floor":20},{"not_picked":["Collect","Nirvana","ForeignInfluence"],"picked":"SKIP","floor":20},{"not_picked":["ReachHeaven","ThirdEye","Wallop+1"],"picked":"SKIP","floor":21},{"not_picked":["BowlingBash","Swivel","Protect"],"picked":"SKIP","floor":21},{"not_picked":["Protect","EmptyMind","Worship"],"picked":"SKIP","floor":22},{"not_picked":["EmptyBody+1","ConjureBlade","EmptyFist"],"picked":"SKIP","floor":22},{"not_picked":["WheelKick","Swivel"],"picked":"Protect","floor":24},{"not_picked":["Prostrate+1","Protect+1"],"picked":"Weave","floor":28},{"not_picked":["FlyingSleeves","Prostrate+1"],"picked":"Evaluate+1","floor":29},{"not_picked":["Collect+1","PathToVictory+1","WindmillStrike"],"picked":"SKIP","floor":29},{"not_picked":["Collect+1","PathToVictory+1","WindmillStrike"],"picked":"SKIP","floor":29},{"not_picked":["EmptyFist","TalkToTheHand","Omniscience+1"],"picked":"SKIP","floor":31},{"not_picked":["Devotion","LessonLearned"],"picked":"Blasphemy+1","floor":33},{"not_picked":["FollowUp","DeceiveReality+1"],"picked":"Crescendo+1","floor":35},{"not_picked":["ClearTheMind+1","Tantrum"],"picked":"FlurryOfBlows+1","floor":35},{"not_picked":["FlyingSleeves","InnerPeace+1"],"picked":"ThirdEye+1","floor":36},{"not_picked":["Wireheading+1","TalkToTheHand+1","FlyingSleeves"],"picked":"SKIP","floor":36},{"not_picked":["Prostrate+1","Indignation+1","Protect+1"],"picked":"SKIP","floor":39},{"not_picked":["JustLucky+1","Indignation+1","Vengeance+1"],"picked":"SKIP","floor":39},{"not_picked":["EmptyBody+1","ThirdEye+1","FlurryOfBlows"],"picked":"SKIP","floor":40},{"not_picked":["Weave","ThirdEye+1"],"picked":"WindmillStrike+1","floor":41},{"not_picked":["MasterReality","BowlingBash","EmptyFist+1"],"picked":"SKIP","floor":41},{"not_picked":["TalkToTheHand+1","LikeWater+1"],"picked":"Consecrate+1","floor":44},{"not_picked":["FearNoEvil+1","Consecrate","FlurryOfBlows"],"picked":"SKIP","floor":47},{"not_picked":["Tantrum+1","ClearTheMind+1","PathToVictory+1"],"picked":"SKIP","floor":47}],"player_experience":414625,"relics_obtained":[{"floor":7,"key":"MealTicket"},{"floor":9,"key":"Bronze Scales"},{"floor":11,"key":"Pen Nib"},{"floor":24,"key":"Potion Belt"},{"floor":26,"key":"Toxic Egg 2"},{"floor":28,"key":"Yang"},{"floor":31,"key":"Bag of Marbles"},{"floor":40,"key":"Toy Ornithopter"},{"floor":44,"key":"Pear"}],"event_choices":[{"damage_healed":0,"gold_gain":75,"player_choice":"Gather Gold","damage_taken":11,"max_hp_gain":0,"max_hp_loss":0,"event_name":"World of Goop","floor":4,"gold_loss":0},{"damage_healed":18,"gold_gain":0,"player_choice":"Healed","damage_taken":0,"max_hp_gain":0,"max_hp_loss":0,"event_name":"The Cleric","floor":12,"gold_loss":35},{"damage_healed":0,"gold_gain":0,"player_choice":"Paid Gold","damage_taken":0,"relics_obtained":["Prayer Wheel"],"max_hp_gain":0,"max_hp_loss":0,"event_name":"WeMeetAgain","floor":19,"gold_loss":61},{"damage_healed":0,"gold_gain":0,"player_choice":"0 cards matched","damage_taken":0,"max_hp_gain":0,"max_hp_loss":0,"event_name":"Match and Keep!","floor":27,"gold_loss":0,"cards_obtained":[]},{"damage_healed":0,"gold_gain":0,"player_choice":"Memory 1","damage_taken":0,"max_hp_gain":0,"max_hp_loss":0,"event_name":"SensoryStone","floor":37,"gold_loss":0},{"damage_healed":0,"gold_gain":0,"player_choice":"Ignored","damage_taken":0,"max_hp_gain":0,"max_hp_loss":0,"event_name":"SecretPortal","floor":38,"gold_loss":0}],"is_beta":false,"boss_relics":[{"not_picked":["Runic Dome","Tiny House"],"picked":"Empty Cage"},{"not_picked":["Velvet Choker","SlaversCollar"],"picked":"Cursed Key"}],"items_purged_floors":[45],"is_endless":false,"potions_floor_spawned":[1,3,11,22,24,31,33,35,36,44],"ascension_level":8}}