{"host":"kdt6w7ix8lwe69i9","time":1608741144,"event":{"mods":["Bartender","BaseMod","Downfall","Fiend Mod","Jorbs\u0027s Wanderer Trilogy","Minty Spire (QoL Compilation)","Reimu（博丽灵梦）","Robot Space Explorer","StSLib","The Cursed","The Disciple","The Dragon Tamer","The Druid","The Elementalist","The Forsaken","The Gatherer","The Judge","TheBandit"],"gold_per_floor":[128,150,237,266,243,255,328,355,367,396,408,435,447,469,481,592,604,636,648,676,5,17,17,36,55,110,137,157,157,167,184,184,184,184,184],"floor_reached":33,"playtime":4956,"items_purged":["Normality"],"score":265,"play_id":"cd34245d-5e0e-4c50-af7e-bf03abe14b3f","local_time":"20201223113224","is_ascension_mode":false,"metric_token":1169,"campfire_choices":[{"data":"Gatherer:FlowerWhip","floor":6,"key":"SMITH"},{"floor":11,"key":"REST"},{"data":"Gatherer:FlowerFalling","floor":13,"key":"SMITH"},{"floor":15,"key":"DIG"},{"floor":23,"key":"DIG"},{"floor":32,"key":"REST"}],"circlet_count":0,"master_deck":["Gatherer:Strike_Gatherer","Gatherer:Strike_Gatherer","Gatherer:Strike_Gatherer","Gatherer:Strike_Gatherer","Gatherer:Defend_Gatherer","Gatherer:Defend_Gatherer","Gatherer:Defend_Gatherer","Gatherer:Defend_Gatherer","Gatherer:Defend_Gatherer","Gatherer:Centralize","Gatherer:FlowerWhip+1","Gatherer:Snatch","Gatherer:BambuSword","Gatherer:VenomBarrier","Gatherer:FruitForce","Gatherer:VenomBarrier","Gatherer:PotentialSlash","Gatherer:FlowerFalling+1","Gatherer:Uplift","Gatherer:AlchemyTrial","Gatherer:CursedBlade","Gatherer:Uplift","Sadistic Nature","expansioncontent:GuardianWhirl","Gatherer:QuickSynthesis","Gatherer:AlchemyTrial","Gatherer:BambuSword+1","Gatherer:CollectorsShot","Gatherer:ScherryThrow","Gatherer:Enchant+1","theForsaken:Prudence","Gatherer:CollectorsShot","Gatherer:QuickSynthesis","Gatherer:Liquidism+1"],"relics":["Gatherer:AlchemyBag","MawBank","Shovel","Bottled Lightning","SacredBark","White Beast Statue","Gambling Chip","Pen Nib","CrazyTorch:ReiMu","Choco_Feather"],"acts_visited":["Exordium","TheCity"],"potions_floor_usage":[10,10,12,16,16,18,18,18,22,24,24,27,27,28,28,30,33,33],"damage_taken":[{"damage":0,"enemies":"Cultist","floor":1,"turns":3},{"damage":0,"enemies":"2 Louse","floor":2,"turns":2},{"damage":10,"enemies":"Small Slimes","floor":4,"turns":2},{"damage":48,"enemies":"Lagavulin Event","floor":7,"turns":7},{"damage":4,"enemies":"2 Fungi Beasts","floor":8,"turns":2},{"damage":8,"enemies":"Exordium Thugs","floor":10,"turns":6},{"damage":0,"enemies":"Gremlin Gang","floor":12,"turns":1},{"damage":3,"enemies":"Lots of Slimes","floor":14,"turns":4},{"damage":16,"enemies":"The Guardian","floor":16,"turns":9},{"damage":25,"enemies":"2 Thieves","floor":18,"turns":4},{"damage":0,"enemies":"Chosen","floor":20,"turns":3},{"damage":10,"enemies":"Snake Plant","floor":22,"turns":3},{"damage":0,"enemies":"3 Cultists","floor":24,"turns":3},{"damage":1,"enemies":"Chosen and Byrds","floor":25,"turns":4},{"damage":13,"enemies":"Gremlin Leader","floor":27,"turns":5},{"damage":6,"enemies":"Sentry and Sphere","floor":28,"turns":3},{"damage":8,"enemies":"Snecko","floor":30,"turns":2},{"damage":0,"enemies":"Chosen and Byrds","floor":31,"turns":3},{"damage":36,"enemies":"Automaton","floor":33,"turns":6}],"seed_played":"-6467549582680227600","potions_obtained":[{"floor":8,"key":"EntropicBrew"},{"floor":10,"key":"Dexterity Potion"},{"floor":12,"key":"SpeedPotion"},{"floor":16,"key":"EntropicBrew"},{"floor":20,"key":"Explosive Potion"},{"floor":22,"key":"SpeedPotion"},{"floor":24,"key":"FearPotion"},{"floor":25,"key":"ZuzhouPotion:ReiMu"},{"floor":27,"key":"PowerPotion"},{"floor":28,"key":"champ:CounterPotion"},{"floor":30,"key":"Strength Potion"},{"floor":31,"key":"Swift Potion"}],"is_trial":false,"path_per_floor":["M","M","?","M","?","R","?","M","T","M","R","M","R","M","R","B",null,"M","?","M","$","M","R","M","M","T","E","M","T","M","M","R","B"],"character_chosen":"THE_GATHERER","items_purchased":["White Beast Statue","Sadistic Nature","expansioncontent:GuardianWhirl","Gatherer:QuickSynthesis","Gatherer:AlchemyTrial"],"campfire_rested":2,"item_purchase_floors":[21,21,21,21,21],"current_hp_per_floor":[72,72,61,51,69,69,25,21,21,13,35,35,35,32,32,16,76,51,51,51,51,41,41,41,40,40,27,21,21,13,13,35,0,0,0],"gold":184,"neow_bonus":"RANDOM_COMMON_RELIC","is_daily":false,"chose_seed":false,"campfire_upgraded":2,"win_rate":0.0,"timestamp":1608741144,"path_taken":["M","M","?","M","?","R","?","M","T","M","R","M","R","M","R","BOSS","M","?","M","?","?","R","M","M","T","E","M","?","M","?","R","BOSS"],"items_purchased_type":["Relic","Card","Card","Card","Card"],"build_version":"2020-12-22","purchased_purges":1,"victory":false,"max_hp_per_floor":[72,72,72,72,72,72,76,76,76,76,76,76,76,76,76,76,76,76,76,76,76,76,76,76,76,76,76,76,76,76,76,76,76,76,76],"card_choices":[{"not_picked":["Gatherer:ScherryThrow","Gatherer:WoolGloves"],"picked":"Gatherer:Snatch","floor":1},{"not_picked":["Gatherer:CollectorsShot","Gatherer:QuickSynthesis"],"picked":"Gatherer:BambuSword","floor":2},{"not_picked":["Gatherer:AromaProtection","Gatherer:Frenzy"],"picked":"Gatherer:VenomBarrier","floor":4},{"not_picked":["Gatherer:ScrollOfWall","Gatherer:UpgradeBag"],"picked":"Gatherer:FruitForce","floor":7},{"not_picked":["Gatherer:Polymorphism","Gatherer:AromaProtection"],"picked":"Gatherer:VenomBarrier","floor":8},{"not_picked":["Gatherer:WitheringStrike","Gatherer:ScherryThrow"],"picked":"Gatherer:PotentialSlash","floor":10},{"not_picked":["Gatherer:Convert","Gatherer:Pollute"],"picked":"Gatherer:FlowerFalling","floor":12},{"not_picked":["Gatherer:RecipeChange","Gatherer:Herbalism"],"picked":"Gatherer:Uplift","floor":14},{"not_picked":["Gatherer:ScrollOfPurity","Gatherer:CursedBlade"],"picked":"Gatherer:GrowBook","floor":16},{"not_picked":["Gatherer:BalancedGrowth+1","Gatherer:SaveValuables+1"],"picked":"Gatherer:AlchemyTrial","floor":18},{"not_picked":["Gatherer:DrugPower","Gatherer:MiningStrike"],"picked":"Gatherer:Uplift","floor":20},{"not_picked":["Gatherer:PotentialSlash+1","Gatherer:AcidicSpray+1"],"picked":"Gatherer:BambuSword+1","floor":22},{"not_picked":["Gatherer:CarefulStrike+1","Gatherer:Frenzy+1"],"picked":"Gatherer:CollectorsShot","floor":24},{"not_picked":["Gatherer:FinishingStrike","Gatherer:PotentialSlash"],"picked":"Gatherer:ScherryThrow","floor":25},{"not_picked":["Gatherer:WoolGloves+1","Gatherer:Frenzy"],"picked":"Gatherer:Enchant+1","floor":27},{"not_picked":["Gatherer:CarefulStrike","Gatherer:SaveValuables"],"picked":"Gatherer:CollectorsShot","floor":28},{"not_picked":["Gatherer:EnergyBasket","Gatherer:FeelingFine"],"picked":"Gatherer:QuickSynthesis","floor":30},{"not_picked":["Gatherer:BlackTea","Gatherer:AcidicSpray"],"picked":"Gatherer:Liquidism+1","floor":31}],"player_experience":1586449,"relics_obtained":[{"floor":7,"key":"Shovel"},{"floor":15,"key":"Bottled Lightning"},{"floor":23,"key":"Gambling Chip"},{"floor":26,"key":"Pen Nib"},{"floor":27,"key":"CrazyTorch:ReiMu"},{"floor":29,"key":"Choco_Feather"}],"event_choices":[{"damage_healed":0,"gold_gain":75,"player_choice":"Gather Gold","damage_taken":11,"max_hp_gain":0,"max_hp_loss":0,"event_name":"World of Goop","floor":3,"gold_loss":0},{"damage_healed":18,"gold_gain":0,"player_choice":"Healed","damage_taken":0,"max_hp_gain":0,"max_hp_loss":0,"event_name":"The Cleric","floor":5,"gold_loss":35},{"damage_healed":0,"gold_gain":0,"player_choice":"Searched \u00272\u0027 times","damage_taken":0,"max_hp_gain":0,"max_hp_loss":0,"event_name":"Dead Adventurer","floor":7,"gold_loss":0},{"damage_healed":0,"gold_gain":0,"cards_transformed":["Gatherer:Strike_Gatherer"],"player_choice":"Transformed","damage_taken":0,"max_hp_gain":0,"max_hp_loss":0,"event_name":"Transmorgrifier","floor":19,"gold_loss":0,"cards_obtained":["Gatherer:CursedBlade"]}],"is_beta":false,"boss_relics":[{"not_picked":["Busted Crown","theForsaken:PaleLantern"],"picked":"SacredBark"}],"items_purged_floors":[21],"is_endless":false,"potions_floor_spawned":[8,10,12,16,20,22,24,25,27,28,30,31],"killed_by":"Automaton","ascension_level":0}}