{"host":"9d83omykrosjn1d3","time":1608740348,"event":{"mods":["AchievementEnabler","BaseMod","BetterRewards","Card Forge","Downfall","Hubris","MarisaÅiñ∂âJÅ@ñÇóùçπÅj","Minty Spire (QoL Compilation)","Permanent Neow","Shop Mod","StSLib","SuperFastMode","The Hierophant","The Mystic","The Runesmith"],"gold_per_floor":[99,119,129,145,145,172,199,231,249,249,264,292,217,229,248,347,347,347,360,377,377,377,403,430,430,430,430],"floor_reached":25,"playtime":1437,"items_purged":[],"score":255,"play_id":"a73e9048-48dd-47b8-8365-976dbb66ac18","local_time":"20201224011908","is_ascension_mode":true,"campfire_choices":[{"data":"Slimebound:Split","floor":1,"key":"SMITH"},{"data":"Slimebound:CorrosiveSpit","floor":13,"key":"SMITH"},{"data":"Slimebound:Gluttony","floor":18,"key":"SMITH"}],"circlet_count":0,"master_deck":["TreasureHunter+1","Slimebound:Tackle+1","Slimebound:Defend_Slimebound","Slimebound:Defend_Slimebound","Slimebound:Split+1","Slimebound:CorrosiveSpit+1","Slimebound:LeechingTouch+1","Slimebound:Schlurp","Slimebound:WasteNot","Slimebound:FormOfPuddle+1","Slimebound:Gluttony+1","Slimebound:LevelUp","Slimebound:LevelUp","Slimebound:SlimeBrawl","Slimebound:OozeBath","Slimebound:Schlurp+1","Slimebound:Gluttony"],"relics":["Slimebound:AbsorbEndCombat","Hammer of Thor","Seething Fire","Anvil of the Gods","downfall:ShatteredFragment","Runesmith:Nanobots","Whetstone","hubris:SlimyHat","hubris:DisguiseKit","Du-Vu Doll","Bronze Scales","Lantern","downfall:HeartBlessingGreen","Runic Dome","hubris:Towel","Prayer Wheel","Nunchaku"],"acts_visited":["Exordium","TheCity"],"potions_floor_usage":[6],"damage_taken":[{"damage":9,"enemies":"2 Louse","floor":2,"turns":2},{"damage":11,"enemies":"Small Slimes","floor":3,"turns":3},{"damage":8,"enemies":"Cultist","floor":4,"turns":3},{"damage":23,"enemies":"Gremlin Nob","floor":6,"turns":3},{"damage":24,"enemies":"3 Sentries","floor":8,"turns":6},{"damage":8,"enemies":"Large Slime","floor":9,"turns":3},{"damage":13,"enemies":"3 Louse","floor":11,"turns":3},{"damage":25,"enemies":"Gremlin Nob","floor":12,"turns":4},{"damage":14,"enemies":"Blue Slaver","floor":14,"turns":4},{"damage":8,"enemies":"Large Slime","floor":15,"turns":4},{"damage":54,"enemies":"downfall:Defect","floor":16,"turns":7},{"damage":21,"enemies":"3 Byrds","floor":19,"turns":3},{"damage":8,"enemies":"Spheric Guardian","floor":20,"turns":3},{"damage":54,"enemies":"Gremlin Leader","floor":23,"turns":7},{"damage":32,"enemies":"Slavers","floor":25,"turns":1}],"seed_played":"-408868130004732881","potions_obtained":[{"floor":3,"key":"SteroidPotion"},{"floor":9,"key":"FairyPotion"},{"floor":12,"key":"champ:CounterPotion"},{"floor":15,"key":"EssenceOfSteel"},{"floor":23,"key":"hexamod:EctoCoolerPotion"}],"is_trial":false,"path_per_floor":["R","M","M","M","?","E","T","E","M","?","M","E","R","M","M","B",null,"R","M","M","T","?","E","T","E"],"character_chosen":"SLIMEBOUND","items_purchased":[],"campfire_rested":0,"item_purchase_floors":[],"current_hp_per_floor":[60,59,60,60,42,31,31,23,27,27,24,13,13,9,15,14,60,60,51,55,55,55,29,29,0,0,0],"gold":430,"neow_bonus":"REMOVE_CARD","is_daily":false,"chose_seed":false,"campfire_upgraded":3,"win_rate":0.0,"timestamp":1608740348,"path_taken":["R","M","M","M","?","E","T","E","M","?","M","E","R","M","M","BOSS","R","M","M","?","?","E","T","E"],"items_purchased_type":[],"build_version":"2020-12-22","purchased_purges":0,"victory":false,"max_hp_per_floor":[60,60,60,60,60,60,60,60,60,60,60,60,60,60,60,60,60,60,60,60,60,60,60,60,60,60,60],"card_choices":[{"not_picked":["Slimebound:ComboTackle","Slimebound:LivingWall","Slimebound:Nibble"],"picked":"SKIP","floor":2},{"not_picked":["Slimebound:FinishingTackle","Slimebound:SplitBruiser"],"picked":"Slimebound:LeechingTouch","floor":3},{"not_picked":["Slimebound:MegaLick","Slimebound:PressTheAttack","Slimebound:SlimeSpikes"],"picked":"SKIP","floor":4},{"not_picked":["Slimebound:PressTheAttack","Slimebound:ViciousTackle"],"picked":"Slimebound:Schlurp","floor":6},{"not_picked":["Slimebound:RollThrough","Slimebound:SlimeSpikes"],"picked":"Slimebound:WasteNot","floor":8},{"not_picked":["Slimebound:GoopSpray","Slimebound:SamplingLick","Protect"],"picked":"Slimebound:FormOfPuddle","floor":9},{"not_picked":["Slimebound:SlimeSpikes","Slimebound:ViciousTackle","Evaluate"],"picked":"Slimebound:Gluttony","floor":11},{"not_picked":["Slimebound:SlimeBrawl","Slimebound:Replication","TalkToTheHand"],"picked":"Slimebound:LevelUp","floor":12},{"not_picked":["Slimebound:GoopSpray","Slimebound:RollThrough","Halt"],"picked":"Slimebound:LevelUp","floor":14},{"not_picked":["Slimebound:ViciousTackle","Slimebound:SplitAcid","Protect"],"picked":"Slimebound:SlimeBrawl","floor":15},{"not_picked":["Slimebound:CheckThePlaybook","Slimebound:WasteNot","MasterReality"],"picked":"Slimebound:OozeBath","floor":16},{"not_picked":["Slimebound:ComboTackle","Slimebound:LeechingTouch+1","Crescendo"],"picked":"Slimebound:Schlurp+1","floor":19},{"not_picked":["Slimebound:GoopSpray","Slimebound:SlimeTap","Slimebound:GrowthPunch","ThirdEye"],"picked":"SKIP","floor":20},{"not_picked":["Slimebound:ViciousTackle","Slimebound:FormOfPuddle","ForeignInfluence"],"picked":"Slimebound:Gluttony","floor":23}],"player_experience":686969,"relics_obtained":[{"floor":6,"key":"Runesmith:Nanobots"},{"floor":6,"key":"Whetstone"},{"floor":7,"key":"hubris:SlimyHat"},{"floor":8,"key":"hubris:DisguiseKit"},{"floor":8,"key":"Du-Vu Doll"},{"floor":12,"key":"Bronze Scales"},{"floor":12,"key":"Lantern"},{"floor":23,"key":"Prayer Wheel"},{"floor":24,"key":"Nunchaku"}],"event_choices":[{"damage_healed":0,"gold_gain":0,"player_choice":"Forge","damage_taken":0,"max_hp_gain":0,"max_hp_loss":0,"event_name":"Accursed Blacksmith","floor":10,"gold_loss":0,"cards_upgraded":["Slimebound:FormOfPuddle"]}],"is_beta":false,"boss_relics":[{"not_picked":["SacredBark","Empty Cage"],"picked":"Runic Dome"}],"items_purged_floors":[],"is_endless":false,"potions_floor_spawned":[3,9,12,15,23],"killed_by":"Slavers","ascension_level":1}}