{"host":"4qkvkh7pd9qr2mca","time":1608761784,"event":{"mods":["AchievementEnabler","BaseMod","Colored Map","Colored Powertips","Highlight Path","Minty Spire (QoL Compilation)","Permanent Neow","Quick Restart","StSLib","SuperFastMode"],"gold_per_floor":[119,132,132,152,164,196,196,226,306,324,377,452,452,452,452,452,452],"floor_reached":16,"playtime":712,"items_purged":[],"score":240,"play_id":"16ff6c77-d2fe-46be-a18f-5f954e612ab6","local_time":"20201223231624","is_ascension_mode":true,"campfire_choices":[{"data":"1","floor":7,"key":"LIFT"},{"data":"2","floor":15,"key":"LIFT"}],"circlet_count":0,"master_deck":["AscendersBane","Strike_R","Strike_R","Strike_R","Strike_R","Strike_R","Defend_R","Defend_R","Defend_R","Defend_R","Bash","Double Tap","Ghostly Armor","Reckless Charge","Shockwave","Spot Weakness","Feed","Bloodletting","Pommel Strike","Limit Break+1"],"relics":["Burning Blood","Blood Vial","Girya","Potion Belt","Question Card","Eternal Feather","Charon\u0027s Ashes"],"acts_visited":["Exordium"],"potions_floor_usage":[6,6,11],"damage_taken":[{"damage":2.0,"enemies":"2 Louse","floor":1.0,"turns":4.0},{"damage":9,"enemies":"Jaw Worm","floor":2,"turns":4},{"damage":8,"enemies":"Small Slimes","floor":4,"turns":3},{"damage":15,"enemies":"3 Louse","floor":5,"turns":4},{"damage":14,"enemies":"Lagavulin","floor":6,"turns":8},{"damage":6,"enemies":"Gremlin Nob","floor":8,"turns":3},{"damage":8,"enemies":"Looter","floor":10,"turns":4},{"damage":25,"enemies":"Lagavulin","floor":11,"turns":7},{"damage":45,"enemies":"The Guardian","floor":16,"turns":7}],"seed_played":"1945848474725194907","potions_obtained":[{"floor":1.0,"key":"Weak Potion"},{"floor":5,"key":"DistilledChaos"},{"floor":8,"key":"ColorlessPotion"},{"floor":10,"key":"CultistPotion"}],"is_trial":false,"path_per_floor":["M","M","?","M","M","E","R","E","T","M","E","?","?","?","R","B"],"character_chosen":"IRONCLAD","items_purchased":[],"campfire_rested":0,"item_purchase_floors":[],"current_hp_per_floor":[68,65,60,60,53,47,47,52,52,55,38,27,27,27,39,0,0],"gold":452,"neow_bonus":"THREE_RARE_CARDS","is_daily":false,"chose_seed":false,"campfire_upgraded":0,"win_rate":0.0,"timestamp":1608761784,"path_taken":["M","M","?","M","M","E","R","E","T","M","E","?","?","?","R","BOSS"],"items_purchased_type":[],"build_version":"2020-12-22","purchased_purges":0,"victory":false,"max_hp_per_floor":[68,68,68,68,68,68,68,71,71,74,74,74,74,74,74,74,74],"card_choices":[{"not_picked":["Impervious","Juggernaut"],"picked":"Double Tap","floor":0.0},{"not_picked":["Dual Wield","Pommel Strike"],"picked":"Ghostly Armor","floor":1.0},{"not_picked":["True Grit","Intimidate"],"picked":"Reckless Charge","floor":2},{"not_picked":["Shrug It Off","Pommel Strike"],"picked":"Shockwave","floor":4},{"not_picked":["Havoc","Perfected Strike"],"picked":"Spot Weakness","floor":5},{"not_picked":["Pommel Strike","Warcry"],"picked":"Feed","floor":6},{"not_picked":["Anger","Shockwave"],"picked":"Bloodletting","floor":8},{"not_picked":["Second Wind","Sword Boomerang","Rage"],"picked":"Pommel Strike","floor":10},{"not_picked":["Seeing Red","Sever Soul","Warcry"],"picked":"Limit Break","floor":11}],"player_experience":483472,"relics_obtained":[{"floor":6,"key":"Girya"},{"floor":8,"key":"Potion Belt"},{"floor":9,"key":"Question Card"},{"floor":11,"key":"Eternal Feather"}],"event_choices":[{"damage_healed":0,"gold_gain":0,"player_choice":"Success","damage_taken":5,"relics_obtained":["Blood Vial"],"max_hp_gain":0,"max_hp_loss":0,"event_name":"Scrap Ooze","floor":3,"gold_loss":0},{"damage_healed":0,"gold_gain":75,"player_choice":"Gather Gold","damage_taken":11,"max_hp_gain":0,"max_hp_loss":0,"event_name":"World of Goop","floor":12,"gold_loss":0},{"damage_healed":0,"gold_gain":0,"player_choice":"Grow","damage_taken":0,"max_hp_gain":0,"max_hp_loss":0,"event_name":"Living Wall","floor":13,"gold_loss":0,"cards_upgraded":["Limit Break"]},{"damage_healed":0,"gold_gain":0,"player_choice":"Searched \u00271\u0027 times","damage_taken":0,"relics_obtained":["Charon\u0027s Ashes"],"max_hp_gain":0,"max_hp_loss":0,"event_name":"Dead Adventurer","floor":14,"gold_loss":0}],"is_beta":false,"boss_relics":[],"items_purged_floors":[],"is_endless":false,"potions_floor_spawned":[1,5,8,10],"killed_by":"The Guardian","ascension_level":20}}