{"host":"8xt6qtpg1rkermdd","time":1608719045,"event":{"mods":["AchievementEnabler","Astrologer","Bard","BaseMod","Colored Powertips","Downfall","Hermit","Highlight Path","Hubris","Infinite Spire","Jorbs\u0027s Wanderer Trilogy","Marisa????????","Minty Spire (QoL Compilation)","Replay The Spire","Shade Mod","StSLib","The Blackbeard","The Bladedancer","The Bug Knight","The Construct","The Cursed","The Disciple","The Dragon Tamer","The Gatherer","The Hayseed","The Marked","The Necromancer","The Runesmith","The Servant 0.9.4","TheArtist"],"gold_per_floor":[217,217,233,233,233,247,247,257,257,270,270,282,46,56,56,56,56],"floor_reached":16,"playtime":801,"items_purged":[],"score":94,"play_id":"25d21412-5d4f-461d-88bb-c97b9fee06e7","local_time":"20201223042405","is_ascension_mode":false,"campfire_choices":[{"data":"Redo","floor":7,"key":"SMITH"},{"data":"Barrage","floor":11,"key":"SMITH"},{"data":"BasicCrystalCard","floor":15,"key":"SMITH"}],"circlet_count":0,"master_deck":["Strike_B","Strike_B","Strike_B","Strike_B","Defend_B","Defend_B","Defend_B","Defend_B","Zap+1","Dualcast","Reinforced Body","Redo+1","Self Repair","Melter","Barrage+1","BasicCrystalCard+1","Thunder Strike","Thunder Strike","Sadistic Nature","expansioncontent:Corrupt","Replay:Parry","Ball Lightning"],"relics":["Cracked Core","Mummified Hand","Replay:Bottled Flurry","ReplayTheSpireMod:ShopPack"],"acts_visited":["Exordium"],"potions_floor_usage":[],"damage_taken":[{"damage":10,"enemies":"Jaw Worm","floor":1,"turns":4},{"damage":9,"enemies":"Cultist","floor":3,"turns":4},{"damage":2,"enemies":"2 Louse","floor":6,"turns":2},{"damage":10,"enemies":"Gremlin Gang","floor":8,"turns":5},{"damage":5,"enemies":"Looter","floor":10,"turns":3},{"damage":10,"enemies":"Exordium Thugs","floor":12,"turns":4},{"damage":4,"enemies":"Gremlin Gang","floor":14,"turns":3},{"damage":53,"enemies":"The Guardian","floor":16,"turns":5}],"seed_played":"-2279871006718251938","potions_obtained":[{"floor":6,"key":"LiquidBronze"},{"floor":8,"key":"Swift Potion"},{"floor":12,"key":"champ:CounterPotion"}],"is_trial":false,"path_per_floor":["M","?","M","?","T","M","R","M","T","M","R","M","$","M","R","B"],"character_chosen":"DEFECT","items_purchased":["Thunder Strike","ReplayTheSpireMod:ShopPack"],"campfire_rested":0,"item_purchase_floors":[13,13],"current_hp_per_floor":[65,65,56,56,56,54,54,51,51,53,53,50,50,53,53,0,0],"gold":56,"neow_bonus":"HUNDRED_GOLD","is_daily":false,"chose_seed":false,"campfire_upgraded":3,"win_rate":0.0,"timestamp":1608719045,"path_taken":["M","?","?","?","?","M","R","M","T","M","R","?","$","?","R","BOSS"],"items_purchased_type":["Card","Relic"],"build_version":"2020-12-22","purchased_purges":0,"victory":false,"max_hp_per_floor":[75,75,75,75,75,75,75,75,75,75,75,75,75,75,75,75,75],"card_choices":[{"not_picked":["Hello World","ReplayTheSpireMod:Repulse"],"picked":"Reinforced Body","floor":1},{"not_picked":["Glacier","Sweeping Beam"],"picked":"Redo","floor":3},{"not_picked":["Blizzard","BootSequence"],"picked":"Self Repair","floor":6},{"not_picked":["BasicCrystalCard","Cold Snap"],"picked":"Melter","floor":8},{"not_picked":["Beam Cell","Go for the Eyes"],"picked":"Barrage","floor":10},{"not_picked":["ReplayTheSpireMod:System Scan","Leap"],"picked":"BasicCrystalCard","floor":12},{"not_picked":["ReplayTheSpireMod:Brewmster","Crow Ritual"],"picked":"Sadistic Nature","floor":13},{"not_picked":["Replay:Sssssssssstrike","Magnetism"],"picked":"expansioncontent:Corrupt","floor":13},{"not_picked":["Replay:SS_fish_1","expansioncontent:StudyTheSpire"],"picked":"Replay:Parry","floor":13},{"not_picked":["BasicCrystalCard","Loop"],"picked":"Ball Lightning","floor":14}],"player_experience":17970,"relics_obtained":[{"floor":5,"key":"Mummified Hand"},{"floor":9,"key":"Replay:Bottled Flurry"}],"event_choices":[{"damage_healed":0,"gold_gain":0,"player_choice":"Ignored","damage_taken":0,"max_hp_gain":0,"max_hp_loss":0,"event_name":"Purifier","floor":2,"gold_loss":0}],"is_beta":false,"boss_relics":[],"items_purged_floors":[],"is_endless":false,"potions_floor_spawned":[6,8,12],"killed_by":"The Guardian","ascension_level":0}}