{"host":"djm8p3ivrj05jd45","time":1608697779,"event":{"mods":["AchievementEnabler","BaseMod","Downfall","Minty Spire (QoL Compilation)","StSLib","slay the spire mod where everything is the same but ironclad has a cowboy hat"],"gold_per_floor":[118,34,54,54,54,54,88,88,111,123,148,148,8,26,26,125,125,136,136,186,196,19,49,49,66,113,131,131,131,131,131],"floor_reached":30,"playtime":1732,"items_purged":[],"score":269,"play_id":"ab8feac7-e150-4258-8c06-f033df674ea1","local_time":"20201222232939","is_ascension_mode":true,"campfire_choices":[{"data":"Inflame","floor":6.0,"key":"SMITH"},{"data":"Double Tap","floor":8.0,"key":"SMITH"},{"floor":12.0,"key":"REST"},{"data":"Sword Boomerang","floor":15.0,"key":"SMITH"},{"floor":24.0,"key":"REST"}],"circlet_count":0,"master_deck":["Strike_R","Strike_R","Strike_R","Strike_R","Strike_R","Defend_R","Defend_R","Defend_R","Defend_R","Bash","Double Tap+1","Inflame+1","Searing Blow","Shrug It Off","Dual Wield","Impervious","Perfected Strike","Wild Strike","expansioncontent:DonusPower","Sword Boomerang+1","Shrug It Off","Offering","Headbutt","Thunderclap+1","Violence","Heavy Blade","Wild Strike","Iron Wave"],"relics":["Burning Blood","Gremlin Horn","MealTicket","Sundial","Runic Pyramid","MutagenicStrength","Mummified Hand","Art of War"],"acts_visited":["Exordium","TheCity"],"potions_floor_usage":[27],"damage_taken":[{"damage":1.0,"enemies":"Jaw Worm","floor":1.0,"turns":4.0},{"damage":2.0,"enemies":"Small Slimes","floor":3.0,"turns":4.0},{"damage":6.0,"enemies":"3 Sentries","floor":7.0,"turns":8.0},{"damage":6.0,"enemies":"Cultist","floor":10.0,"turns":4.0},{"damage":41.0,"enemies":"Lagavulin","floor":11.0,"turns":7.0},{"damage":15.0,"enemies":"Looter","floor":14.0,"turns":3.0},{"damage":83.0,"enemies":"The Guardian","floor":16.0,"turns":8.0},{"damage":0.0,"enemies":"Spheric Guardian","floor":18.0,"turns":2.0},{"damage":8.0,"enemies":"Chosen","floor":21.0,"turns":3.0},{"damage":85.0,"enemies":"Book of Stabbing","floor":23.0,"turns":6.0},{"damage":6.0,"enemies":"Centurion and Healer","floor":25.0,"turns":7.0},{"damage":19,"enemies":"Shelled Parasite and Fungi","floor":27,"turns":4},{"damage":11,"enemies":"Cultist and Chosen","floor":30,"turns":2}],"seed_played":"8281986458809186660","potions_obtained":[{"floor":3.0,"key":"Swift Potion"},{"floor":5.0,"key":"FairyPotion"},{"floor":5.0,"key":"HeartOfIron"},{"floor":5.0,"key":"Dexterity Potion"},{"floor":7.0,"key":"PowerPotion"},{"floor":14.0,"key":"AttackPotion"},{"floor":18.0,"key":"Regen Potion"},{"floor":25.0,"key":"Energy Potion"}],"is_trial":false,"path_per_floor":["M","$","M","?","?","R","E","R","T","M","E","R","$","M","R","B",null,"M","?","?","M","$","E","R","M","T","M","?","?","M"],"character_chosen":"IRONCLAD","items_purchased":["Searing Blow","Shrug It Off","expansioncontent:DonusPower","Sword Boomerang","Violence"],"campfire_rested":2,"item_purchase_floors":[2,2,13,13,22],"current_hp_per_floor":[80,80,80,80,80,80,80,80,80,80,45,69,80,71,71,22,80,80,80,80,78,80,14,38,38,38,25,25,10,0,0],"gold":131,"neow_bonus":"ONE_RANDOM_RARE_CARD","is_daily":false,"chose_seed":false,"campfire_upgraded":3,"win_rate":0.0,"timestamp":1608697779,"path_taken":["M","$","M","?","?","R","E","R","T","?","E","R","$","M","R","BOSS","M","?","?","?","?","E","R","M","T","M","?","?","M"],"items_purchased_type":["Card","Card","Card","Card","Card"],"build_version":"2020-12-22","purchased_purges":0,"victory":false,"max_hp_per_floor":[80,80,80,80,80,80,80,80,80,80,80,80,80,80,80,80,80,80,80,80,80,80,80,80,80,80,80,80,85,85,85],"card_choices":[{"not_picked":["Thunderclap","Iron Wave"],"picked":"Inflame","floor":1.0},{"not_picked":["Wild Strike","Disarm"],"picked":"Dual Wield","floor":3.0},{"not_picked":["Thunderclap","Battle Trance"],"picked":"Impervious","floor":7.0},{"not_picked":["Dropkick","Sentinel"],"picked":"Perfected Strike","floor":10.0},{"not_picked":["Warcry","Thunderclap"],"picked":"Wild Strike","floor":11.0},{"not_picked":["Sentinel","Searing Blow"],"picked":"Shrug It Off","floor":14.0},{"not_picked":["Immolate","Fiend Fire"],"picked":"Offering","floor":16.0},{"not_picked":["Sentinel+1","Thunderclap"],"picked":"Headbutt","floor":18.0},{"not_picked":["Power Through","Feel No Pain"],"picked":"Thunderclap+1","floor":21.0},{"not_picked":["Sword Boomerang","Feel No Pain"],"picked":"Heavy Blade","floor":23.0},{"not_picked":["Pommel Strike+1","Dropkick+1"],"picked":"Wild Strike","floor":25.0},{"not_picked":["Thunderclap","Shockwave"],"picked":"Iron Wave","floor":27}],"player_experience":87432,"relics_obtained":[{"floor":7.0,"key":"Gremlin Horn"},{"floor":9.0,"key":"MealTicket"},{"floor":11.0,"key":"Sundial"},{"floor":23.0,"key":"Mummified Hand"},{"floor":26.0,"key":"Art of War"}],"event_choices":[{"damage_healed":0.0,"max_hp_gain":0.0,"max_hp_loss":0.0,"gold_gain":0.0,"event_name":"The Cleric","player_choice":"Leave","floor":4.0,"gold_loss":0.0,"damage_taken":0.0},{"damage_healed":0.0,"max_hp_gain":0.0,"max_hp_loss":0.0,"gold_gain":0.0,"event_name":"Lab","player_choice":"Got Potions","floor":5.0,"gold_loss":0.0,"damage_taken":0.0},{"damage_healed":0.0,"max_hp_gain":0.0,"max_hp_loss":0.0,"gold_gain":0.0,"event_name":"Drug Dealer","player_choice":"Inject Mutagens","floor":19.0,"gold_loss":0.0,"damage_taken":0.0,"relics_obtained":["MutagenicStrength"]},{"damage_healed":0.0,"max_hp_gain":0.0,"max_hp_loss":0.0,"gold_gain":100.0,"event_name":"The Joust","player_choice":"Bet on Murderer","floor":20.0,"gold_loss":50.0,"damage_taken":0.0},{"damage_healed":0,"gold_gain":0,"player_choice":"Ignored","damage_taken":0,"max_hp_gain":0,"max_hp_loss":0,"event_name":"Ghosts","floor":28,"gold_loss":0},{"damage_healed":0,"gold_gain":0,"player_choice":"Shed Blood","damage_taken":20,"max_hp_gain":5,"max_hp_loss":0,"event_name":"Forgotten Altar","floor":29,"gold_loss":0}],"is_beta":false,"boss_relics":[{"not_picked":["Ectoplasm","Sozu"],"picked":"Runic Pyramid"}],"items_purged_floors":[],"is_endless":false,"potions_floor_spawned":[3,7,14,18,25],"killed_by":"Cultist and Chosen","ascension_level":1}}