{"host":"sxnl403xm2xmiyj1","time":1608688045,"event":{"mods":["AchievementEnabler","BaseMod","Colored Map","Keyboard Shortcuts","Minty Spire (QoL Compilation)","Quick Restart","StSLib","SuperFastMode"],"gold_per_floor":[119,119,130,143,158,158,190,365,390,403,423,69,69,102,102,204,204,204,204,204,204,204,204,204,204,204,204,204,204,204,204,204,204,204],"floor_reached":33,"playtime":755,"items_purged":["Doubt"],"score":364,"play_id":"534c9387-0079-4c48-b180-0c8b3cf147d7","local_time":"20201223104725","is_ascension_mode":true,"campfire_choices":[{"data":"Choke","floor":6.0,"key":"SMITH"},{"data":"Phantasmal Killer","floor":13.0,"key":"SMITH"},{"data":"Accuracy","floor":15.0,"key":"SMITH"},{"floor":24,"key":"REST"},{"floor":32,"key":"REST"}],"circlet_count":0,"master_deck":["Strike_G","Strike_G","Strike_G+1","Strike_G+1","Defend_G","Defend_G","Defend_G","Defend_G","Defend_G","Survivor","Neutralize","Envenom+1","Choke+1","Tactician","Prepared","Infinite Blades","Phantasmal Killer+1","Blade Dance","Dagger Throw","Accuracy+1","Backflip","Deflect","Poisoned Stab","After Image","Acrobatics+1","Cloak And Dagger+1","Slice+1","Dagger Throw+1","Accuracy","Blur","Dodge and Roll","Reflex","Cloak And Dagger","Footwork"],"relics":["Ring of the Snake","Whetstone","ClockworkSouvenir","Happy Flower","Ectoplasm","Red Mask","Blue Candle","Toy Ornithopter","Juzu Bracelet"],"acts_visited":["Exordium","TheCity"],"potions_floor_usage":[23,25,29,29,31],"damage_taken":[{"damage":0.0,"enemies":"2 Louse","floor":1.0,"turns":4.0},{"damage":0.0,"enemies":"Cultist","floor":3.0,"turns":5.0},{"damage":3.0,"enemies":"Jaw Worm","floor":4.0,"turns":5.0},{"damage":9.0,"enemies":"Blue Slaver","floor":5.0,"turns":6.0},{"damage":10.0,"enemies":"Lagavulin","floor":7.0,"turns":6.0},{"damage":4.0,"enemies":"2 Fungi Beasts","floor":10.0,"turns":3.0},{"damage":7.0,"enemies":"Exordium Thugs","floor":11.0,"turns":5.0},{"damage":16.0,"enemies":"3 Sentries","floor":14.0,"turns":5.0},{"damage":18.0,"enemies":"Hexaghost","floor":16.0,"turns":6.0},{"damage":10.0,"enemies":"3 Byrds","floor":18.0,"turns":5.0},{"damage":15.0,"enemies":"Masked Bandits","floor":19.0,"turns":4.0},{"damage":0.0,"enemies":"Spheric Guardian","floor":20.0,"turns":3.0},{"damage":10.0,"enemies":"Cultist and Chosen","floor":21.0,"turns":5.0},{"damage":1.0,"enemies":"Snake Plant","floor":22.0,"turns":4.0},{"damage":32,"enemies":"Book of Stabbing","floor":23,"turns":4},{"damage":14,"enemies":"Slavers","floor":25,"turns":5},{"damage":0,"enemies":"3 Cultists","floor":27,"turns":4},{"damage":2,"enemies":"Sentry and Sphere","floor":28,"turns":4},{"damage":16,"enemies":"Snake Plant","floor":29,"turns":3},{"damage":1,"enemies":"Shelled Parasite and Fungi","floor":31,"turns":3},{"damage":29,"enemies":"Champ","floor":33,"turns":3}],"seed_played":"7844227496347679549","potions_obtained":[{"floor":4.0,"key":"Ancient Potion"},{"floor":5.0,"key":"Block Potion"},{"floor":7.0,"key":"Energy Potion"},{"floor":11.0,"key":"Strength Potion"},{"floor":20.0,"key":"GamblersBrew"},{"floor":21.0,"key":"Dexterity Potion"},{"floor":23,"key":"Dexterity Potion"},{"floor":27,"key":"EssenceOfSteel"},{"floor":29,"key":"Strength Potion"}],"is_trial":false,"path_per_floor":["M","?","M","M","M","R","E","?","T","M","M","$","R","E","R","B",null,"M","?","M","M","M","E","R","E","T","M","M","M","?","M","R","B"],"character_chosen":"THE_SILENT","items_purchased":["Accuracy","ClockworkSouvenir","Backflip","Deflect"],"campfire_rested":2,"item_purchase_floors":[12,12,12,12],"current_hp_per_floor":[70,70,70,67,58,58,48,48,48,44,37,37,37,21,21,3,70,60,45,45,35,34,2,23,9,9,9,7,1,1,5,26,0,0],"gold":204,"neow_bonus":"ONE_RANDOM_RARE_CARD","is_daily":false,"chose_seed":false,"campfire_upgraded":3,"win_rate":0.0,"timestamp":1608688045,"path_taken":["M","?","?","?","M","R","E","?","T","M","M","$","R","E","R","BOSS","M","?","M","M","M","E","R","E","T","M","M","M","?","M","R","BOSS"],"items_purchased_type":["Card","Relic","Card","Card"],"build_version":"2020-12-13","purchased_purges":1,"victory":false,"max_hp_per_floor":[70,70,70,70,70,70,70,70,70,70,70,70,70,70,70,70,70,70,70,70,70,70,70,70,70,70,70,70,70,70,70,70,70,70],"card_choices":[{"not_picked":["Deadly Poison","Backflip"],"picked":"Choke","floor":1.0},{"not_picked":["Outmaneuver","Eviscerate"],"picked":"Tactician","floor":3.0},{"not_picked":["Backflip","PiercingWail"],"picked":"Prepared","floor":4.0},{"not_picked":["All Out Attack","Prepared"],"picked":"Infinite Blades","floor":5.0},{"not_picked":["Underhanded Strike","Night Terror"],"picked":"Phantasmal Killer","floor":7.0},{"not_picked":["Cloak And Dagger","Dodge and Roll"],"picked":"Blade Dance","floor":10.0},{"not_picked":["Dash","Prepared"],"picked":"Dagger Throw","floor":11.0},{"not_picked":["All Out Attack","Dodge and Roll"],"picked":"Poisoned Stab","floor":14.0},{"not_picked":["Malaise","Bullet Time"],"picked":"After Image","floor":16.0},{"not_picked":["Bane+1","Dagger Throw"],"picked":"Acrobatics+1","floor":18.0},{"not_picked":["Underhanded Strike+1","Skewer"],"picked":"Cloak And Dagger+1","floor":19.0},{"not_picked":["Underhanded Strike","Backstab"],"picked":"Slice+1","floor":20.0},{"not_picked":["Venomology","Dagger Spray"],"picked":"Dagger Throw+1","floor":21.0},{"not_picked":["Underhanded Strike","Outmaneuver"],"picked":"Accuracy","floor":22.0},{"not_picked":["Poisoned Stab","Backflip+1","Skewer+1"],"picked":"SKIP","floor":23},{"not_picked":["Burst","Endless Agony"],"picked":"Blur","floor":25},{"not_picked":["Sucker Punch","Flechettes"],"picked":"Dodge and Roll","floor":27},{"not_picked":["Prepared","Sucker Punch"],"picked":"Reflex","floor":28},{"not_picked":["Flechettes","Quick Slash"],"picked":"Cloak And Dagger","floor":29},{"not_picked":["Backstab","Cloak And Dagger"],"picked":"Footwork","floor":31}],"player_experience":117577,"relics_obtained":[{"floor":7.0,"key":"Whetstone"},{"floor":14.0,"key":"Happy Flower"},{"floor":19.0,"key":"Red Mask"},{"floor":23,"key":"Blue Candle"},{"floor":25,"key":"Toy Ornithopter"},{"floor":26,"key":"Juzu Bracelet"}],"event_choices":[{"damage_healed":0.0,"max_hp_gain":0.0,"max_hp_loss":0.0,"gold_gain":0.0,"event_name":"Upgrade Shrine","player_choice":"Upgraded","floor":2.0,"gold_loss":0.0,"damage_taken":0.0,"cards_upgraded":["Envenom"]},{"damage_healed":0.0,"max_hp_gain":0.0,"max_hp_loss":0.0,"gold_gain":175.0,"event_name":"Liars Game","player_choice":"AGREE","floor":8.0,"gold_loss":0.0,"damage_taken":0.0,"cards_obtained":["Doubt"]},{"damage_healed":0.0,"max_hp_gain":0.0,"max_hp_loss":0.0,"gold_gain":0.0,"event_name":"Masked Bandits","player_choice":"Fought Bandits","floor":19.0,"gold_loss":0.0,"damage_taken":0.0},{"cards_removed":["Strike_G"],"damage_healed":0,"gold_gain":0,"player_choice":"Elegance","damage_taken":0,"max_hp_gain":0,"max_hp_loss":0,"event_name":"Back to Basics","floor":30,"gold_loss":0}],"is_beta":false,"boss_relics":[{"not_picked":["Runic Dome","Fusion Hammer"],"picked":"Ectoplasm"}],"items_purged_floors":[12],"is_endless":false,"potions_floor_spawned":[4,5,7,11,20,21,23,27,29],"killed_by":"Champ","ascension_level":4}}