{"host":"3jpwrwmmgyabjceh","time":1608726888,"event":{"mods":["AchievementEnabler","BaseMod","Colored Map","Colored Powertips","Highlight Path","Minty Spire (QoL Compilation)","Quick Restart","StSLib"],"gold_per_floor":[15,32,32,52,68,68,95,95,95,95,95,95,115,115,115,218,218,237,255,99,110,110,110],"floor_reached":22,"playtime":570,"items_purged":["Regret"],"score":258,"play_id":"e226961e-b4ed-45f6-a132-90c2f2cb8ad0","local_time":"20201223153448","is_ascension_mode":true,"campfire_choices":[{"data":"Bash","floor":6.0,"key":"SMITH"},{"floor":8.0,"key":"REST"},{"data":"1","floor":10.0,"key":"LIFT"},{"data":"2","floor":12.0,"key":"LIFT"},{"data":"3","floor":15.0,"key":"LIFT"}],"circlet_count":0,"master_deck":["Strike_R","Strike_R","Strike_R","Strike_R","Strike_R","Defend_R","Defend_R","Defend_R","Defend_R","Bash+1","Pommel Strike","Cleave","Headbutt","Reaper","Battle Trance","Metallicize","Heavy Blade"],"relics":["Burning Blood","Regal Pillow","Girya","Matryoshka","Blood Vial","Mummified Hand","Philosopher\u0027s Stone"],"acts_visited":["Exordium","TheCity"],"potions_floor_usage":[],"damage_taken":[{"damage":6.0,"enemies":"Small Slimes","floor":1.0,"turns":4.0},{"damage":1.0,"enemies":"Cultist","floor":2.0,"turns":3.0},{"damage":6.0,"enemies":"2 Louse","floor":4.0,"turns":3.0},{"damage":5.0,"enemies":"2 Fungi Beasts","floor":5.0,"turns":3.0},{"damage":55.0,"enemies":"3 Sentries","floor":7.0,"turns":10.0},{"damage":1.0,"enemies":"Exordium Thugs","floor":13.0,"turns":3.0},{"damage":33,"enemies":"Slime Boss","floor":16,"turns":7},{"damage":15,"enemies":"Chosen","floor":18,"turns":3},{"damage":21,"enemies":"2 Thieves","floor":19,"turns":4},{"damage":52,"enemies":"Centurion and Healer","floor":21,"turns":6},{"damage":57,"enemies":"Shelled Parasite and Fungi","floor":22,"turns":4}],"seed_played":"-4718913032723745544","potions_obtained":[{"floor":1.0,"key":"SpeedPotion"},{"floor":4.0,"key":"SmokeBomb"},{"floor":7.0,"key":"ElixirPotion"},{"floor":18,"key":"SteroidPotion"}],"is_trial":false,"path_per_floor":["M","M","?","M","M","R","E","R","T","R","?","R","M","?","R","B",null,"M","M","$","M","M"],"character_chosen":"IRONCLAD","items_purchased":["Metallicize"],"campfire_rested":1,"item_purchase_floors":[20],"current_hp_per_floor":[96,96,96,96,96,96,47,90,90,90,90,90,96,96,96,69,89,89,86,86,56,11,11],"gold":110,"neow_bonus":"TWENTY_PERCENT_HP_BONUS","is_daily":false,"chose_seed":false,"campfire_upgraded":1,"win_rate":0.0,"timestamp":1608726888,"path_taken":["M","M","?","?","M","R","E","R","T","R","?","R","M","?","R","BOSS","M","M","$","M","M"],"items_purchased_type":["Card"],"build_version":"2020-12-22","purchased_purges":1,"victory":false,"max_hp_per_floor":[96,96,96,96,96,96,96,96,96,96,96,96,96,96,96,96,96,96,96,96,96,96,96],"card_choices":[{"not_picked":["Disarm","Entrench"],"picked":"Pommel Strike","floor":1.0},{"not_picked":["Headbutt","Perfected Strike"],"picked":"Cleave","floor":2.0},{"not_picked":["Disarm","Seeing Red","Warcry"],"picked":"SKIP","floor":4.0},{"not_picked":["Shrug It Off","Warcry"],"picked":"Headbutt","floor":5.0},{"not_picked":["Brutality","Sever Soul","Dark Embrace"],"picked":"SKIP","floor":7.0},{"not_picked":["Clash","Thunderclap","Ghostly Armor"],"picked":"SKIP","floor":13.0},{"not_picked":["Fiend Fire","Berserk"],"picked":"Reaper","floor":16},{"not_picked":["Twin Strike","Uppercut"],"picked":"Battle Trance","floor":18},{"not_picked":["Iron Wave","Clash","Intimidate"],"picked":"SKIP","floor":19},{"not_picked":["Iron Wave+1","Sword Boomerang"],"picked":"Heavy Blade","floor":21}],"player_experience":253837,"relics_obtained":[{"floor":7.0,"key":"Girya"},{"floor":9.0,"key":"Matryoshka"}],"event_choices":[{"damage_healed":0.0,"max_hp_gain":0.0,"max_hp_loss":0.0,"gold_gain":0.0,"event_name":"WeMeetAgain","player_choice":"Gave Potion","floor":3.0,"gold_loss":0.0,"damage_taken":0.0,"relics_obtained":["Regal Pillow"]},{"damage_healed":0.0,"max_hp_gain":0.0,"max_hp_loss":0.0,"gold_gain":0.0,"event_name":"Dead Adventurer","player_choice":"Searched \u00272\u0027 times","floor":11.0,"gold_loss":0.0,"damage_taken":0.0,"relics_obtained":["Blood Vial"]},{"damage_healed":0.0,"max_hp_gain":0.0,"max_hp_loss":0.0,"gold_gain":0.0,"event_name":"Big Fish","player_choice":"Box","floor":14.0,"gold_loss":0.0,"damage_taken":0.0,"relics_obtained":["Mummified Hand"],"cards_obtained":["Regret"]}],"is_beta":false,"boss_relics":[{"not_picked":["Black Blood","Cursed Key"],"picked":"Philosopher\u0027s Stone"}],"items_purged_floors":[20],"is_endless":false,"potions_floor_spawned":[1,4,7,18,21],"killed_by":"Shelled Parasite and Fungi","ascension_level":5}}