{"host":"mhmdt6pir7l60j7a","time":1608690749,"event":{"mods":["BaseMod","Bestiary","Better Altar","Better Sensory Stone","Better Third Choice","Displayed Cursed Tome","Dota2Spire","Downfall","Hubris","Infinite Spire","Minty Spire (QoL Compilation)","Replay The Spire","StSLib","The Alterego","The Construct","Uncapped"],"gold_per_floor":[99,117,117,117,217,246,246,262,288,288,213,213,213,213,229,254,264,362,362,362,373,373,390,490,518,518,530,53,53,53,53],"floor_reached":30,"playtime":1313,"items_purged":["Regret"],"score":277,"play_id":"c424c30d-e4ff-455d-a95e-efceeb8c8e1c","local_time":"20201222193229","is_ascension_mode":true,"campfire_choices":[{"data":"construct:Boost","floor":1,"key":"SMITH"},{"data":"hubris:DuctTapeCard","floor":11,"key":"SMITH"},{"data":"hubris:DuctTapeCard+2","floor":20,"key":"SMITH"}],"circlet_count":0,"master_deck":["construct:Strike_Gold","construct:Strike_Gold","construct:Strike_Gold","construct:Strike_Gold","construct:Strike_Gold","construct:Defend_Gold","construct:Defend_Gold","construct:Defend_Gold","construct:Defend_Gold","construct:Defend_Gold+1","construct:AttackMode","construct:DefenseMode+1","construct:Boost+1","construct:SweepLaser","Replay:SS_hec_1+1","hubris:DuctTapeCard+4","construct:Disrupt","construct:Tumble","construct:GatlingGun","construct:ShieldBurst","construct:LaserCore","construct:Autoturret","hubris:EnhanceAbility"],"relics":["construct:ClockworkPhoenix","Sundial","hubris:DuctTape","downfall:HeartBlessingGreen","Bottled Lightning","SacredBark","Turnip","Question Card","Regal Pillow","infinitespire:CheckeredPen","downfall:RedIOU"],"acts_visited":["Exordium","TheCity"],"potions_floor_usage":[16,25,28,30],"damage_taken":[{"damage":4,"enemies":"Small Slimes","floor":2,"turns":5},{"damage":24,"enemies":"Lagavulin","floor":6,"turns":6},{"damage":0,"enemies":"2 Louse","floor":8,"turns":2},{"damage":7,"enemies":"Replay:BlueRogue","floor":9,"turns":8},{"damage":0,"enemies":"Cultist","floor":15,"turns":4},{"damage":9,"enemies":"3 Sentries","floor":16,"turns":6},{"damage":12,"enemies":"Exordium Thugs","floor":17,"turns":4},{"damage":5,"enemies":"downfall:Defect","floor":18,"turns":13},{"damage":17,"enemies":"Spheric Guardian","floor":21,"turns":6},{"damage":10,"enemies":"Chosen","floor":23,"turns":7},{"damage":4,"enemies":"downfall:Silent","floor":24,"turns":12},{"damage":23,"enemies":"Slavers","floor":25,"turns":8},{"damage":4,"enemies":"Snake Plant","floor":27,"turns":5},{"damage":0,"enemies":"downfall:FleeingMerchant","floor":28,"turns":4},{"damage":29,"enemies":"Chosen and Byrds","floor":30,"turns":5}],"seed_played":"527865335100203106","potions_obtained":[{"floor":2,"key":"Elixir"},{"floor":15,"key":"AttackPotion"},{"floor":18,"key":"champ:CounterPotion"},{"floor":23,"key":"Energy Potion"},{"floor":25,"key":"Reflective Coating"}],"is_trial":false,"path_per_floor":["R","M","?","?","?","E","T","M","E","?","R","$","PTL","PTL","M","E","M","B",null,"R","M","?","M","?","E","T","M","$","?","M"],"character_chosen":"THE_CONSTRUCT_MOD","items_purchased":["construct:LaserCore","construct:Autoturret","hubris:EnhanceAbility","EssenceOfSteel"],"campfire_rested":0,"item_purchase_floors":[28,28,28,28],"current_hp_per_floor":[85,81,81,81,81,57,57,57,50,50,50,50,50,50,50,41,29,24,85,85,68,68,58,54,31,31,27,27,27,0,0],"gold":53,"neow_bonus":"THREE_CARDS","is_daily":false,"chose_seed":false,"campfire_upgraded":3,"win_rate":0.0,"timestamp":1608690749,"path_taken":["R","M","?","?","?","E","T","?","E","?","R","?","PTL","PTL","M","E","M","BOSS","R","M","?","M","?","E","T","M","$","?","M"],"items_purchased_type":["Card","Card","Card","Potion"],"build_version":"2020-12-13","purchased_purges":1,"victory":false,"max_hp_per_floor":[85,85,85,85,85,85,85,85,85,85,85,85,85,85,85,85,85,85,85,85,85,85,85,85,85,85,85,85,85,85,85],"card_choices":[{"not_picked":["construct:Overcharge","construct:HeavyBolt"],"picked":"construct:Boost","floor":0},{"not_picked":["construct:ScopeCore","construct:FierceBash"],"picked":"construct:SweepLaser","floor":2},{"not_picked":["Metamorphosis","Violence"],"picked":"Replay:SS_hec_1","floor":3},{"not_picked":["construct:FierceBash","construct:Analyze"],"picked":"construct:ForceCore","floor":6},{"not_picked":["construct:ClusterMines","construct:CripplingShot","construct:ShiftGuard"],"picked":"SKIP","floor":8},{"not_picked":["construct:BatteryAcid","construct:FocusedBeam"],"picked":"construct:Hazardproof","floor":9},{"not_picked":["construct:MetalShell","construct:Anticipate","construct:ElectricArmor"],"picked":"SKIP","floor":15},{"not_picked":["construct:Forcefield","construct:FlakBarrage"],"picked":"construct:Disrupt","floor":16},{"not_picked":["construct:Backfire","construct:PhosphorStorm"],"picked":"construct:Tumble","floor":17},{"not_picked":["construct:Meltdown","construct:ShieldGenerator"],"picked":"construct:GatlingGun","floor":18},{"not_picked":["construct:Analyze","construct:ScrapCannon","construct:Rollout+1"],"picked":"SKIP","floor":21},{"not_picked":["construct:SweepLaser","construct:Construct_Overclock","construct:PhosphorStorm+1"],"picked":"SKIP","floor":23},{"not_picked":["construct:Overcharge","construct:VentSteam"],"picked":"construct:ShieldBurst","floor":24},{"not_picked":["construct:Forcefield+1","construct:SaveState+1","construct:BlazingSpeed","construct:Analyze+1"],"picked":"SKIP","floor":25},{"not_picked":["construct:Backfire+1","construct:CriticalHit","construct:Forcefield","construct:ClusterMines"],"picked":"SKIP","floor":27},{"not_picked":["construct:ScopeCore+1","construct:Versatility","construct:Agitation","construct:ElectricArmor"],"picked":"SKIP","floor":28}],"player_experience":9365,"relics_obtained":[{"floor":6,"key":"Lantern"},{"floor":7,"key":"Sundial"},{"floor":9,"key":"hubris:DuctTape"},{"floor":16,"key":"Bottled Lightning"},{"floor":24,"key":"Turnip"},{"floor":24,"key":"Question Card"},{"floor":25,"key":"Regal Pillow"},{"floor":26,"key":"infinitespire:CheckeredPen"}],"event_choices":[{"damage_healed":0,"gold_gain":1,"player_choice":"1","damage_taken":0,"max_hp_gain":0,"max_hp_loss":0,"event_name":"betterStone:BetterStone","floor":3,"gold_loss":0}],"is_beta":false,"boss_relics":[{"not_picked":["Astrolabe","hubris:BlackHole"],"picked":"SacredBark"}],"items_purged_floors":[28],"is_endless":false,"potions_floor_spawned":[2,15,18,23,25],"killed_by":"Chosen and Byrds","ascension_level":1}}