{"host":"sdl5b0uiznq00owb","time":1608759122,"event":{"mods":["BaseMod","Minty Spire (QoL Compilation)","Permanent Neow","Relic Stats"],"gold_per_floor":[113,133,133,148,98,125,50,50,77,77,96,129,29,29,29,132,132,148,132,132,146,146,146,146],"floor_reached":23,"playtime":1253,"items_purged":["Strike_B","Strike_B"],"score":279,"play_id":"012904f7-18ba-4847-ba69-0abfcc831144","local_time":"20201223153202","is_ascension_mode":true,"campfire_choices":[{"data":"Defragment","floor":8.0,"key":"SMITH"},{"data":"Doom and Gloom","floor":10.0,"key":"SMITH"},{"floor":15.0,"key":"REST"}],"circlet_count":0,"master_deck":["Defend_B","Defend_B","Defend_B","Defend_B","Zap","Dualcast","Defragment+1","Doom and Gloom+1","Redo","Hologram","Core Surge","Seek","Coolheaded+1","Conserve Battery"],"relics":["Nuclear Battery","Oddly Smooth Stone","DataDisk","Singing Bowl","Inserter"],"acts_visited":["Exordium","TheCity"],"potions_floor_usage":[22,23],"damage_taken":[{"damage":3.0,"enemies":"Small Slimes","floor":1.0,"turns":5.0},{"damage":1.0,"enemies":"2 Louse","floor":2.0,"turns":3.0},{"damage":3.0,"enemies":"Jaw Worm","floor":4.0,"turns":4.0},{"damage":18.0,"enemies":"3 Sentries","floor":6.0,"turns":8.0},{"damage":6.0,"enemies":"Large Slime","floor":11.0,"turns":3.0},{"damage":18.0,"enemies":"Lagavulin","floor":12.0,"turns":5.0},{"damage":1.0,"enemies":"The Guardian","floor":16.0,"turns":7.0},{"damage":14.0,"enemies":"Spheric Guardian","floor":18.0,"turns":6.0},{"damage":26,"enemies":"2 Thieves","floor":19,"turns":4},{"damage":5,"enemies":"Centurion and Healer","floor":21,"turns":8},{"damage":17,"enemies":"Slavers","floor":23,"turns":1}],"seed_played":"1214257467679885774","potions_obtained":[{"floor":4.0,"key":"Dexterity Potion"},{"floor":12.0,"key":"DuplicationPotion"},{"floor":19,"key":"Fruit Juice"}],"is_trial":false,"path_per_floor":["M","M","$","M","?","E","$","R","T","R","M","E","$","?","R","B",null,"M","M","?","M","?","E"],"character_chosen":"DEFECT","items_purchased":[],"campfire_rested":1,"item_purchase_floors":[],"current_hp_per_floor":[65,64,64,61,61,43,43,43,43,43,37,21,21,21,44,43,69,55,31,31,26,16,0,0],"gold":146,"neow_bonus":"BOSS_RELIC","is_daily":false,"chose_seed":false,"campfire_upgraded":2,"win_rate":0.0,"timestamp":1608759122,"path_taken":["M","M","$","M","?","E","$","R","T","R","M","E","$","?","R","BOSS","M","M","?","M","?","E"],"items_purchased_type":[],"build_version":"2020-12-22","purchased_purges":2,"victory":false,"max_hp_per_floor":[75,75,75,75,75,75,75,75,75,75,75,77,77,77,77,77,77,77,79,79,79,89,89,89],"relic_stats":{"Inserter":[9],"Singing Bowl":4,"counters":[11,54],"obtain_stats":[{"DataDisk":9,"Inserter":17,"Singing Bowl":12,"Oddly Smooth Stone":6,"Cracked Core":0,"Nuclear Battery":0},{"DataDisk":4,"Inserter":7,"Singing Bowl":6,"Oddly Smooth Stone":4,"Cracked Core":0,"Nuclear Battery":0},{"DataDisk":20,"Inserter":35,"Singing Bowl":28,"Oddly Smooth Stone":20,"Cracked Core":0,"Nuclear Battery":0}]},"card_choices":[{"not_picked":["Rebound","Go for the Eyes","Rip and Tear"],"picked":"SKIP","floor":1.0},{"not_picked":["Hologram","FTL"],"picked":"Defragment","floor":2.0},{"not_picked":["Glacier","Streamline"],"picked":"Doom and Gloom","floor":4.0},{"not_picked":["Machine Learning","Coolheaded"],"picked":"Redo","floor":6.0},{"not_picked":["Storm","Turbo"],"picked":"Hologram","floor":11.0},{"not_picked":["Gash","Stack","Hologram"],"picked":"Singing Bowl","floor":12.0},{"not_picked":["Electrodynamics","Rainbow"],"picked":"Seek","floor":16.0},{"not_picked":["Hologram","Streamline+1"],"picked":"Coolheaded+1","floor":18.0},{"not_picked":["Go for the Eyes+1","Ball Lightning","Steam+1"],"picked":"Singing Bowl","floor":19},{"not_picked":["Double Energy+1","Streamline"],"picked":"Conserve Battery","floor":21}],"player_experience":676919,"relics_obtained":[{"floor":6.0,"key":"Oddly Smooth Stone"},{"floor":9.0,"key":"DataDisk"},{"floor":12.0,"key":"Singing Bowl"}],"event_choices":[{"cards_removed":["Strike_B"],"damage_healed":0.0,"max_hp_gain":0.0,"max_hp_loss":0.0,"gold_gain":0.0,"event_name":"The Cleric","player_choice":"Card Removal","floor":5.0,"gold_loss":50.0,"damage_taken":0.0},{"damage_healed":0.0,"max_hp_gain":0.0,"max_hp_loss":0.0,"gold_gain":0.0,"cards_transformed":["Strike_B"],"event_name":"Living Wall","player_choice":"Change","floor":14.0,"gold_loss":0.0,"damage_taken":0.0,"cards_obtained":["Core Surge"]},{"damage_healed":0,"gold_gain":0,"player_choice":"Ignored","damage_taken":0,"max_hp_gain":0,"max_hp_loss":0,"event_name":"The Mausoleum","floor":20,"gold_loss":0},{"damage_healed":0,"gold_gain":0,"player_choice":"Shed Blood","damage_taken":20,"max_hp_gain":5,"max_hp_loss":0,"event_name":"Forgotten Altar","floor":22,"gold_loss":0}],"is_beta":false,"boss_relics":[{"not_picked":["Sozu","Astrolabe"],"picked":"Inserter"}],"items_purged_floors":[7,13],"is_endless":false,"potions_floor_spawned":[4,12,19],"killed_by":"Slavers","ascension_level":8}}