{"host":"5f8ute538gzudddu","time":1608685796,"event":{"mods":["BaseMod","Highlight Path","Minty Spire (QoL Compilation)","Relic Stats","StSLib"],"gold_per_floor":[113,34,34,34,34,83,152,200,200,220,265,265,318,340,340,443,443,466,267,299,326,19,54,54,63,63,76,109,133,33,73,73,176,176,201,216,14,14,41,50,34,65,115,168,195,195,195,219,219,219,219,219,219,32,65,65],"floor_reached":57,"playtime":3469,"items_purged":["Strike_P","Defend_P","Defend_P"],"score":3152,"play_id":"025b2a85-f69b-43ba-bce0-90ae0e3c4d15","local_time":"20201222170956","is_ascension_mode":true,"campfire_choices":[{"floor":12.0,"key":"REST"},{"data":"BattleHymn","floor":15.0,"key":"SMITH"},{"floor":25.0,"key":"REST"},{"data":"WaveOfTheHand","floor":32.0,"key":"SMITH"},{"floor":40.0,"key":"REST"},{"floor":46.0,"key":"REST"},{"floor":49.0,"key":"RECALL"},{"data":"TalkToTheHand","floor":53.0,"key":"SMITH"}],"circlet_count":0,"master_deck":["AscendersBane","Strike_P+1","Defend_P","Defend_P+1","Vigilance+1","Tantrum+1","ReachHeaven+1","Consecrate+1","Scrawl+1","WaveOfTheHand+1","TalkToTheHand+1","BattleHymn+1","LessonLearned","Halt+1","Consecrate+1","Sanctity+1","TalkToTheHand","FlurryOfBlows","BowlingBash+1","ClearTheMind+1","TalkToTheHand+1","DeceiveReality+1","SpiritShield","Sanctity","Tantrum","Adaptation","TalkToTheHand","ThirdEye+1","Meditate+1","PanicButton+1","Deep Breath+1","Dark Shackles+1","Sanctity+1","InnerPeace+1","Tantrum"],"relics":["PureWater","NeowsBlessing","Golden Idol","CeramicFish","Bag of Marbles","Pantograph","White Beast Statue","Letter Opener","War Paint","Dream Catcher","SacredBark","TeardropLocket","Pen Nib","Bronze Scales","Calipers","SlaversCollar","Strawberry","Toxic Egg 2","Orichalcum"],"acts_visited":["Exordium","TheCity","TheBeyond","TheEnding"],"potions_floor_usage":[56,56,56],"damage_taken":[{"damage":0.0,"enemies":"Cultist","floor":1.0,"turns":1.0},{"damage":0.0,"enemies":"3 Sentries","floor":6.0,"turns":1.0},{"damage":0.0,"enemies":"Gremlin Nob","floor":7.0,"turns":1.0},{"damage":14.0,"enemies":"Gremlin Nob","floor":8.0,"turns":3.0},{"damage":2.0,"enemies":"Jaw Worm","floor":10.0,"turns":2.0},{"damage":7.0,"enemies":"Lagavulin","floor":11.0,"turns":5.0},{"damage":0.0,"enemies":"3 Sentries","floor":13.0,"turns":4.0},{"damage":0.0,"enemies":"Small Slimes","floor":14.0,"turns":2.0},{"damage":24.0,"enemies":"Hexaghost","floor":16.0,"turns":7.0},{"damage":0.0,"enemies":"Spheric Guardian","floor":18.0,"turns":3.0},{"damage":6.0,"enemies":"2 Thieves","floor":20.0,"turns":3.0},{"damage":10.0,"enemies":"Shelled Parasite and Fungi","floor":21.0,"turns":3.0},{"damage":28.0,"enemies":"Slavers","floor":23.0,"turns":4.0},{"damage":0.0,"enemies":"Snecko","floor":27.0,"turns":4.0},{"damage":0.0,"enemies":"Cultist and Chosen","floor":28.0,"turns":3.0},{"damage":0.0,"enemies":"Shelled Parasite and Fungi","floor":29.0,"turns":2.0},{"damage":0.0,"enemies":"Book of Stabbing","floor":31.0,"turns":3.0},{"damage":4.0,"enemies":"Collector","floor":33.0,"turns":10.0},{"damage":14.0,"enemies":"Orb Walker","floor":35.0,"turns":4.0},{"damage":7.0,"enemies":"3 Shapes","floor":36.0,"turns":1.0},{"damage":15.0,"enemies":"Sphere and 2 Shapes","floor":39.0,"turns":11.0},{"damage":11.0,"enemies":"Giant Head","floor":42.0,"turns":6.0},{"damage":5.0,"enemies":"Nemesis","floor":44.0,"turns":9.0},{"damage":11.0,"enemies":"4 Shapes","floor":48.0,"turns":9.0},{"damage":0.0,"enemies":"Time Eater","floor":50.0,"turns":11.0},{"damage":0.0,"enemies":"Donu and Deca","floor":51.0,"turns":10.0},{"damage":0.0,"enemies":"Shield and Spear","floor":55.0,"turns":6.0},{"damage":42,"enemies":"The Heart","floor":56,"turns":12}],"seed_played":"1835664592025791108","potions_obtained":[{"floor":6.0,"key":"Block Potion"},{"floor":7.0,"key":"FearPotion"},{"floor":10.0,"key":"PowerPotion"},{"floor":11.0,"key":"GamblersBrew"},{"floor":13.0,"key":"Energy Potion"},{"floor":14.0,"key":"Dexterity Potion"},{"floor":18.0,"key":"LiquidBronze"},{"floor":20.0,"key":"Swift Potion"},{"floor":21.0,"key":"PowerPotion"},{"floor":23.0,"key":"SkillPotion"},{"floor":27.0,"key":"SkillPotion"},{"floor":28.0,"key":"Explosive Potion"},{"floor":29.0,"key":"StancePotion"},{"floor":31.0,"key":"Explosive Potion"},{"floor":33.0,"key":"Fire Potion"},{"floor":35.0,"key":"Fire Potion"},{"floor":36.0,"key":"FearPotion"},{"floor":39.0,"key":"Energy Potion"},{"floor":42.0,"key":"Swift Potion"},{"floor":44.0,"key":"Ambrosia"},{"floor":48.0,"key":"BlessingOfTheForge"},{"floor":55.0,"key":"EntropicBrew"}],"is_trial":false,"path_per_floor":["M","$","?","?","?","E","?","E","T","M","E","R","E","M","R","B",null,"M","$","M","M","$","E","?","R","T","M","M","M","$","E","R","B",null,"M","M","$","$","M","R","$","E","T","E","?","R","?","M","R","B","B",null,"R","$","E","B",null],"character_chosen":"WATCHER","items_purchased":["ReachHeaven","Consecrate","Sanctity","TeardropLocket","BowlingBash","Tantrum","ThirdEye","InnerPeace+1","DuplicationPotion","Tantrum"],"campfire_rested":4,"item_purchase_floors":[2,19,19,22,22,37,41,54,54,54],"current_hp_per_floor":[61,61,61,50,43,43,43,29,29,27,20,38,38,38,38,38,56,56,56,50,40,40,12,12,30,30,30,30,30,30,30,30,51,59,45,38,38,38,23,41,41,37,37,32,22,42,42,31,31,56,69,69,69,69,69,27],"gold":65,"neow_bonus":"THREE_ENEMY_KILL","is_daily":false,"chose_seed":false,"campfire_upgraded":3,"win_rate":0.0,"timestamp":1608685796,"path_taken":["M","?","?","?","?","E","?","E","T","M","E","R","E","M","R","BOSS","M","$","M","M","$","E","?","R","T","M","?","?","?","E","R","BOSS","M","M","?","$","?","R","$","E","T","E","?","R","?","M","R","BOSS","BOSS","R","$","E","BOSS"],"items_purchased_type":["Card","Card","Card","Relic","Card","Card","Card","Card","Potion","Card"],"build_version":"2020-12-13","purchased_purges":3,"victory":true,"max_hp_per_floor":[68,68,62,62,62,62,62,62,62,62,62,62,62,62,62,62,62,62,62,62,62,62,62,62,62,62,62,62,62,62,62,62,62,62,62,62,62,62,62,62,62,69,69,69,69,69,69,69,69,69,69,69,69,69,69,69],"relic_stats":{"Dream Catcher":3,"counters":[28,140],"Golden Idol":226,"CeramicFish":252,"Pantograph":87,"Bronze Scales":[391],"Pen Nib":[26],"Letter Opener":[315],"War Paint":["Vigilance","Scrawl"],"Orichalcum":[0],"obtain_stats":[{"Calipers":31,"NeowsBlessing":0,"Golden Idol":3,"CeramicFish":4,"SacredBark":17,"Pen Nib":23,"Letter Opener":9,"TeardropLocket":22,"War Paint":11,"Orichalcum":55,"White Beast Statue":8,"SlaversCollar":34,"Dream Catcher":13,"Pantograph":7,"Bronze Scales":26,"Strawberry":42,"Bag of Marbles":6,"PureWater":0,"Toxic Egg 2":44},{"Calipers":17,"NeowsBlessing":0,"Golden Idol":1,"CeramicFish":1,"SacredBark":9,"Pen Nib":13,"Letter Opener":4,"TeardropLocket":12,"War Paint":6,"Orichalcum":27,"White Beast Statue":4,"SlaversCollar":18,"Dream Catcher":7,"Pantograph":3,"Bronze Scales":13,"Strawberry":22,"Bag of Marbles":2,"PureWater":0,"Toxic Egg 2":23},{"Calipers":51,"NeowsBlessing":0,"Golden Idol":1,"CeramicFish":1,"SacredBark":26,"Pen Nib":39,"Letter Opener":6,"TeardropLocket":35,"War Paint":13,"Orichalcum":128,"White Beast Statue":6,"SlaversCollar":61,"Dream Catcher":17,"Pantograph":3,"Bronze Scales":39,"Strawberry":83,"Bag of Marbles":2,"PureWater":0,"Toxic Egg 2":92}]},"card_choices":[{"not_picked":["Evaluate","PathToVictory"],"picked":"Tantrum","floor":1.0},{"not_picked":["EmptyFist","ForeignInfluence"],"picked":"Consecrate","floor":6.0},{"not_picked":["Consecrate","Wireheading"],"picked":"Scrawl","floor":8.0},{"not_picked":["CrushJoints","PathToVictory","SignatureMove"],"picked":"SKIP","floor":10.0},{"not_picked":["WindmillStrike","EmptyFist"],"picked":"WaveOfTheHand","floor":11.0},{"not_picked":["Vengeance","Worship"],"picked":"TalkToTheHand","floor":13.0},{"not_picked":["FlyingSleeves","Evaluate"],"picked":"BattleHymn","floor":14.0},{"not_picked":["Alpha","Blasphemy"],"picked":"LessonLearned","floor":16.0},{"not_picked":["JustLucky","EmptyBody"],"picked":"Halt","floor":18.0},{"not_picked":["FollowUp","Sanctity"],"picked":"TalkToTheHand","floor":20.0},{"not_picked":["Omniscience","Weave"],"picked":"FlurryOfBlows","floor":21.0},{"not_picked":["SandsOfTime","Consecrate","Evaluate"],"picked":"SKIP","floor":23.0},{"not_picked":["Halt","BowlingBash"],"picked":"ClearTheMind","floor":25.0},{"not_picked":["FlurryOfBlows","JustLucky","Crescendo"],"picked":"SKIP","floor":27.0},{"not_picked":["ForeignInfluence","JustLucky"],"picked":"TalkToTheHand","floor":28.0},{"not_picked":["MentalFortress","ReachHeaven","Perseverance"],"picked":"SKIP","floor":29.0},{"not_picked":["Sanctity","LessonLearned"],"picked":"DeceiveReality+1","floor":31.0},{"not_picked":["Wish","Judgement"],"picked":"SpiritShield","floor":33.0},{"not_picked":["Crescendo","Collect"],"picked":"Sanctity","floor":35.0},{"not_picked":["Study","JustLucky","Protect+1"],"picked":"SKIP","floor":36.0},{"not_picked":["SignatureMove","ThirdEye+1"],"picked":"Adaptation","floor":39.0},{"not_picked":["Wallop","FlyingSleeves"],"picked":"TalkToTheHand","floor":40.0},{"not_picked":["EmptyFist","ConjureBlade","DeceiveReality"],"picked":"SKIP","floor":42.0},{"not_picked":["FlyingSleeves+1","DeusExMachina+1"],"picked":"Meditate+1","floor":44.0},{"not_picked":["Blind+1","Mind Blast"],"picked":"PanicButton+1","floor":45.0},{"not_picked":["Impatience+1","Chrysalis+1"],"picked":"Deep Breath+1","floor":45.0},{"not_picked":["Violence+1","Bandage Up+1"],"picked":"Dark Shackles+1","floor":45.0},{"not_picked":["Halt+1","Pray+1"],"picked":"Sanctity+1","floor":48.0},{"not_picked":["CrushJoints","Consecrate","Blasphemy+1"],"picked":"SKIP","floor":55.0}],"player_experience":902948,"relics_obtained":[{"floor":6.0,"key":"Bag of Marbles"},{"floor":7.0,"key":"Pantograph"},{"floor":8.0,"key":"White Beast Statue"},{"floor":9.0,"key":"Letter Opener"},{"floor":11.0,"key":"War Paint"},{"floor":13.0,"key":"Dream Catcher"},{"floor":23.0,"key":"Pen Nib"},{"floor":26.0,"key":"Bronze Scales"},{"floor":31.0,"key":"Calipers"},{"floor":42.0,"key":"Strawberry"},{"floor":44.0,"key":"Toxic Egg 2"},{"floor":55.0,"key":"Orichalcum"}],"event_choices":[{"damage_healed":0.0,"max_hp_gain":0.0,"max_hp_loss":6.0,"gold_gain":0.0,"event_name":"Golden Idol","player_choice":"Lose Max HP","floor":3.0,"gold_loss":0.0,"damage_taken":0.0,"relics_obtained":["Golden Idol"]},{"damage_healed":0.0,"max_hp_gain":0.0,"max_hp_loss":0.0,"gold_gain":0.0,"event_name":"Scrap Ooze","player_choice":"Success","floor":4.0,"gold_loss":0.0,"damage_taken":11.0,"relics_obtained":["CeramicFish"]},{"cards_removed":["Eruption"],"damage_healed":0.0,"max_hp_gain":0.0,"max_hp_loss":0.0,"gold_gain":0.0,"event_name":"Golden Wing","player_choice":"Card Removal","floor":5.0,"gold_loss":0.0,"damage_taken":7.0},{"damage_healed":0.0,"max_hp_gain":0.0,"max_hp_loss":0.0,"gold_gain":0.0,"event_name":"Dead Adventurer","player_choice":"Searched \u00271\u0027 times","floor":7.0,"gold_loss":0.0,"damage_taken":0.0},{"cards_removed":["Strike_P"],"damage_healed":0.0,"max_hp_gain":0.0,"max_hp_loss":0.0,"gold_gain":0.0,"event_name":"Purifier","player_choice":"Purged","floor":24.0,"gold_loss":0.0,"damage_taken":0.0},{"damage_healed":0.0,"max_hp_gain":0.0,"max_hp_loss":0.0,"gold_gain":0.0,"event_name":"SensoryStone","player_choice":"Memory 3","floor":45.0,"gold_loss":0.0,"damage_taken":10.0},{"cards_removed":["Strike_P"],"damage_healed":0.0,"max_hp_gain":0.0,"max_hp_loss":0.0,"gold_gain":0.0,"event_name":"Bonfire Elementals","player_choice":"Offered Basic","floor":47.0,"gold_loss":0.0,"damage_taken":0.0}],"is_beta":false,"boss_relics":[{"not_picked":["Velvet Choker","HolyWater"],"picked":"SacredBark"},{"not_picked":["Runic Pyramid","Snecko Eye"],"picked":"SlaversCollar"}],"items_purged_floors":[19,30,37],"is_endless":false,"potions_floor_spawned":[6,7,10,11,13,14,16,18,20,21,23,27,28,29,31,33,35,36,39,42,44,48,55],"ascension_level":20}}