{"host":"fevvm7bbzuh4s1jc","time":1608743665,"event":{"mods":["BaseMod","Highlight Path","Minty Spire (QoL Compilation)","Relic Stats"],"gold_per_floor":[116,116,131,142,142,142,177,192,192,228,228,59,115,115,115,115,115],"floor_reached":16,"playtime":708,"items_purged":[],"score":216,"play_id":"c6b613b3-fdd2-4288-9e95-b02721487775","local_time":"20201223121425","is_ascension_mode":true,"campfire_choices":[{"data":"Bash","floor":6,"key":"SMITH"},{"data":"Spot Weakness","floor":11,"key":"SMITH"},{"floor":15,"key":"REST"}],"circlet_count":0,"master_deck":["AscendersBane","Strike_R","Strike_R","Strike_R","Defend_R","Defend_R","Defend_R","Defend_R","Bash+1","Reaper","Pommel Strike","Anger","Brutality","Feel No Pain","Spot Weakness+1"],"relics":["Burning Blood","Golden Idol","StoneCalendar","Ginger","Singing Bowl","Medical Kit"],"acts_visited":["Exordium"],"potions_floor_usage":[16],"damage_taken":[{"damage":7,"enemies":"Small Slimes","floor":1,"turns":5},{"damage":1,"enemies":"2 Louse","floor":3,"turns":3},{"damage":2,"enemies":"Jaw Worm","floor":4,"turns":3},{"damage":34,"enemies":"Gremlin Nob","floor":7,"turns":4},{"damage":13,"enemies":"3 Louse","floor":8,"turns":5},{"damage":23,"enemies":"3 Sentries","floor":10,"turns":7},{"damage":51,"enemies":"The Guardian","floor":16,"turns":6}],"seed_played":"454915613827141377","potions_obtained":[{"floor":8,"key":"DuplicationPotion"}],"is_trial":false,"path_per_floor":["M","?","M","M","?","R","E","M","T","E","R","$","?","?","R","B"],"character_chosen":"IRONCLAD","items_purchased":["Medical Kit"],"campfire_rested":1,"item_purchase_floors":[12],"current_hp_per_floor":[67,72,79,80,52,52,28,27,27,24,24,24,24,24,48,0,0],"gold":115,"neow_bonus":"TRANSFORM_CARD","is_daily":false,"chose_seed":false,"campfire_upgraded":2,"win_rate":0.0,"timestamp":1608743665,"path_taken":["M","?","M","M","?","R","E","M","T","E","R","$","?","?","R","BOSS"],"items_purchased_type":["Relic"],"build_version":"2020-12-22","purchased_purges":0,"victory":false,"max_hp_per_floor":[75,80,80,80,80,80,80,80,80,82,82,82,82,82,82,82,82],"relic_stats":{"Singing Bowl":2,"counters":[7,33],"Golden Idol":17,"StoneCalendar":[15],"Ginger":[0],"Medical Kit":[0],"obtain_stats":[{"Singing Bowl":10,"Golden Idol":5,"StoneCalendar":7,"Ginger":9,"Medical Kit":12,"Burning Blood":0},{"Singing Bowl":6,"Golden Idol":3,"StoneCalendar":4,"Ginger":5,"Medical Kit":6,"Burning Blood":0},{"Singing Bowl":27,"Golden Idol":11,"StoneCalendar":15,"Ginger":20,"Medical Kit":27,"Burning Blood":0}],"Burning Blood":32},"card_choices":[{"not_picked":["Heavy Blade","Fire Breathing"],"picked":"Pommel Strike","floor":1},{"not_picked":["Havoc","Shrug It Off"],"picked":"Anger","floor":3},{"not_picked":["Warcry","Sword Boomerang"],"picked":"Brutality","floor":4},{"not_picked":["Seeing Red","Iron Wave"],"picked":"Feel No Pain","floor":7},{"not_picked":["Thunderclap","Wild Strike"],"picked":"Spot Weakness","floor":8},{"not_picked":["Intimidate","Cleave","Spot Weakness"],"picked":"Singing Bowl","floor":10}],"player_experience":2568782,"relics_obtained":[{"floor":7,"key":"StoneCalendar"},{"floor":9,"key":"Ginger"},{"floor":10,"key":"Singing Bowl"}],"event_choices":[{"damage_healed":0,"gold_gain":0,"player_choice":"Donut","damage_taken":0,"max_hp_gain":5,"max_hp_loss":0,"event_name":"Big Fish","floor":2,"gold_loss":0},{"damage_healed":0,"gold_gain":0,"player_choice":"Take Damage","damage_taken":28,"relics_obtained":["Golden Idol"],"max_hp_gain":0,"max_hp_loss":0,"event_name":"Golden Idol","floor":5,"gold_loss":0},{"damage_healed":0,"gold_gain":56,"player_choice":"Gained Gold","damage_taken":0,"max_hp_gain":0,"max_hp_loss":0,"event_name":"Golden Wing","floor":13,"gold_loss":0},{"cards_removed":["Strike_R"],"damage_healed":0,"gold_gain":0,"player_choice":"Forget","damage_taken":0,"max_hp_gain":0,"max_hp_loss":0,"event_name":"Living Wall","floor":14,"gold_loss":0}],"is_beta":false,"boss_relics":[],"items_purged_floors":[],"is_endless":false,"potions_floor_spawned":[8],"killed_by":"The Guardian","ascension_level":20}}