{"host":"l12hrjjiowxu1z6t","time":1608739122,"event":{"mods":["BaseMod","Colored Powertips","Highlight Path","Minty Spire (QoL Compilation)","Quick Restart","SuperFastMode"],"gold_per_floor":[114,114,62,86,11,49,79,79,79,79,79,95,128,142,142,142,142],"floor_reached":16,"playtime":436,"items_purged":["Strike_G"],"score":124,"play_id":"f3ad8ee7-537c-4006-ba90-2fce20bf94e5","local_time":"20201223105842","is_ascension_mode":true,"campfire_choices":[{"floor":8,"key":"REST"},{"floor":10,"key":"REST"},{"floor":15,"key":"REST"}],"circlet_count":0,"master_deck":["Strike_G","Strike_G","Strike_G","Strike_G+1","Defend_G","Defend_G","Defend_G","Defend_G","Defend_G","Survivor+1","Neutralize","Secret Technique","Poisoned Stab","Poisoned Stab","Deadly Poison","Deadly Poison"],"relics":["Ring of the Snake","Golden Idol","InkBottle","Gremlin Horn","Darkstone Periapt"],"acts_visited":["Exordium"],"potions_floor_usage":[6,14],"damage_taken":[{"damage":0,"enemies":"2 Louse","floor":1,"turns":4},{"damage":0,"enemies":"Small Slimes","floor":4,"turns":4},{"damage":32,"enemies":"Lagavulin","floor":6,"turns":7},{"damage":1,"enemies":"Jaw Worm","floor":12,"turns":3},{"damage":25,"enemies":"Gremlin Nob","floor":13,"turns":4},{"damage":7,"enemies":"Gremlin Gang","floor":14,"turns":5},{"damage":18,"enemies":"Slime Boss","floor":16,"turns":5}],"seed_played":"6721366841959164035","potions_obtained":[{"floor":1,"key":"Energy Potion"},{"floor":13,"key":"EssenceOfSteel"}],"is_trial":false,"path_per_floor":["M","?","$","M","$","E","?","R","T","R","?","M","E","M","R","B"],"character_chosen":"THE_SILENT","items_purchased":["Poisoned Stab"],"campfire_rested":3,"item_purchase_floors":[3],"current_hp_per_floor":[63,48,48,48,48,16,16,34,34,52,39,38,13,6,24,6,6],"gold":142,"neow_bonus":"RANDOM_COLORLESS_2","is_daily":false,"chose_seed":false,"campfire_upgraded":0,"win_rate":0.0,"timestamp":1608739122,"path_taken":["M","?","$","M","$","E","?","R","T","R","?","M","E","M","R","BOSS"],"items_purchased_type":["Card"],"build_version":"2020-12-22","purchased_purges":1,"victory":false,"max_hp_per_floor":[63,63,63,63,63,63,63,63,63,63,63,63,63,63,63,63,63],"card_choices":[{"not_picked":["Secret Weapon","HandOfGreed"],"picked":"Secret Technique","floor":0},{"not_picked":["Backflip","Quick Slash"],"picked":"Poisoned Stab","floor":1},{"not_picked":["Prepared","Backflip"],"picked":"Deadly Poison","floor":4},{"not_picked":["Underhanded Strike","Infinite Blades","Distraction"],"picked":"SKIP","floor":6},{"not_picked":["Infinite Blades","Accuracy","Dodge and Roll"],"picked":"SKIP","floor":12},{"not_picked":["Underhanded Strike","Sucker Punch","Flying Knee"],"picked":"SKIP","floor":13},{"not_picked":["Tactician","Underhanded Strike"],"picked":"Deadly Poison","floor":14}],"player_experience":142226,"relics_obtained":[{"floor":6,"key":"InkBottle"},{"floor":9,"key":"Gremlin Horn"},{"floor":13,"key":"Darkstone Periapt"}],"event_choices":[{"damage_healed":0,"gold_gain":0,"player_choice":"Take Damage","damage_taken":15,"relics_obtained":["Golden Idol"],"max_hp_gain":0,"max_hp_loss":0,"event_name":"Golden Idol","floor":2,"gold_loss":0},{"damage_healed":0,"gold_gain":30,"player_choice":"Searched \u00272\u0027 times","damage_taken":0,"max_hp_gain":0,"max_hp_loss":0,"event_name":"Dead Adventurer","floor":7,"gold_loss":0},{"damage_healed":0,"gold_gain":0,"player_choice":"Entered Light","damage_taken":13,"max_hp_gain":0,"max_hp_loss":0,"event_name":"Shining Light","floor":11,"gold_loss":0,"cards_upgraded":["Strike_G","Survivor"]}],"is_beta":false,"boss_relics":[],"items_purged_floors":[5],"is_endless":false,"potions_floor_spawned":[1,13],"killed_by":"Slime Boss","ascension_level":3}}