{"host":"65bhxfoqsqjg61le","time":1608687513,"event":{"mods":["2.2 Compatiblity","AchievementEnabler","BaseMod","Better Third Choice","Colored Powertips","Conspire","DeckTracker","Downfall","Energized Spire","GifTheSpireLib","Googly Eyes","Hubris","Infinite Spire","Minty Spire (QoL Compilation)","Quick Restart","RRrroohrrRGHHhhh!!","Random Character Button","Rare Cards Sparkle","Replay The Spire","Shade Mod","StSLib","Stuff the Spire","The IronCluck","Wandering Minibosses","egg","everything is the same but u backflip on backflip","slay the spire mod where everything is the same but ironclad has a cowboy hat","thorton"],"gold_per_floor":[109,121,121,140,156,156,189,189,189,206,206,217,217,251,251,346,346,362,362,181,195,135,135,163,175,187,299,311,336,348,360,372,384,384],"floor_reached":33,"playtime":3097,"items_purged":[],"score":328,"play_id":"f49f2303-2ce5-4ea3-a9ab-30a0ff818d9b","local_time":"20201222203833","is_ascension_mode":true,"campfire_choices":[{"data":"infinitespire:Punishment","floor":6.0,"key":"SMITH"},{"floor":8.0,"key":"REST"},{"data":"ReplayTheSpireMod:Dual Polarity","floor":13.0,"key":"SMITH"},{"data":"rorgmod:Storm","floor":15.0,"key":"SMITH"},{"data":"StuffTheSpire:Ambrosia","floor":23,"key":"SMITH"},{"floor":25,"key":"REST"},{"floor":28,"key":"RECALL"},{"floor":32,"key":"REST"}],"circlet_count":0,"master_deck":["Strike_B","Strike_B","Strike_B","Strike_B","Defend_B","Defend_B","Defend_B","Defend_B","Zap","Dualcast","ReplayTheSpireMod:Dual Polarity+1","infinitespire:Punishment+1","Cold Snap","conspire:SharedLibrary","rorgmod:Storm+1","Mirror Shield","Clumsy","CommonCold","Clumsy","StuffTheSpire:Ambrosia+1","StuffTheSpire:ShieldGenerator+1","hubris:Ukulele"],"relics":["Cracked Core","NeowsBlessing","Nunchaku","Smiling Mask","StuffTheSpire:HeavyRock","Replay:Ancient Bell","Happy Flower","Toxic Egg 2","Turnip","hubris:Towel","MawBank","hubris:BottledRain"],"acts_visited":["Exordium","TheCity"],"potions_floor_usage":[24,29,29],"damage_taken":[{"damage":0.0,"enemies":"infinitespire:Voidling","floor":1.0,"turns":1.0},{"damage":3.0,"enemies":"conspire:RoseBush","floor":2.0,"turns":1.0},{"damage":0.0,"enemies":"Small Slimes","floor":4.0,"turns":1.0},{"damage":8.0,"enemies":"Blue Slaver","floor":5.0,"turns":3.0},{"damage":17.0,"enemies":"Lagavulin","floor":7.0,"turns":5.0},{"damage":0.0,"enemies":"Looter","floor":10.0,"turns":1.0},{"damage":0.0,"enemies":"Large Slime","floor":12.0,"turns":3.0},{"damage":0.0,"enemies":"Replay:BlueRogue","floor":14.0,"turns":4.0},{"damage":27.0,"enemies":"The Guardian","floor":16.0,"turns":7.0},{"damage":0,"enemies":"Shell Parasite","floor":18,"turns":4},{"damage":26,"enemies":"conspire:FuzzyDice","floor":21,"turns":6},{"damage":23,"enemies":"conspire:SneckoGhost","floor":24,"turns":6},{"damage":52,"enemies":"Chosen and Byrds","floor":29,"turns":7},{"damage":70,"enemies":"Automaton","floor":33,"turns":6}],"seed_played":"4578250639489546911","potions_obtained":[{"floor":2.0,"key":"FearPotion"},{"floor":5.0,"key":"FocusPotion"},{"floor":7.0,"key":"champ:CounterPotion"},{"floor":12.0,"key":"PowerPotion"},{"floor":21,"key":"Regen Potion"}],"is_trial":false,"path_per_floor":["M","M","?","M","M","R","E","R","T","M","?","M","R","E","R","B",null,"M","?","?","M","?","R","E","R","T","?","R","M","?","T","R","B"],"character_chosen":"DEFECT","items_purchased":[],"campfire_rested":3,"item_purchase_floors":[],"current_hp_per_floor":[75,72,55,55,47,47,30,52,52,52,52,52,52,52,52,25,75,75,75,75,50,50,50,29,52,52,52,52,7,7,7,31,0,0],"gold":384,"neow_bonus":"THREE_ENEMY_KILL","is_daily":false,"chose_seed":false,"campfire_upgraded":4,"win_rate":0.0,"timestamp":1608687513,"path_taken":["M","?","?","M","M","R","E","R","T","M","?","M","R","E","R","BOSS","M","?","?","M","?","R","E","R","T","?","R","?","?","?","R","BOSS"],"items_purchased_type":[],"build_version":"2020-12-13","purchased_purges":0,"victory":false,"max_hp_per_floor":[75,75,75,75,75,75,75,75,75,75,75,75,75,75,75,75,75,75,75,75,76,76,76,78,78,78,78,78,80,80,80,80,82,82],"card_choices":[{"not_picked":["rorgmod:Refrigerate","rorgmod:Chaos"],"picked":"ReplayTheSpireMod:Dual Polarity","floor":1.0},{"not_picked":["rorgmod:Malware","Cold Snap","Doom and Gloom"],"picked":"SKIP","floor":2.0},{"not_picked":["infinitespire:Gouge","hubris:Rewind"],"picked":"infinitespire:Punishment","floor":3.0},{"not_picked":["rorgmod:Overcurrent","Capacitor"],"picked":"Cold Snap","floor":4.0},{"not_picked":["Steam Power","ReplayTheSpireMod:Reroute Power","rorgmod:Steady Aim"],"picked":"SKIP","floor":5.0},{"not_picked":["rorgmod:Storm","StuffTheSpire:ForEach","StuffTheSpire:SnapShoot"],"picked":"SKIP","floor":7.0},{"not_picked":["conspire:Rain","Turbo"],"picked":"conspire:SharedLibrary","floor":10.0},{"not_picked":["Doom and Gloom","rorgmod:SQL Injection","rorgmod:LRU Cache"],"picked":"SKIP","floor":12.0},{"not_picked":["rorgmod:Zing-Zap","Sweeping Beam"],"picked":"rorgmod:Storm","floor":14.0},{"not_picked":["rorgmod:Volatility","Meteor Strike"],"picked":"Mirror Shield","floor":16.0},{"not_picked":["Doubt","hubris:Gluttony"],"picked":"Clumsy","floor":17},{"not_picked":["Decay","hubris:Compulsion"],"picked":"CommonCold","floor":17},{"not_picked":["rorgmod:Ache","Pain"],"picked":"Clumsy","floor":17},{"not_picked":["Panic Button+1","ReplayTheSpireMod:GoodbyeWorld","Sunder"],"picked":"SKIP","floor":18},{"not_picked":["Sweeping Beam","rorgmod:Black Ice"],"picked":"StuffTheSpire:ShieldGenerator+1","floor":21},{"not_picked":["Compile Driver","rorgmod:Steady Aim+1","rorgmod:Fragmentation+1"],"picked":"SKIP","floor":24},{"not_picked":["Sweeping Beam","Panic Button+1"],"picked":"hubris:Ukulele","floor":29}],"player_experience":1017687,"relics_obtained":[{"floor":7.0,"key":"Nunchaku"},{"floor":9.0,"key":"Smiling Mask"},{"floor":14.0,"key":"StuffTheSpire:HeavyRock"},{"floor":24,"key":"MawBank"},{"floor":31,"key":"hubris:BottledRain"}],"event_choices":[{"damage_healed":0,"gold_gain":100,"player_choice":"Pray","damage_taken":0,"max_hp_gain":0,"max_hp_loss":0,"event_name":"Golden Shrine","floor":27,"gold_loss":0}],"is_beta":false,"boss_relics":[{"not_picked":["Calling Bell","ChewingGum"],"picked":"Replay:Ancient Bell"},{"not_picked":["infinitespire:Lucky Rock","Ancient Tea Set"],"picked":"Happy Flower"},{"not_picked":["Pantograph","infinitespire:SolderingIron"],"picked":"Toxic Egg 2"},{"not_picked":["infinitespire:Joker Card","Mummified Hand"],"picked":"Turnip"}],"items_purged_floors":[],"is_endless":false,"potions_floor_spawned":[2,5,7,12,14,18,21],"killed_by":"Automaton","ascension_level":2}}