{"host":"djm8p3ivrj05jd45","time":1608701300,"event":{"mods":["AchievementEnabler","BaseMod","Downfall","Minty Spire (QoL Compilation)","StSLib","slay the spire mod where everything is the same but ironclad has a cowboy hat"],"gold_per_floor":[118,131,306,306,146,178,195,195,218,218,244,262,24,53,53,149,149,165,27,27,46,57,57,87,99,124,124,124],"floor_reached":27,"playtime":1584,"items_purged":[],"score":290,"play_id":"7ee8d11c-f501-4471-a292-4bf5692ae18e","local_time":"20201223002820","is_ascension_mode":true,"campfire_choices":[{"data":"Hello World","floor":10,"key":"SMITH"},{"floor":15,"key":"REST"},{"floor":23,"key":"REST"}],"circlet_count":0,"master_deck":["Strike_B","Strike_B","Strike_B+1","Strike_B","Defend_B","Defend_B+1","Defend_B+1","Defend_B+1","Zap","Dualcast","Leap","Aggregate","Doubt","Hello World+1","Gash","Static Discharge+1","Gash","Stack","Reinforced Body","Recycle","Melter","Biased Cognition","Self Repair","Defragment","BootSequence","Sweeping Beam","BootSequence","Turbo"],"relics":["Cracked Core","NeowsBlessing","Art of War","War Paint","TungstenRod","Vajra","Regal Pillow","Inserter","Thread and Needle","Smiling Mask"],"acts_visited":["Exordium","TheCity"],"potions_floor_usage":[6,11,12,14,14,18,22,25],"damage_taken":[{"damage":0,"enemies":"Small Slimes","floor":1,"turns":1},{"damage":0,"enemies":"2 Louse","floor":2,"turns":1},{"damage":0,"enemies":"Gremlin Nob","floor":6,"turns":1},{"damage":1,"enemies":"Jaw Worm","floor":7,"turns":4},{"damage":23,"enemies":"Lagavulin","floor":11,"turns":5},{"damage":0,"enemies":"Exordium Thugs","floor":12,"turns":4},{"damage":38,"enemies":"Gremlin Nob","floor":14,"turns":5},{"damage":41,"enemies":"Slime Boss","floor":16,"turns":9},{"damage":26,"enemies":"2 Thieves","floor":18,"turns":4},{"damage":35,"enemies":"Chosen","floor":21,"turns":5},{"damage":6,"enemies":"Centurion and Healer","floor":22,"turns":7},{"damage":27,"enemies":"Book of Stabbing","floor":24,"turns":6},{"damage":25,"enemies":"Snake Plant","floor":25,"turns":7},{"damage":26,"enemies":"Slavers","floor":27,"turns":5}],"seed_played":"-3340928902870223039","potions_obtained":[{"floor":1,"key":"AttackPotion"},{"floor":7,"key":"Swift Potion"},{"floor":12,"key":"Regen Potion"},{"floor":16,"key":"sneckomod:MuddlingPotion"},{"floor":24,"key":"Strength Potion"}],"is_trial":false,"path_per_floor":["M","M","?","?","$","E","M","?","T","R","E","M","$","E","R","B",null,"M","$","?","M","M","R","E","M","T","E"],"character_chosen":"DEFECT","items_purchased":["Hello World","Gash","DistilledChaos","Recycle","Vajra","SkillPotion","Defragment","Slimebound:ThreeZeroPotion"],"campfire_rested":2,"item_purchase_floors":[5,5,5,13,13,13,19,19],"current_hp_per_floor":[75,75,75,60,60,60,59,59,59,59,36,36,36,12,49,8,75,49,49,49,21,22,59,39,21,21,0,0],"gold":124,"neow_bonus":"THREE_ENEMY_KILL","is_daily":false,"chose_seed":false,"campfire_upgraded":1,"win_rate":0.0,"timestamp":1608701300,"path_taken":["M","M","?","?","$","E","M","?","T","R","E","M","$","E","R","BOSS","M","$","?","?","M","R","E","M","T","E"],"items_purchased_type":["Card","Card","Potion","Card","Relic","Potion","Card","Potion"],"build_version":"2020-12-22","purchased_purges":0,"victory":false,"max_hp_per_floor":[75,75,75,75,75,75,75,75,75,75,75,75,75,75,75,75,75,75,75,75,75,75,75,75,75,75,75,75],"card_choices":[{"not_picked":["Glacier","Steam Power"],"picked":"Leap","floor":1},{"not_picked":["Lockon","Fusion"],"picked":"Aggregate","floor":2},{"not_picked":["Sweeping Beam","Seek"],"picked":"Static Discharge","floor":6},{"not_picked":["Stack","Fusion"],"picked":"Gash","floor":7},{"not_picked":["Compile Driver","Chill"],"picked":"Stack","floor":11},{"not_picked":["Conserve Battery","Rainbow"],"picked":"Reinforced Body","floor":12},{"not_picked":["Chaos","Compile Driver"],"picked":"Melter","floor":14},{"not_picked":["Buffer","Echo Form"],"picked":"Biased Cognition","floor":16},{"not_picked":["Streamline","Blizzard"],"picked":"Self Repair","floor":18},{"not_picked":["Aggregate","Sweeping Beam+1"],"picked":"BootSequence","floor":21},{"not_picked":["Capacitor+1","Hologram"],"picked":"Sweeping Beam","floor":22},{"not_picked":["Stack","Leap"],"picked":"BootSequence","floor":24},{"not_picked":["Darkness","Streamline"],"picked":"Turbo","floor":25}],"player_experience":91068,"relics_obtained":[{"floor":6,"key":"Art of War"},{"floor":9,"key":"War Paint"},{"floor":11,"key":"TungstenRod"},{"floor":14,"key":"Regal Pillow"},{"floor":24,"key":"Thread and Needle"},{"floor":26,"key":"Smiling Mask"}],"event_choices":[{"damage_healed":0,"gold_gain":175,"player_choice":"AGREE","damage_taken":0,"max_hp_gain":0,"max_hp_loss":0,"event_name":"Liars Game","floor":3,"gold_loss":0,"cards_obtained":["Doubt"]},{"damage_healed":0,"gold_gain":0,"player_choice":"Entered Light","damage_taken":15,"max_hp_gain":0,"max_hp_loss":0,"event_name":"Shining Light","floor":4,"gold_loss":0,"cards_upgraded":["Strike_B","Defend_B"]},{"damage_healed":0,"gold_gain":0,"player_choice":"Bought 0 Potions","damage_taken":0,"max_hp_gain":0,"max_hp_loss":0,"event_name":"The Woman in Blue","floor":8,"gold_loss":0},{"damage_healed":0,"gold_gain":0,"player_choice":"Forge","damage_taken":0,"max_hp_gain":0,"max_hp_loss":0,"event_name":"Accursed Blacksmith","floor":20,"gold_loss":0,"cards_upgraded":["Static Discharge"]}],"is_beta":false,"boss_relics":[{"not_picked":["Coffee Dripper","Fusion Hammer"],"picked":"Inserter"}],"items_purged_floors":[],"is_endless":false,"potions_floor_spawned":[1,7,12,16,24,25],"killed_by":"Slavers","ascension_level":1}}