{"host":"l85rtarfuh0ld3b1","time":1608747128,"event":{"mods":["Act Like it!","BaseMod","BetterRewards","CapriCore","Chen","Decade(王小明)","Gensokyo","KinomotoSakuraMod(木之本樱)","Koishi","Marisa（F雨　魔理沙）","Minty Spire (QoL Compilation)","Nova Terra(诺娃・泰拉)","Permanent Neow","Reimu（博丽灵梦）","Remilia（蕾米莉亚）","Shop Mod","StSLib","TestMod","The Administrix","The Immortal","The Servant 0.9.4","【东方二次创作】八云紫mod"],"gold_per_floor":[123,2724,2724,2873,2892,2926,2945,2976,3000,3008,3008,3026,2507,2522,2530,2606,2606,2624,2638,2654,2654,1191,1221,1229,1135,1135,1144,1144,1243,1193,1206,1214,1286,1286,1304,920,920,929,941,974,974,637,637,637,637,664,412,431,431,431,431,431,386,416,416],"floor_reached":56,"playtime":3503,"items_purged":["Strike_MRS","Strike_MRS","Defend_MRS","Defend_MRS","Defend_MRS","Defend_MRS","Strike_MRS","UpSweep","MasterSpark","Strike_MRS","Orbital","Orbital","Orbital+1","Singularity","Iron Wave+1","Offering+1","Gensokyo:TekeTeke+1","Orbital+1"],"score":3415,"play_id":"be73d8c6-0b5f-41cc-80e3-739e56a033ee","local_time":"20201224021208","is_ascension_mode":true,"campfire_choices":[{"floor":11,"key":"RECALL"},{"floor":15,"key":"REST"},{"data":"Gensokyo:SpontaneousHumanCombustion","floor":28,"key":"SMITH"},{"floor":32,"key":"REST"},{"data":"testmod-PerfectCombo+1","floor":41,"key":"SMITH"},{"data":"testmod-PerfectCombo+2","floor":45,"key":"SMITH"},{"data":"testmod-PerfectCombo+3","floor":49,"key":"SMITH"},{"data":"testmod-PerfectCombo+4","floor":52,"key":"SMITH"}],"circlet_count":0,"master_deck":["AscendersBane","ManaRampage+1","WitchLeyline+1","ManaConvection+1","Panache+1","MysteriousBeam+1","Solidify+1","ButterflyHabitatTemple_purple+1","testmod-HeadAttack+1","Flash of Steel+1","BootSequence+1","testmod-Reflect+1","Gensokyo:SpontaneousHumanCombustion+1","Acceleration+1","testmod-PerfectCombo+5","Finesse+1"],"relics":["MiniHakkero","testmod-TestBox","testmod-TimeTraveler","MerchantsRug","Darkstone Periapt","HandmadeGrimoire","Frozen Eye","Membership Card","Mastiff:ReiMu","Juzu Bracelet","Medical Kit","Chemical X","testmod-Charity","RuthlessExorcism:ReiMu","Omamori","AntiCross","testmod-Acrobat","CeramicFish","SimpleLauncher","Blue Candle","testmod-Nyarlathotep","Dream Catcher","Molten Egg 2","Matryoshka","ClockworkSouvenir","PrismaticShard","Tiny Chest","AmplifyWand","Singing Bowl","testmod-IndustrialRevolution","White Beast Statue","Ice Cream","testmod-Justice","testmod-Alchemist","Toxic Egg 2","testmod-HeartOfDaVinci","Brimstone","Memoryfragments_purpleEX","KSMOD_TouyasBicycle","KSMOD_RollerSkates","Antimatter_spacedebris","Koishi:LettersToReimu","KSMOD_GemBrooch","testmod-Prudence","Red Skull","KneeBrace","Runic Capacitor","AdministrixMod:DragonsEyeCharm","ThegodofHakurei_purpleEX","KSMOD_YukitosBentoBox","Self Forming Clay","KSMOD_SwordJade","Bottled Tornado","Mercury Hourglass","Thread and Needle","MokouMod:PhoenixFeather","RampagingMagicTools","testmod-BouquetWithThorns","Broom","Eternal Feather","testmod-ConstraintPeriapt","Snake Skull","Paper Frog","Frozen Egg 2","Symbiotic Virus"],"acts_visited":["Exordium","Gensokyo:Gensokyoer","TheBeyond","TheEnding"],"potions_floor_usage":[0,0,0,0,0,0,0,0,0,0,0,0,16,47,55],"damage_taken":[{"damage":0,"enemies":"Jaw Worm","floor":1,"turns":1},{"damage":1,"enemies":"2 Louse","floor":5,"turns":1},{"damage":56,"enemies":"Gremlin Nob","floor":6,"turns":2},{"damage":1,"enemies":"Cultist","floor":7,"turns":1},{"damage":62,"enemies":"Lagavulin","floor":8,"turns":1},{"damage":0,"enemies":"Exordium Wildlife","floor":12,"turns":1},{"damage":0,"enemies":"Blue Slaver","floor":14,"turns":1},{"damage":0,"enemies":"Hexaghost","floor":16,"turns":1},{"damage":0,"enemies":"Gensokyo:CosmicMonolith","floor":18,"turns":1},{"damage":0,"enemies":"Gensokyo:Chomper","floor":19,"turns":1},{"damage":0,"enemies":"Gensokyo:Wraith","floor":20,"turns":2},{"damage":123,"enemies":"Gensokyo:Reisen","floor":23,"turns":1},{"damage":0,"enemies":"Gensokyo:Slime_Group","floor":27,"turns":1},{"damage":0,"enemies":"Gensokyo:Slime_Group","floor":29,"turns":1},{"damage":0,"enemies":"Gensokyo:Chomper_and_Gloop","floor":31,"turns":1},{"damage":1,"enemies":"Gensokyo:Eternal_Rivals","floor":33,"turns":1},{"damage":0,"enemies":"3 Shapes","floor":35,"turns":1},{"damage":0,"enemies":"Orb Walker","floor":38,"turns":1},{"damage":0,"enemies":"Sphere and 2 Shapes","floor":39,"turns":1},{"damage":167,"enemies":"Reptomancer","floor":40,"turns":1},{"damage":0,"enemies":"Giant Head","floor":46,"turns":1},{"damage":0,"enemies":"Transient","floor":48,"turns":2},{"damage":0,"enemies":"Time Eater","floor":50,"turns":1},{"damage":0,"enemies":"Shield and Spear","floor":54,"turns":1},{"damage":0,"enemies":"The Heart","floor":55,"turns":3}],"seed_played":"-875239601485605296","potions_obtained":[{"floor":0,"key":"Block Potion"},{"floor":0,"key":"LiquidBronze"},{"floor":0,"key":"BlessingOfTheForge"},{"floor":0,"key":"SmokeBomb"},{"floor":0,"key":"Fruit Juice"},{"floor":0,"key":"Block Potion"},{"floor":0,"key":"LiquidBronze"},{"floor":0,"key":"BlessingOfTheForge"},{"floor":0,"key":"SmokeBomb"},{"floor":0,"key":"Fruit Juice"},{"floor":1,"key":"LiquidBronze"},{"floor":5,"key":"EssenceOfSteel"},{"floor":6,"key":"Swift Potion"},{"floor":7,"key":"GrandPatriotsElixir:ReiMu"},{"floor":8,"key":"testmod-TimePotion"},{"floor":12,"key":"Weak Potion"},{"floor":14,"key":"SteroidPotion"},{"floor":16,"key":"PowerPotion"},{"floor":18,"key":"Fire Potion"},{"floor":19,"key":"ZuzhouPotion:ReiMu"},{"floor":20,"key":"Block Potion"},{"floor":23,"key":"EssenceOfSteel"},{"floor":27,"key":"Fire Potion"},{"floor":29,"key":"DuplicationPotion"},{"floor":31,"key":"SteroidPotion"},{"floor":33,"key":"Explosive Potion"},{"floor":35,"key":"StarNLove"},{"floor":38,"key":"FearPotion"},{"floor":39,"key":"Weak Potion"},{"floor":40,"key":"Fire Potion"},{"floor":46,"key":"ZuzhouPotion:ReiMu"},{"floor":48,"key":"ColorlessPotion"},{"floor":54,"key":"FearPotion"}],"is_trial":false,"path_per_floor":["M","$","?","?","M","E","M","E","T","?","R","M","$","M","R","B",null,"M","M","M","T","COS","E","?","$","T","M","R","?","?","M","R","B",null,"M","$","T","M","M","E","R","$","T","?","R","E","$","M","R","B",null,"R","$","E","B",null],"character_chosen":"MARISA","items_purchased":["MerchantsRug","Darkstone Periapt","HandmadeGrimoire","Frozen Eye","testmod-SpacePotion","testmod-SpacePotion","Membership Card","Mastiff:ReiMu","testmod-ObsoleteBoomerang","ManaRampage","EntropicBrew","Bronze Scales","testmod-Antiphasic","testmod-Register","WitchLeyline","testmod-OneHitWonder","Juzu Bracelet","TentaclePot:ReiMu","Boot","Turnip","testmod-IWantAll","Anchor","testmod-InfectionSource","Medical Kit","Orbital","Ornamental Fan","Incense Burner","Chemical X","ManaConvection","testmod-Charity","RuthlessExorcism:ReiMu","Omamori","AntiCross","Sling","testmod-AssaultLearning","testmod-SpacePotion","HornCleat","Ancient Tea Set","OrangePellets","Lee\u0027s Waffle","testmod-Acrobat","CeramicFish","Bag of Preparation","Orichalcum","testmod-RealStoneCalender","Sundial","HandDrill","testmod-SpacePotion","SimpleLauncher","Bag of Marbles","testmod-ArcanaOfDestiny","Panache","CrazyTorch:ReiMu","Regal Pillow","Blue Candle","Meat on the Bone","Strange Spoon","MysteriousBeam","PreservedInsect","Pocketwatch","testmod-MagicalMallet","testmod-EqualTreatment","Shuriken","testmod-Nyarlathotep","Nunchaku","Cauldron","testmod-Hope","testmod-BlackFramedGlasses","Dream Catcher","TheAbacus","Molten Egg 2","testmod-TurbochargingSystem","Matryoshka","Centennial Puzzle","ClockworkSouvenir","Gremlin Horn","InkBottle","testmod-SpacePotion","EntropicBrew","Whetstone","Blood Vial","PrismaticShard","testmod-SpacePotion","Tiny Chest","Akabeko","Toolbox","ScarletDevilRocket","Pen Nib","AmplifyWand","Art of War","testmod-LifeArmor","Singing Bowl","testmod-IndustrialRevolution","Orrery","testmod-SpacePotion","Kunai","White Beast Statue","Potion Belt","Ice Cream","Pear","Happy Flower","testmod-Faith","testmod-Justice","CaptainsWheel","testmod-Alchemist","Oddly Smooth Stone","testmod-Brilliant","EntropicBrew","Toy Ornithopter","Letter Opener","War Paint","Tea:ReiMu","DollysMirror","Toxic Egg 2","testmod-HeartOfDaVinci","Vajra","BreadOfAWashokuLover","Bird Faced Urn","Brimstone","MealTicket","Fruit Juice","Pantograph","Bow_fan:ReiMu","Orbital+1","TwistedFunnel","SatelliteIllusion","RedBat","Pan","Memoryfragments_purpleEX","Lantern","Flash of Steel+1","Koishi:LettersToReimu","KSMOD_GemBrooch","testmod-Reflect+1","Bottled Tornado","testmod-BouquetWithThorns","testmod-ConstraintPeriapt","Snake Skull","Frozen Egg 2","EntropicBrew","Finesse+1"],"campfire_rested":2,"item_purchase_floors":[0,0,0,0,0,0,0,0,0,0,0,0,0,0,0,0,0,0,0,0,0,0,0,0,0,0,0,0,0,0,0,0,0,0,0,0,0,0,0,0,0,0,0,0,0,0,0,0,0,0,0,0,0,0,0,0,0,0,0,0,0,0,0,0,0,0,0,0,0,0,0,0,0,0,0,0,0,0,0,0,0,0,0,0,0,0,0,0,0,0,0,0,0,0,0,0,0,0,0,0,0,0,0,0,0,0,0,0,0,0,0,0,0,0,0,0,0,0,0,0,0,0,0,0,0,0,0,0,0,0,2,13,13,13,25,36,42,42,47,47,53],"current_hp_per_floor":[156,232,162,163,173,133,145,116,117,118,118,126,127,142,239,259,322,333,347,398,398,400,291,292,303,303,312,312,338,345,358,503,509,510,525,525,525,536,546,391,400,408,408,408,417,430,441,464,473,477,582,591,592,607,673],"gold":416,"neow_bonus":"","is_daily":false,"chose_seed":false,"campfire_upgraded":5,"win_rate":0.0,"timestamp":1608747128,"path_taken":["M","$","?","?","M","E","M","E","T","?","R","M","$","M","R","BOSS","M","M","M","?","COS","E","?","$","T","M","R","?","?","M","R","BOSS","M","$","?","M","M","E","R","$","T","?","R","E","$","M","R","BOSS","R","$","E","BOSS"],"items_purchased_type":["Relic","Relic","Relic","Relic","Potion","Potion","Relic","Relic","Relic","Card","Potion","Relic","Relic","Relic","Card","Relic","Relic","Relic","Relic","Relic","Relic","Relic","Relic","Relic","Card","Relic","Relic","Relic","Card","Relic","Relic","Relic","Relic","Relic","Relic","Potion","Relic","Relic","Relic","Relic","Relic","Relic","Relic","Relic","Relic","Relic","Relic","Potion","Relic","Relic","Relic","Card","Relic","Relic","Relic","Relic","Relic","Card","Relic","Relic","Relic","Relic","Relic","Relic","Relic","Relic","Relic","Relic","Relic","Relic","Relic","Relic","Relic","Relic","Relic","Relic","Relic","Potion","Potion","Relic","Relic","Relic","Potion","Relic","Relic","Relic","Relic","Relic","Relic","Relic","Relic","Relic","Relic","Relic","Potion","Relic","Relic","Relic","Relic","Relic","Relic","Relic","Relic","Relic","Relic","Relic","Relic","Potion","Relic","Relic","Relic","Relic","Relic","Relic","Relic","Relic","Relic","Relic","Relic","Relic","Potion","Relic","Relic","Card","Relic","Card","Relic","Relic","Relic","Relic","Card","Relic","Relic","Card","Relic","Relic","Relic","Relic","Relic","Potion","Card"],"build_version":"2020-12-22","purchased_purges":18,"victory":true,"max_hp_per_floor":[156,232,232,233,242,255,266,296,297,298,298,306,307,322,323,343,343,354,368,419,419,421,435,436,447,447,456,456,482,489,502,503,510,510,525,525,525,536,546,558,558,566,566,566,566,579,590,613,613,617,617,617,618,633,699],"card_choices":[{"not_picked":["BlasphemousPunishment","Twin Strike+1","Meditation:ReiMu"],"picked":"Singing Bowl","floor":0},{"not_picked":["Venomology","Gensokyo:SalamanderShield","NovaMod:PulseGrenade+1"],"picked":"Singing Bowl","floor":0},{"not_picked":["FollowUp+1","Slice+1","Chen:RecklessLeap+1"],"picked":"Singing Bowl","floor":0},{"not_picked":["NovaMod:TripleTap+1","Meditation:ReiMu","Bait_HighSpeedFlying_purple+1"],"picked":"Singing Bowl","floor":0},{"not_picked":["Koishi:HeartfeltFancy","WitchOfGreed","MokouMod:Stoke"],"picked":"Singing Bowl","floor":0},{"not_picked":["NovaMod:SuppressionShells+1","PathToVictory+1"],"picked":"testmod-HeadAttack+1","floor":1},{"not_picked":["ClowCardTheChange+1","PiercingWail+1"],"picked":"BootSequence+1","floor":5},{"not_picked":["MeteoricShower+1","DiffusionOfMisfortune+1","MokouMod:UncontrollableSolarReaction+1"],"picked":"Singing Bowl","floor":6},{"not_picked":["AdministrixMod:NewbornDivinity+1","ClowCardTheLittle","Indignation+1"],"picked":"Singing Bowl","floor":7},{"not_picked":["Consecrate+1","NightLord+1","FTL+1"],"picked":"Singing Bowl","floor":8},{"not_picked":["Dagger Spray+1","ClowCardTheMaze+1","CrushJoints+1"],"picked":"Singing Bowl","floor":12},{"not_picked":["MokouMod:IndiscriminateIgnition+1","ClowCardTheShadow+1","Decade_Defend2+1"],"picked":"Singing Bowl","floor":14},{"not_picked":["AfternoonTea+1","Hibiki_Attack1+1"],"picked":"Iron Wave+1","floor":15},{"not_picked":["AdministrixMod:FearOfDeath","Panache","KyokaiOfKami:ReiMu"],"picked":"Singing Bowl","floor":16},{"not_picked":["ChargingUp+1","NovaMod:PrecsionAssembly","Revamp+1"],"picked":"Singing Bowl","floor":18},{"not_picked":["GrandCross+1","Koishi:JumpScare+1","Koishi:UnansweredLove+1"],"picked":"Singing Bowl","floor":19},{"not_picked":["Realm_recovery_purpleEX+1","PowerUp+1","Mirror_FormAndEmptin_purple+1"],"picked":"Singing Bowl","floor":20},{"not_picked":["AlertArray:ReiMu+1","SuperhumanBloodyKnife+1","InnerPeace+1"],"picked":"Singing Bowl","floor":23},{"not_picked":["Koishi:FourthEye+1","AdministrixMod:Transition+1","NovaMod:PulseGrenade+1"],"picked":"Singing Bowl","floor":27},{"not_picked":["Dodge and Roll+1","SpreadBorder2:ReiMu+1","DenO_Gun+1"],"picked":"Singing Bowl","floor":29},{"not_picked":["AdministrixMod:RegentEdict+1","ClowCardTheFirey+1","Night Terror+1"],"picked":"Singing Bowl","floor":31},{"not_picked":["ClowCardTheLibra+1","Chen:Assault+1"],"picked":"testmod-PerfectCombo+1","floor":32},{"not_picked":["AdministrixMod:Schism+1","Amplify+1","Reboot+1"],"picked":"Singing Bowl","floor":33},{"not_picked":["Clash+1","NovaMod:Lurk+1","Meditate+1"],"picked":"Singing Bowl","floor":35},{"not_picked":["MNeedle_purple+1","Deadly Poison+1","Shrug It Off+1"],"picked":"Singing Bowl","floor":38},{"not_picked":["Defy+1","Streamline+1","SuperhumanBloodyKnife+1"],"picked":"Singing Bowl","floor":39},{"not_picked":["TimeTheft+1","Tools of the Trade","Mirror_FormAndEmptin_purple+1"],"picked":"Singing Bowl","floor":40},{"not_picked":["NovaMod:PredatorMissile+1","Koishi:CatchAndRose+1","Scrape+1"],"picked":"Singing Bowl","floor":46},{"not_picked":["ClowCardTheArrow+1","Coolheaded+1","MilkyWay+1"],"picked":"Singing Bowl","floor":48},{"not_picked":["MokouMod:Meltdown+1","MokouMod:IcarusDive+1","NovaMod:PenetratingBlast+1"],"picked":"Singing Bowl","floor":54}],"player_experience":600569,"relics_obtained":[{"floor":6,"key":"KSMOD_TouyasBicycle"},{"floor":8,"key":"KSMOD_RollerSkates"},{"floor":9,"key":"Antimatter_spacedebris"},{"floor":21,"key":"Red Skull"},{"floor":21,"key":"KneeBrace"},{"floor":23,"key":"KSMOD_SwordJade"},{"floor":26,"key":"Mercury Hourglass"},{"floor":29,"key":"Thread and Needle"},{"floor":29,"key":"MokouMod:PhoenixFeather"},{"floor":37,"key":"Broom"},{"floor":40,"key":"Eternal Feather"},{"floor":46,"key":"Paper Frog"},{"floor":54,"key":"Symbiotic Virus"}],"event_choices":[{"damage_healed":0,"gold_gain":0,"player_choice":"Entered Light","damage_taken":70,"max_hp_gain":0,"max_hp_loss":0,"event_name":"Shining Light","floor":3,"gold_loss":0,"cards_upgraded":["SatelliteIllusion","Panache"]},{"damage_healed":0,"gold_gain":150,"player_choice":"AGREE","damage_taken":0,"max_hp_gain":0,"max_hp_loss":0,"event_name":"Liars Game","floor":4,"gold_loss":0,"cards_obtained":["Doubt"]},{"damage_healed":0,"gold_gain":0,"cards_transformed":["ForecastOfChange"],"player_choice":"Change","damage_taken":0,"max_hp_gain":0,"max_hp_loss":0,"event_name":"Living Wall","floor":10,"gold_loss":0,"cards_obtained":["Singularity"]},{"cards_removed":["SatelliteIllusion"],"damage_healed":0,"gold_gain":0,"player_choice":"Removed Power","damage_taken":0,"max_hp_gain":0,"max_hp_loss":0,"event_name":"Falling","floor":44,"gold_loss":0}],"is_beta":false,"boss_relics":[{"not_picked":["testmod-Temperance","Nuclear Battery"],"picked":"testmod-Prudence"},{"not_picked":["Coffee Dripper","testmod-KeyOfTheVoid"],"picked":"RampagingMagicTools"}],"items_purged_floors":[0,0,0,0,0,0,0,0,0,0,0,0,0,13,25,36,42,47],"is_endless":false,"potions_floor_spawned":[1,5,6,7,8,12,14,16,18,19,20,23,27,29,31,33,35,38,39,40,46,48,54],"ascension_level":17}}