{"host":"bg8va46pgqgvtzim","time":1608699057,"event":{"mods":["BaseMod","Minty Spire (QoL Compilation)","Quick Restart","StSLib","SuperFastMode"],"gold_per_floor":[111,130,140,158,171,199,199,232,232,263,188,204,216,27,27,130,130,149,166,346,90,90,120,130,163,211,211,211,211,54,136,136,240,240,257,157,181,203,227,239,285,297,309,321,368,260,273,183,183,183,183,183,43,78,78],"floor_reached":56,"playtime":1473,"items_purged":["Defend_P","Strike_P","Defend_P","BattleHymn+1","Vigilance"],"score":1704,"play_id":"a5e575a8-a072-4628-8f1f-4aaaf7cac2e5","local_time":"20201223125057","is_ascension_mode":true,"campfire_choices":[{"data":"Scrawl","floor":7.0,"key":"SMITH"},{"data":"Prostrate","floor":15.0,"key":"SMITH"},{"floor":27.0,"key":"REST"},{"data":"Strike_P","floor":29.0,"key":"PURGE"},{"data":"Defend_P","floor":32.0,"key":"PURGE"},{"data":"Strike_P+1","floor":40.0,"key":"PURGE"},{"data":"Strike_P+1","floor":42.0,"key":"PURGE"},{"data":"Defend_P+1","floor":44.0,"key":"PURGE"},{"floor":49,"key":"RECALL"},{"data":"Evaluate+1","floor":52,"key":"PURGE"}],"circlet_count":0,"master_deck":["Eruption+1","CutThroughFate+1","Adaptation+1","Scrawl+1","Prostrate+1","MentalFortress+1","DevaForm+1","Meditate+1","Adaptation+1","LessonLearned+1","FlurryOfBlows+1","Prostrate+1","Tantrum+1","InnerPeace+1","Prostrate+1","Brilliance+1","EmptyMind+1","Study+1"],"relics":["PureWater","Ancient Tea Set","Peace Pipe","PreservedInsect","Orichalcum","Damaru","Black Star","Orrery","Bottled Lightning","The Courier","Bag of Marbles","GoldenEye","Ginger","Anchor","Medical Kit","Fusion Hammer","MawBank","Kunai","Dream Catcher","Sundial","Whetstone","CaptainsWheel","Nunchaku","War Paint"],"acts_visited":["Exordium","TheCity","TheBeyond","TheEnding"],"potions_floor_usage":[55,55,55],"damage_taken":[{"damage":2.0,"enemies":"Small Slimes","floor":1.0,"turns":3.0},{"damage":0.0,"enemies":"Cultist","floor":2.0,"turns":2.0},{"damage":1.0,"enemies":"Jaw Worm","floor":3.0,"turns":2.0},{"damage":2.0,"enemies":"Blue Slaver","floor":4.0,"turns":3.0},{"damage":5.0,"enemies":"Looter","floor":5.0,"turns":4.0},{"damage":10.0,"enemies":"Lagavulin","floor":6.0,"turns":4.0},{"damage":5.0,"enemies":"3 Sentries","floor":8.0,"turns":7.0},{"damage":0.0,"enemies":"Gremlin Nob","floor":10.0,"turns":2.0},{"damage":0.0,"enemies":"Lots of Slimes","floor":12.0,"turns":3.0},{"damage":0.0,"enemies":"3 Louse","floor":13.0,"turns":1.0},{"damage":0.0,"enemies":"Slime Boss","floor":16.0,"turns":5.0},{"damage":3.0,"enemies":"3 Byrds","floor":18.0,"turns":4.0},{"damage":0.0,"enemies":"Spheric Guardian","floor":19.0,"turns":3.0},{"damage":0.0,"enemies":"Gremlin Leader","floor":23.0,"turns":5.0},{"damage":0.0,"enemies":"Centurion and Healer","floor":24.0,"turns":3.0},{"damage":7.0,"enemies":"Book of Stabbing","floor":25.0,"turns":4.0},{"damage":19.0,"enemies":"Champ","floor":33.0,"turns":5.0},{"damage":3.0,"enemies":"3 Darklings","floor":35.0,"turns":4.0},{"damage":0.0,"enemies":"3 Shapes","floor":38.0,"turns":4.0},{"damage":0.0,"enemies":"Jaw Worm Horde","floor":39.0,"turns":2.0},{"damage":0.0,"enemies":"Reptomancer","floor":41.0,"turns":2.0},{"damage":0.0,"enemies":"Giant Head","floor":45.0,"turns":2.0},{"damage":0,"enemies":"Spire Growth","floor":47,"turns":3},{"damage":0,"enemies":"Donu and Deca","floor":50,"turns":3},{"damage":0,"enemies":"Shield and Spear","floor":54,"turns":2},{"damage":0,"enemies":"The Heart","floor":55,"turns":3}],"seed_played":"-5638699648313761576","potions_obtained":[{"floor":1.0,"key":"FearPotion"},{"floor":4.0,"key":"FairyPotion"},{"floor":5.0,"key":"Ambrosia"},{"floor":8.0,"key":"FearPotion"},{"floor":10.0,"key":"AttackPotion"},{"floor":16.0,"key":"EssenceOfSteel"},{"floor":18.0,"key":"FearPotion"},{"floor":23.0,"key":"ColorlessPotion"},{"floor":39.0,"key":"ColorlessPotion"},{"floor":45.0,"key":"Energy Potion"},{"floor":47,"key":"Ambrosia"}],"is_trial":false,"path_per_floor":["M","M","M","M","M","E","R","E","T","E","$","M","M","$","R","B",null,"M","M","?","$","T","E","M","E","T","R","?","R","$","T","R","B",null,"M","$","T","M","M","R","E","R","T","R","E","$","M","?","R","B",null,"R","$","E","B",null],"character_chosen":"WATCHER","items_purchased":["Adaptation","Damaru","Orrery","Medical Kit","Prostrate"],"campfire_rested":1,"item_purchase_floors":[14,14,21,30,30],"current_hp_per_floor":[70,70,69,67,62,52,52,47,47,47,47,47,47,47,47,47,72,69,69,50,50,50,50,50,43,43,64,64,64,64,64,64,45,72,69,69,69,69,69,69,69,69,69,69,69,69,69,69,69,69,72,72,72,72,72],"gold":78,"neow_bonus":"UPGRADE_CARD","is_daily":false,"chose_seed":false,"campfire_upgraded":2,"win_rate":0.0,"timestamp":1608699057,"path_taken":["M","M","M","M","M","E","R","E","T","E","$","M","M","$","R","BOSS","M","M","?","$","?","E","M","E","T","R","?","R","?","?","R","BOSS","M","$","?","M","?","R","E","R","T","R","E","$","M","?","R","BOSS","R","$","E","BOSS"],"items_purchased_type":["Card","Relic","Relic","Relic","Card"],"build_version":"2020-12-13","purchased_purges":5,"victory":true,"max_hp_per_floor":[72,72,72,72,72,72,72,72,72,72,72,72,72,72,72,72,72,72,72,72,72,72,72,72,72,72,72,72,72,72,72,72,72,72,72,72,72,72,72,72,72,72,72,72,72,72,72,72,72,72,72,72,72,72,72],"card_choices":[{"not_picked":["Consecrate","ClearTheMind"],"picked":"CutThroughFate","floor":1.0},{"not_picked":["EmptyMind","Evaluate"],"picked":"Adaptation","floor":2.0},{"not_picked":["WindmillStrike","SashWhip"],"picked":"Scrawl","floor":3.0},{"not_picked":["EmptyMind","SashWhip"],"picked":"BattleHymn","floor":4.0},{"not_picked":["EmptyBody","FlyingSleeves","ReachHeaven"],"picked":"SKIP","floor":5.0},{"not_picked":["EmptyFist","ClearTheMind"],"picked":"Prostrate","floor":6.0},{"not_picked":["Alpha","PathToVictory","JustLucky"],"picked":"SKIP","floor":8.0},{"not_picked":["EmptyFist","CutThroughFate"],"picked":"MentalFortress","floor":10.0},{"not_picked":["EmptyFist","PathToVictory"],"picked":"DevaForm","floor":12.0},{"not_picked":["BowlingBash","ThirdEye"],"picked":"Meditate","floor":13.0},{"not_picked":["Alpha","Judgement"],"picked":"LessonLearned","floor":16.0},{"not_picked":["Worship","Adaptation"],"picked":"BowlingBash+1","floor":18.0},{"not_picked":["Conclude","ClearTheMind+1"],"picked":"FlurryOfBlows","floor":19.0},{"not_picked":["JustLucky","LikeWater"],"picked":"Prostrate","floor":21.0},{"not_picked":["BowlingBash","ThirdEye"],"picked":"Tantrum","floor":21.0},{"not_picked":["Swivel","Crescendo"],"picked":"Evaluate+1","floor":21.0},{"not_picked":["Adaptation","Consecrate+1","SashWhip"],"picked":"SKIP","floor":23.0},{"not_picked":["Prostrate","Protect"],"picked":"InnerPeace","floor":24.0},{"not_picked":["Crescendo","Conclude","Nirvana"],"picked":"SKIP","floor":25.0},{"not_picked":["DevaForm","ConjureBlade"],"picked":"Brilliance","floor":33.0},{"not_picked":["Protect+1","Prostrate","Nirvana+1"],"picked":"SKIP","floor":35.0},{"not_picked":["ThirdEye","EmptyBody+1","FlyingSleeves"],"picked":"SKIP","floor":38.0},{"not_picked":["CarveReality+1","Evaluate+1"],"picked":"EmptyMind+1","floor":39.0},{"not_picked":["WindmillStrike+1","EmptyFist"],"picked":"Study","floor":41.0},{"not_picked":["WaveOfTheHand","SpiritShield","JustLucky+1"],"picked":"SKIP","floor":45.0},{"not_picked":["Protect+1","Swivel+1","Evaluate+1"],"picked":"SKIP","floor":47},{"not_picked":["Prostrate+1","CrushJoints+1","Crescendo"],"picked":"SKIP","floor":54}],"player_experience":2141350,"relics_obtained":[{"floor":6.0,"key":"Ancient Tea Set"},{"floor":8.0,"key":"Peace Pipe"},{"floor":9.0,"key":"PreservedInsect"},{"floor":10.0,"key":"Orichalcum"},{"floor":22.0,"key":"Bottled Lightning"},{"floor":23.0,"key":"The Courier"},{"floor":23.0,"key":"Bag of Marbles"},{"floor":25.0,"key":"GoldenEye"},{"floor":25.0,"key":"Ginger"},{"floor":26.0,"key":"Anchor"},{"floor":37.0,"key":"MawBank"},{"floor":41.0,"key":"Kunai"},{"floor":41.0,"key":"Dream Catcher"},{"floor":43.0,"key":"Sundial"},{"floor":45.0,"key":"Whetstone"},{"floor":45.0,"key":"CaptainsWheel"},{"floor":54,"key":"Nunchaku"},{"floor":54,"key":"War Paint"}],"event_choices":[{"damage_healed":0.0,"max_hp_gain":0.0,"max_hp_loss":0.0,"gold_gain":180.0,"event_name":"Knowing Skull","player_choice":"GOLD GOLD ","floor":20.0,"potions_obtained":[],"gold_loss":0.0,"damage_taken":19.0,"cards_obtained":[]},{"damage_healed":0.0,"max_hp_gain":0.0,"max_hp_loss":0.0,"gold_gain":0.0,"event_name":"Cursed Tome","player_choice":"Ignored","floor":28.0,"gold_loss":0.0,"damage_taken":0.0},{"cards_removed":["BowlingBash"],"damage_healed":0,"gold_gain":0,"player_choice":"Upgrade and Remove","damage_taken":0,"max_hp_gain":0,"max_hp_loss":0,"event_name":"Designer","floor":48,"gold_loss":90,"cards_upgraded":["Study"]}],"is_beta":false,"boss_relics":[{"not_picked":["Calling Bell","SlaversCollar"],"picked":"Black Star"},{"not_picked":["SacredBark","Philosopher\u0027s Stone"],"picked":"Fusion Hammer"}],"items_purged_floors":[11,21,36,46,53],"is_endless":false,"potions_floor_spawned":[1,4,5,8,10,16,18,23,33,39,45,47,54],"ascension_level":1}}