{"host":"wna8kqr6yweggo4i","time":1608726197,"event":{"mods":["BaseMod","Colored Powertips","Hermit","Hubris","Marisa????????","Minty Spire (QoL Compilation)","StSLib"],"gold_per_floor":[117,117,192,111,111,111,126,126,201,224,224,255,269,49,49,172,172,193,193,2,2,21,59,59,59,85,85,85,33,33,64,64,187,187,206,220,553,570,570,601,616,461,484,484,484,484,484,499,499,499,499],"floor_reached":50,"playtime":1891,"items_purged":[],"score":802,"play_id":"5da1341d-f896-4010-89af-c7429c75165c","local_time":"20201223062317","is_ascension_mode":false,"campfire_choices":[{"data":"1","floor":6.0,"key":"LIFT"},{"data":"2","floor":8.0,"key":"LIFT"},{"data":"3","floor":11.0,"key":"LIFT"},{"floor":15.0,"key":"REST"},{"floor":25.0,"key":"REST"},{"data":"hermit:Manifest","floor":28.0,"key":"SMITH"},{"data":"hermit:WideOpen","floor":32,"key":"SMITH"},{"floor":45,"key":"REST"},{"floor":49,"key":"REST"}],"circlet_count":0,"master_deck":["hermit:Strike_Hermit+1","hermit:Strike_Hermit+1","hermit:Strike_Hermit+1","hermit:Strike_Hermit+1","hermit:Defend_Hermit+1","hermit:Defend_Hermit+1","hermit:Defend_Hermit+1","hermit:Snapshot+1","hermit:Covet+1","hermit:EyeOfTheStorm+1","Regret","hermit:Grudge+1","Injury","hermit:Ricochet+1","hermit:Manifest+1","hermit:Snipe+1","hermit:WideOpen+1","hermit:Quickdraw+1","hermit:Ricochet+1","hermit:FinalCanter+1","hermit:Headshot+1","Shame","hermit:Malice+1","hermit:Enervate+1","hermit:Misfire+1","Decay","hermit:Quickdraw+1","Pain","hermit:Coalescence+1","hermit:Magnum+1","hermit:Deadeye+1","Parasite","Pain","Wraith"],"relics":["hermit:Momento","NeowsBlessing","Girya","Question Card","Orichalcum","Bag of Preparation","Cursed Key","Mercury Hourglass","Vajra","hubris:CuriousFeather","Oddly Smooth Stone","hubris:BottledHeart","WarpedTongs","Regal Pillow","hubris:Stopwatch","Mark of the Bloom","PreservedInsect","hubris:ToyBattleship","MealTicket"],"acts_visited":["Exordium","TheCity","TheBeyond"],"potions_floor_usage":[33,50,50,50],"damage_taken":[{"damage":0.0,"enemies":"Small Slimes","floor":1.0,"turns":1.0},{"damage":0.0,"enemies":"2 Louse","floor":7.0,"turns":1.0},{"damage":0.0,"enemies":"Jaw Worm","floor":10.0,"turns":1.0},{"damage":18.0,"enemies":"3 Sentries","floor":12.0,"turns":6.0},{"damage":9.0,"enemies":"3 Louse","floor":13.0,"turns":3.0},{"damage":0.0,"enemies":"Slime Boss","floor":16.0,"turns":4.0},{"damage":0.0,"enemies":"Spheric Guardian","floor":18.0,"turns":2.0},{"damage":1.0,"enemies":"Chosen","floor":22.0,"turns":3.0},{"damage":35.0,"enemies":"Slavers","floor":23.0,"turns":4.0},{"damage":0,"enemies":"Gremlin Leader","floor":31,"turns":2},{"damage":0,"enemies":"Collector","floor":33,"turns":7},{"damage":0,"enemies":"3 Shapes","floor":35,"turns":2},{"damage":0,"enemies":"3 Darklings","floor":36,"turns":2},{"damage":0,"enemies":"Spire Growth","floor":38,"turns":4},{"damage":0,"enemies":"Giant Head","floor":40,"turns":6},{"damage":0,"enemies":"Writhing Mass","floor":41,"turns":4},{"damage":0,"enemies":"Sphere and 2 Shapes","floor":48,"turns":1},{"damage":18,"enemies":"Awakened One","floor":50,"turns":6}],"seed_played":"2651983784497439144","potions_obtained":[{"floor":10.0,"key":"AttackPotion"},{"floor":12.0,"key":"Block Potion"},{"floor":13.0,"key":"DistilledChaos"},{"floor":18.0,"key":"Swift Potion"},{"floor":31,"key":"SteroidPotion"},{"floor":33,"key":"DistilledChaos"}],"is_trial":false,"path_per_floor":["M","?","?","$","?","R","M","R","T","M","R","E","M","$","R","B",null,"M","?","$","?","M","E","?","R","T","?","R","$","?","E","R","B",null,"M","M","?","M","?","E","M","$","T","?","R","$","?","M","R","B"],"character_chosen":"HERMIT","items_purchased":["hermit:Grudge","hermit:Quickdraw","Bag of Preparation","hermit:Ricochet","Vajra","hermit:Malice","hermit:Quickdraw","hubris:ToyBattleship"],"campfire_rested":4,"item_purchase_floors":[4,14,14,14,20,20,29,42],"current_hp_per_floor":[75,75,64,64,64,64,64,64,64,64,64,46,37,37,59,59,75,75,75,75,75,74,39,39,61,61,1,1,1,1,1,1,1,1,1,1,1,1,1,1,1,1,1,1,1,1,1,1,1,0,0],"gold":499,"neow_bonus":"THREE_ENEMY_KILL","is_daily":false,"chose_seed":false,"campfire_upgraded":2,"win_rate":0.0,"timestamp":1608726197,"path_taken":["M","?","?","$","?","R","M","R","T","M","R","E","M","$","R","BOSS","M","?","$","?","M","E","?","R","T","?","R","?","?","E","R","BOSS","M","M","?","M","?","E","M","?","T","?","R","$","?","?","R","BOSS"],"items_purchased_type":["Card","Card","Relic","Card","Relic","Card","Card","Relic"],"build_version":"2020-12-22","purchased_purges":0,"victory":false,"max_hp_per_floor":[75,75,75,75,75,75,75,75,75,75,75,75,75,75,75,75,75,75,75,75,75,75,75,75,75,75,1,1,1,1,1,1,1,1,1,1,1,1,1,1,1,1,1,1,1,1,1,1,1,1,1],"card_choices":[{"not_picked":["hermit:Vantage","hermit:Coalescence"],"picked":"hermit:EyeOfTheStorm","floor":1.0},{"not_picked":["hermit:LoneWolf","hermit:Desperado"],"picked":"hermit:Ricochet","floor":7.0},{"not_picked":["hermit:HighCaliber","hermit:ItchyTrigger","hermit:LuckOfTheDraw"],"picked":"hermit:Manifest","floor":10.0},{"not_picked":["hermit:Cheat","hermit:Roughhouse","hermit:FlashPowder"],"picked":"hermit:Snipe","floor":12.0},{"not_picked":["hermit:Determination","hermit:FlashPowder","hermit:Vantage"],"picked":"hermit:WideOpen","floor":13.0},{"not_picked":["hermit:DeadOrAlive","hermit:Adapt","hermit:HighNoon"],"picked":"hermit:FinalCanter","floor":16.0},{"not_picked":["hermit:Feint","hermit:Virtue+1","hermit:Ricochet+1"],"picked":"hermit:Headshot","floor":18.0},{"not_picked":["hermit:Virtue","hermit:ItchyTrigger","hermit:Brawl"],"picked":"hermit:Enervate","floor":22.0},{"not_picked":["hermit:EyeOfTheStorm","hermit:Gambit","hermit:Dissolve"],"picked":"hermit:Misfire","floor":23.0},{"not_picked":["hermit:Dissolve","hermit:TrackingShot","hermit:Malice"],"picked":"hermit:Coalescence+1","floor":31},{"not_picked":["hermit:Purgatory","hermit:Reprieve","hermit:Adapt"],"picked":"hermit:Magnum","floor":33},{"not_picked":["hermit:HoleUp+1","hermit:Showdown+1","hermit:Scavenge"],"picked":"hermit:Deadeye","floor":35},{"not_picked":["hermit:Snipe+1","hermit:WideOpen","hermit:Ricochet+1","hermit:Enervate"],"picked":"SKIP","floor":36},{"not_picked":["hermit:CalledShot","hermit:Dive","hermit:Coalescence","hermit:HighCaliber+1"],"picked":"SKIP","floor":38},{"not_picked":["hermit:Grudge","hermit:Determination","hermit:ShadowCloak+1","hermit:BigShot"],"picked":"SKIP","floor":40},{"not_picked":["hermit:HoleUp","hermit:HeroicBravado","hermit:Desperado","hermit:Quickdraw"],"picked":"SKIP","floor":41},{"not_picked":["hermit:Roulette","hermit:LowProfile","hermit:Snipe+1","hermit:FromBeyond"],"picked":"SKIP","floor":48}],"player_experience":369152,"relics_obtained":[{"floor":9.0,"key":"Question Card"},{"floor":12.0,"key":"Orichalcum"},{"floor":23.0,"key":"hubris:CuriousFeather"},{"floor":26.0,"key":"Oddly Smooth Stone"},{"floor":31,"key":"Regal Pillow"},{"floor":40,"key":"PreservedInsect"},{"floor":43,"key":"MealTicket"}],"event_choices":[{"damage_healed":0.0,"max_hp_gain":0.0,"max_hp_loss":0.0,"gold_gain":0.0,"event_name":"Big Fish","player_choice":"Box","floor":2.0,"gold_loss":0.0,"damage_taken":0.0,"relics_obtained":["Girya"],"cards_obtained":["Regret"]},{"damage_healed":0.0,"max_hp_gain":0.0,"max_hp_loss":0.0,"gold_gain":75.0,"event_name":"World of Goop","player_choice":"Gather Gold","floor":3.0,"gold_loss":0.0,"damage_taken":11.0},{"damage_healed":0.0,"max_hp_gain":0.0,"max_hp_loss":0.0,"gold_gain":0.0,"event_name":"Golden Idol","player_choice":"Take Wound","floor":5.0,"gold_loss":0.0,"damage_taken":0.0,"relics_obtained":["Golden Idol"],"cards_obtained":["Injury"]},{"damage_healed":0.0,"max_hp_gain":0.0,"max_hp_loss":0.0,"gold_gain":0.0,"event_name":"Addict","player_choice":"Stole Relic","floor":19.0,"gold_loss":0.0,"damage_taken":0.0,"relics_obtained":["Mercury Hourglass"],"cards_obtained":["Shame"]},{"damage_healed":0.0,"max_hp_gain":0.0,"max_hp_loss":0.0,"gold_gain":0.0,"event_name":"Vampires","player_choice":"Ignored","floor":21.0,"gold_loss":0.0,"damage_taken":0.0},{"damage_healed":0.0,"max_hp_gain":0.0,"max_hp_loss":0.0,"gold_gain":0.0,"event_name":"Accursed Blacksmith","player_choice":"Rummage","floor":30.0,"gold_loss":0.0,"damage_taken":0.0,"relics_obtained":["WarpedTongs"],"cards_obtained":["Pain"]},{"damage_healed":0,"gold_gain":333,"player_choice":"Gave Idol","damage_taken":0,"max_hp_gain":0,"max_hp_loss":0,"event_name":"The Moai Head","floor":37,"relics_lost":["Golden Idol"],"gold_loss":0},{"damage_healed":0,"gold_gain":0,"player_choice":"Upgrade","damage_taken":0,"relics_obtained":["Mark of the Bloom"],"max_hp_gain":0,"max_hp_loss":0,"event_name":"MindBloom","floor":39,"gold_loss":0,"cards_upgraded":["hermit:Strike_Hermit","hermit:Strike_Hermit","hermit:Strike_Hermit","hermit:Strike_Hermit","hermit:Defend_Hermit","hermit:Defend_Hermit","hermit:Defend_Hermit","hermit:Defend_Hermit","hermit:Snapshot","hermit:Covet","hermit:EyeOfTheStorm","hermit:Grudge","hermit:Ricochet","hermit:Snipe","hermit:Quickdraw","hermit:Ricochet","hermit:FinalCanter","hermit:Headshot","hermit:Enervate","hermit:Misfire","hermit:Quickdraw","hermit:Magnum","hermit:Deadeye"]},{"damage_healed":0,"gold_gain":0,"player_choice":"Ignored","damage_taken":0,"max_hp_gain":0,"max_hp_loss":0,"event_name":"OrinTheCat","floor":44,"gold_loss":0},{"cards_removed":["hermit:Defend_Hermit"],"damage_healed":0,"gold_gain":0,"player_choice":"Removed Skill","damage_taken":0,"max_hp_gain":0,"max_hp_loss":0,"event_name":"Falling","floor":47,"gold_loss":0}],"is_beta":false,"boss_relics":[{"not_picked":["Tiny House","Ectoplasm"],"picked":"Cursed Key"},{"not_picked":["Empty Cage","Sozu"],"picked":"hubris:Stopwatch"}],"items_purged_floors":[],"is_endless":false,"potions_floor_spawned":[10,12,13,18,31,33,38,40,48],"killed_by":"Awakened One","ascension_level":0}}