{"host":"by8i6f8xc0ywpsd5","time":1608738458,"event":{"mods":["BaseMod","Colored Map","Minty Spire (QoL Compilation)","Relic Stats"],"gold_per_floor":[113,131,131,148,148,148,181,181,181,214,231,246,246,280,280,359,359,378,343,393,443,96,121,20,54,109,137,205,222,232,261,261,332,332,352,31,44,1093,1104,1130,1130,1157,1228,1253,1253,1266,602,615,615,615,615,615,615,19,44,44,44],"floor_reached":56,"playtime":3162,"items_purged":["Strike_B","Zap","Defend_B"],"score":2241,"play_id":"9cd87bcc-d163-46a6-af24-8ae0c42dd04b","local_time":"20201223174738","is_ascension_mode":true,"campfire_choices":[{"data":"Doom and Gloom","floor":6.0,"key":"SMITH"},{"floor":8.0,"key":"REST"},{"floor":15.0,"key":"REST"},{"floor":32,"key":"RECALL"},{"floor":41,"key":"REST"},{"floor":49,"key":"REST"},{"floor":53,"key":"REST"}],"circlet_count":0,"master_deck":["AscendersBane","Defend_B","Defend_B","Defend_B","Dualcast+1","Genetic Algorithm","Rebound","Doom and Gloom+1","Cold Snap","Self Repair","BootSequence","FTL","Multi-Cast","Seek","Conserve Battery","Compile Driver","Go for the Eyes","Sweeping Beam","Stack","Undo+1","Chill","Doom and Gloom","Skim+1","Hologram","Double Energy","Genetic Algorithm","Hologram","Capacitor+1","Multi-Cast","Defragment+1","Reinforced Body+1","Lockon+1","Darkness+1","Seek","Meteor Strike","Hologram"],"relics":["Cracked Core","Potion Belt","White Beast Statue","Singing Bowl","The Courier","SsserpentHead","Bag of Marbles","Fusion Hammer","Lantern","PreservedInsect","Letter Opener","Omamori","Happy Flower","Blood Vial","Nuclear Battery","Bronze Scales","War Paint","InkBottle","Orichalcum","Bottled Tornado","DataDisk","OrangePellets","HornCleat","Cables","Centennial Puzzle","Art of War","Akabeko"],"acts_visited":["Exordium","TheCity","TheBeyond","TheEnding"],"potions_floor_usage":[30,31,33,37,39,42,46,50,51,55,56,56,56,56,56,56,56],"damage_taken":[{"damage":8.0,"enemies":"2 Louse","floor":1.0,"turns":3.0},{"damage":8.0,"enemies":"Jaw Worm","floor":2.0,"turns":4.0},{"damage":5.0,"enemies":"Small Slimes","floor":4.0,"turns":4.0},{"damage":30.0,"enemies":"Gremlin Nob","floor":7.0,"turns":4.0},{"damage":21.0,"enemies":"Lagavulin","floor":10.0,"turns":5.0},{"damage":0.0,"enemies":"Red Slaver","floor":11.0,"turns":3.0},{"damage":0.0,"enemies":"Large Slime","floor":12.0,"turns":4.0},{"damage":50.0,"enemies":"Gremlin Nob","floor":14.0,"turns":5.0},{"damage":36.0,"enemies":"Slime Boss","floor":16.0,"turns":5.0},{"damage":4.0,"enemies":"3 Byrds","floor":18.0,"turns":4.0},{"damage":5.0,"enemies":"Book of Stabbing","floor":23.0,"turns":4.0},{"damage":4.0,"enemies":"Gremlin Leader","floor":25.0,"turns":3.0},{"damage":1.0,"enemies":"Book of Stabbing","floor":27.0,"turns":3.0},{"damage":15,"enemies":"Chosen","floor":28,"turns":5},{"damage":7,"enemies":"Sentry and Sphere","floor":29,"turns":7},{"damage":1,"enemies":"Snake Plant","floor":30,"turns":3},{"damage":0,"enemies":"Slavers","floor":31,"turns":4},{"damage":51,"enemies":"Automaton","floor":33,"turns":9},{"damage":0,"enemies":"Orb Walker","floor":35,"turns":2},{"damage":5,"enemies":"3 Darklings","floor":37,"turns":2},{"damage":34,"enemies":"Transient","floor":39,"turns":6},{"damage":4,"enemies":"Nemesis","floor":40,"turns":3},{"damage":0,"enemies":"Reptomancer","floor":42,"turns":8},{"damage":4,"enemies":"Nemesis","floor":44,"turns":7},{"damage":0,"enemies":"Spire Growth","floor":46,"turns":4},{"damage":0,"enemies":"3 Darklings","floor":48,"turns":4},{"damage":2,"enemies":"Donu and Deca","floor":50,"turns":8},{"damage":68,"enemies":"Awakened One","floor":51,"turns":10},{"damage":25,"enemies":"Shield and Spear","floor":55,"turns":7},{"damage":95,"enemies":"The Heart","floor":56,"turns":9}],"seed_played":"-1519829643147170604","potions_obtained":[{"floor":2.0,"key":"SpeedPotion"},{"floor":10.0,"key":"Swift Potion"},{"floor":11.0,"key":"SteroidPotion"},{"floor":12.0,"key":"Dexterity Potion"},{"floor":14.0,"key":"FearPotion"},{"floor":16.0,"key":"FearPotion"},{"floor":18.0,"key":"FocusPotion"},{"floor":23.0,"key":"Explosive Potion"},{"floor":25.0,"key":"GamblersBrew"},{"floor":27.0,"key":"Block Potion"},{"floor":28,"key":"EntropicBrew"},{"floor":30,"key":"PowerPotion"},{"floor":31,"key":"SteroidPotion"},{"floor":33,"key":"Explosive Potion"},{"floor":35,"key":"ColorlessPotion"},{"floor":37,"key":"FearPotion"},{"floor":39,"key":"SkillPotion"},{"floor":40,"key":"ColorlessPotion"},{"floor":42,"key":"DistilledChaos"},{"floor":46,"key":"GamblersBrew"},{"floor":48,"key":"PowerPotion"},{"floor":55,"key":"Weak Potion"}],"is_trial":false,"path_per_floor":["M","M","?","M","?","R","E","R","T","E","M","M","?","E","R","B",null,"M","?","?","?","$","E","$","E","T","E","M","M","M","E","R","B",null,"M","$","M","?","M","E","R","E","T","E","?","M","$","M","R","B","B",null,"R","$","E","B"],"character_chosen":"DEFECT","items_purchased":["PreservedInsect","Stack","Undo","Chill","Doom and Gloom","Hologram","Bronze Scales","War Paint","Defragment","OrangePellets","HornCleat","Seek","Meteor Strike","Cables","Centennial Puzzle","Art of War","Regen Potion","Ancient Potion"],"campfire_rested":5,"item_purchase_floors":[22,22,22,22,22,24,36,36,36,47,47,47,47,54,54,54,54,54],"current_hp_per_floor":[56,48,71,66,66,66,36,57,57,43,50,57,57,16,37,8,57,60,60,60,60,60,62,62,58,58,64,56,56,64,73,73,31,66,70,70,74,74,42,42,66,75,75,82,82,85,85,87,87,87,19,70,87,87,69,0,0],"gold":44,"neow_bonus":"RANDOM_COMMON_RELIC","is_daily":false,"chose_seed":false,"campfire_upgraded":1,"win_rate":0.0,"timestamp":1608738458,"path_taken":["M","M","?","M","?","R","E","R","T","E","M","M","?","E","R","BOSS","M","?","?","?","?","E","$","E","T","E","?","M","M","E","R","BOSS","M","$","M","?","M","E","R","E","T","E","?","M","$","M","R","BOSS","BOSS","R","$","E","BOSS"],"items_purchased_type":["Relic","Card","Card","Card","Card","Card","Relic","Relic","Card","Relic","Relic","Card","Card","Relic","Relic","Relic","Potion","Potion"],"build_version":"2020-12-22","purchased_purges":3,"victory":false,"max_hp_per_floor":[71,71,71,71,71,71,71,71,71,71,71,71,71,73,73,73,73,73,73,73,73,73,73,73,73,73,73,73,73,75,77,77,77,77,79,79,79,79,79,81,81,81,81,83,83,85,85,87,87,87,87,87,87,87,87,87,87],"relic_stats":{"Singing Bowl":16,"Happy Flower":[32],"counters":[30,149],"PreservedInsect":413,"Letter Opener":[419],"War Paint":["Undo","Dualcast"],"Orichalcum":[12],"Cables":[16,1,4,2,9],"Blood Vial":17,"SsserpentHead":350,"OrangePellets":[0],"Centennial Puzzle":[6],"Bronze Scales":[336],"Art of War":[2],"obtain_stats":[{"Lantern":19,"Singing Bowl":9,"Bottled Tornado":43,"Blood Vial":31,"SsserpentHead":13,"Centennial Puzzle":54,"HornCleat":47,"Fusion Hammer":17,"Cracked Core":0,"InkBottle":40,"Potion Belt":0,"Happy Flower":27,"The Courier":10,"PreservedInsect":22,"Omamori":25,"Letter Opener":23,"War Paint":36,"Orichalcum":42,"White Beast Statue":7,"Akabeko":55,"Nuclear Battery":34,"Cables":54,"OrangePellets":47,"DataDisk":44,"Bronze Scales":36,"Bag of Marbles":14,"Art of War":54},{"Lantern":10,"Singing Bowl":4,"Bottled Tornado":23,"Blood Vial":17,"SsserpentHead":7,"Centennial Puzzle":28,"HornCleat":25,"Fusion Hammer":9,"Cracked Core":0,"InkBottle":22,"Potion Belt":0,"Happy Flower":13,"The Courier":5,"PreservedInsect":10,"Omamori":12,"Letter Opener":11,"War Paint":19,"Orichalcum":23,"White Beast Statue":4,"Akabeko":29,"Nuclear Battery":18,"Cables":28,"OrangePellets":25,"DataDisk":24,"Bronze Scales":19,"Bag of Marbles":8,"Art of War":28},{"Lantern":41,"Singing Bowl":15,"Bottled Tornado":100,"Blood Vial":70,"SsserpentHead":27,"Centennial Puzzle":133,"HornCleat":111,"Fusion Hammer":37,"Cracked Core":0,"InkBottle":92,"Potion Belt":0,"Happy Flower":51,"The Courier":20,"PreservedInsect":41,"Omamori":48,"Letter Opener":45,"War Paint":81,"Orichalcum":100,"White Beast Statue":15,"Akabeko":140,"Nuclear Battery":79,"Cables":133,"OrangePellets":111,"DataDisk":107,"Bronze Scales":81,"Bag of Marbles":32,"Art of War":133}],"InkBottle":[30]},"card_choices":[{"not_picked":["Hologram","Go for the Eyes"],"picked":"Genetic Algorithm","floor":1.0},{"not_picked":["Capacitor","Turbo"],"picked":"Rebound","floor":2.0},{"not_picked":["Hologram","Steam"],"picked":"Doom and Gloom","floor":4.0},{"not_picked":["BootSequence","Reinforced Body"],"picked":"Self Repair","floor":7.0},{"not_picked":["Streamline","Rebound"],"picked":"BootSequence","floor":10.0},{"not_picked":["Steam","Darkness"],"picked":"FTL","floor":11.0},{"not_picked":["Consume","Hologram"],"picked":"Multi-Cast","floor":12.0},{"not_picked":["Turbo","Steam","Darkness"],"picked":"Singing Bowl","floor":14.0},{"not_picked":["Hyperbeam","Meteor Strike"],"picked":"Seek","floor":16.0},{"not_picked":["Rebound","Scrape"],"picked":"Conserve Battery","floor":18.0},{"not_picked":["Chill","Doom and Gloom"],"picked":"Skim+1","floor":23.0},{"not_picked":["Steam Power","Buffer"],"picked":"Double Energy","floor":25.0},{"not_picked":["Stack","Gash"],"picked":"Genetic Algorithm","floor":27.0},{"not_picked":["Consume","Cold Snap+1"],"picked":"Hologram","floor":28},{"not_picked":["Melter","Ball Lightning"],"picked":"Capacitor+1","floor":29},{"not_picked":["Hello World","Auto Shields","Streamline"],"picked":"Singing Bowl","floor":30},{"not_picked":["Redo","Cold Snap","Force Field"],"picked":"Singing Bowl","floor":31},{"not_picked":["Amplify","Buffer"],"picked":"Multi-Cast","floor":33},{"not_picked":["Melter","Beam Cell+1","Rebound"],"picked":"Singing Bowl","floor":35},{"not_picked":["Cold Snap","Chaos"],"picked":"Reinforced Body+1","floor":37},{"not_picked":["Rebound","Glacier+1"],"picked":"Lockon+1","floor":39},{"not_picked":["Streamline","Barrage","Loop"],"picked":"Singing Bowl","floor":40},{"not_picked":["Consume","Tempest"],"picked":"Darkness+1","floor":42},{"not_picked":["Reinforced Body","Genetic Algorithm","Cold Snap"],"picked":"Singing Bowl","floor":44},{"not_picked":["Rebound+1","Gash+1","Heatsinks"],"picked":"Singing Bowl","floor":46},{"not_picked":["Recycle","Fusion","Static Discharge+1"],"picked":"Singing Bowl","floor":48},{"not_picked":["Coolheaded","Meteor Strike"],"picked":"Hologram","floor":55}],"player_experience":1697221,"relics_obtained":[{"floor":7.0,"key":"White Beast Statue"},{"floor":9.0,"key":"Singing Bowl"},{"floor":10.0,"key":"The Courier"},{"floor":14.0,"key":"Bag of Marbles"},{"floor":23.0,"key":"Letter Opener"},{"floor":25.0,"key":"Omamori"},{"floor":27.0,"key":"Happy Flower"},{"floor":31,"key":"Blood Vial"},{"floor":40,"key":"InkBottle"},{"floor":42,"key":"Orichalcum"},{"floor":43,"key":"Bottled Tornado"},{"floor":44,"key":"DataDisk"},{"floor":55,"key":"Akabeko"}],"event_choices":[{"damage_healed":23.0,"max_hp_gain":0.0,"max_hp_loss":0.0,"gold_gain":0.0,"event_name":"Big Fish","player_choice":"Banana","floor":3.0,"gold_loss":0.0,"damage_taken":0.0},{"damage_healed":0.0,"max_hp_gain":0.0,"max_hp_loss":0.0,"gold_gain":0.0,"cards_transformed":["Strike_B"],"event_name":"Living Wall","player_choice":"Change","floor":5.0,"gold_loss":0.0,"damage_taken":0.0,"cards_obtained":["Cold Snap"]},{"damage_healed":0.0,"max_hp_gain":0.0,"max_hp_loss":0.0,"gold_gain":0.0,"event_name":"FaceTrader","player_choice":"Trade","floor":13.0,"gold_loss":0.0,"damage_taken":0.0,"relics_obtained":["SsserpentHead"]},{"damage_healed":0.0,"max_hp_gain":0.0,"max_hp_loss":0.0,"gold_gain":0.0,"event_name":"Addict","player_choice":"Obtained Relic","floor":19.0,"gold_loss":85.0,"damage_taken":0.0,"relics_obtained":["Lantern"]},{"damage_healed":0.0,"max_hp_gain":0.0,"max_hp_loss":0.0,"gold_gain":0.0,"event_name":"The Library","player_choice":"Read","floor":20.0,"gold_loss":0.0,"damage_taken":0.0,"cards_obtained":["Compile Driver"]},{"damage_healed":0.0,"max_hp_gain":0.0,"max_hp_loss":0.0,"gold_gain":0.0,"cards_transformed":["Strike_B","Strike_B"],"event_name":"Drug Dealer","player_choice":"Became Test Subject","floor":21.0,"gold_loss":0.0,"damage_taken":0.0,"cards_obtained":["Go for the Eyes","Sweeping Beam"]},{"damage_healed":0,"gold_gain":999,"player_choice":"Gold","damage_taken":0,"max_hp_gain":0,"max_hp_loss":0,"event_name":"MindBloom","floor":38,"gold_loss":0,"cards_obtained":["Normality","Normality"]},{"damage_healed":0,"gold_gain":0,"player_choice":"Upgrade","damage_taken":0,"max_hp_gain":0,"max_hp_loss":0,"event_name":"Designer","floor":45,"gold_loss":50,"cards_upgraded":["Defragment"]}],"is_beta":false,"boss_relics":[{"not_picked":["Busted Crown","Sozu"],"picked":"Fusion Hammer"},{"not_picked":["Tiny House","Cursed Key"],"picked":"Nuclear Battery"}],"items_purged_floors":[22,24,47],"is_endless":false,"potions_floor_spawned":[2,10,11,12,14,16,18,23,25,27,28,29,30,31,33,35,37,39,40,42,44,46,48,55],"killed_by":"The Heart","ascension_level":20}}