{"host":"h8l1uc7c2i19r904","time":1608758575,"event":{"mods":["AchievementEnabler","BaseMod","Colored Map","Colored Powertips","Downfall","Minty Spire (QoL Compilation)","Quick Restart","Replay The Spire","StSLib","SuperFastMode"],"gold_per_floor":[109,109,124,174,186,186,221,297,347,379,395,414,414,427,427,427,427],"floor_reached":16,"playtime":812,"items_purged":[],"score":112,"play_id":"b6b45231-ac41-46a5-9af3-8d0db9c354fd","local_time":"20201223132255","is_ascension_mode":false,"campfire_choices":[{"data":"BasicCrystalCard","floor":6,"key":"SMITH"},{"data":"White Noise","floor":13,"key":"SMITH"}],"circlet_count":0,"master_deck":["Strike_B","Strike_B","Strike_B","Strike_B","Defend_B","Defend_B","Defend_B","Defend_B","Zap","Dualcast","Streamline","BasicCrystalCard+1","Voices","Darkness","White Noise+1","Pain","Storm","ReplayRNGCard","Capacitor","Delirium","BootSequence"],"relics":["Cracked Core","NeowsBlessing","Ring of Greed","Ring of Misfortune","Smiling Mask","The Courier","Blue Doll","Nunchaku","Pet Ghost","Orichalcum"],"acts_visited":["Exordium"],"potions_floor_usage":[10,12,16,16,16],"damage_taken":[{"damage":0,"enemies":"Small Slimes","floor":1,"turns":1},{"damage":0,"enemies":"Cultist","floor":3,"turns":1},{"damage":0,"enemies":"2 Louse","floor":5,"turns":1},{"damage":23,"enemies":"Lagavulin","floor":7,"turns":5},{"damage":15,"enemies":"3 Sentries","floor":10,"turns":6},{"damage":2,"enemies":"Looter","floor":11,"turns":3},{"damage":10,"enemies":"Exordium Wildlife","floor":12,"turns":3},{"damage":10,"enemies":"Exordium Thugs","floor":14,"turns":5},{"damage":20,"enemies":"Slime Boss","floor":16,"turns":3}],"seed_played":"-1121858369679077144","potions_obtained":[{"floor":3,"key":"SpeedPotion"},{"floor":5,"key":"LiquidMemories"},{"floor":7,"key":"FearPotion"},{"floor":10,"key":"FairyPotion"},{"floor":15,"key":"Milkshake"},{"floor":15,"key":"Block Potion"}],"is_trial":false,"path_per_floor":["M","?","M","?","M","R","E","?","T","E","M","M","R","M","R_BF","B"],"character_chosen":"DEFECT","items_purchased":[],"campfire_rested":0,"item_purchase_floors":[],"current_hp_per_floor":[75,75,75,75,75,75,52,22,22,7,5,20,20,10,10,0,0],"gold":427,"neow_bonus":"THREE_ENEMY_KILL","is_daily":false,"chose_seed":false,"campfire_upgraded":2,"win_rate":0.0,"timestamp":1608758575,"path_taken":["M","?","?","?","M","R","E","?","T","E","M","M","R","?","R_BF","BOSS"],"items_purchased_type":[],"build_version":"2020-12-22","purchased_purges":0,"victory":false,"max_hp_per_floor":[75,75,75,75,75,75,75,75,75,75,75,75,75,75,75,75,75],"card_choices":[{"not_picked":["ReplayTheSpireMod:Calculation Training","Redo"],"picked":"Streamline","floor":1},{"not_picked":["Lockon","Scrape"],"picked":"BasicCrystalCard","floor":3},{"not_picked":["Compile Driver","FIFO Queue"],"picked":"Darkness","floor":5},{"not_picked":["Panic Button","Cold Snap"],"picked":"White Noise","floor":7},{"not_picked":["Beam Cell","Capacitor"],"picked":"Storm","floor":10},{"not_picked":["Streamline","Go for the Eyes"],"picked":"ReplayRNGCard","floor":11},{"not_picked":["Rebound","Chill"],"picked":"Capacitor","floor":12},{"not_picked":["Barrage","Cold Snap"],"picked":"BootSequence","floor":14}],"player_experience":113952,"relics_obtained":[{"floor":4,"key":"Ring of Greed"},{"floor":4,"key":"Ring of Misfortune"},{"floor":4,"key":"Smiling Mask"},{"floor":4,"key":"The Courier"},{"floor":7,"key":"Blue Doll"},{"floor":8,"key":"Nunchaku"},{"floor":9,"key":"Pet Ghost"},{"floor":10,"key":"Orichalcum"}],"event_choices":[{"damage_healed":0,"gold_gain":0,"player_choice":"Ignored","damage_taken":0,"max_hp_gain":0,"max_hp_loss":0,"event_name":"NoteForYourself","floor":2,"gold_loss":0}],"is_beta":false,"boss_relics":[],"items_purged_floors":[],"is_endless":false,"potions_floor_spawned":[3,5,7,10],"killed_by":"Slime Boss","ascension_level":0}}