{"host":"ysyq82l8nxvaugux","time":1608759623,"event":{"mods":["BaseMod","Hermit","Minty Spire (QoL Compilation)","StSLib","The Cursed"],"gold_per_floor":[118,118,118,136,136,174,31,51,51,76,76,101,101,125,125,246,246,266,266,291,310,310,310,88,88,88,132,132,146,146,146],"floor_reached":30,"playtime":1015,"items_purged":[],"score":250,"play_id":"7330d626-cf36-414f-b069-2bf92f70675f","local_time":"20201223224023","is_ascension_mode":false,"campfire_choices":[{"floor":11,"key":"REST"},{"data":"Sunder","floor":13,"key":"SMITH"},{"data":"Self Repair","floor":15,"key":"SMITH"},{"data":"Redo","floor":23,"key":"SMITH"},{"data":"Thunder Strike","floor":28,"key":"SMITH"}],"circlet_count":0,"master_deck":["Strike_B","Strike_B+1","Strike_B+1","Strike_B","Defend_B","Defend_B","Defend_B","Defend_B","Zap","Dualcast","Dramatic Entrance","Leap","Self Repair+1","Ball Lightning","Sunder+1","Rip and Tear","Rebound","Buffer+1","Cold Snap","Cold Snap","Redo+1","Thunder Strike+1","Capacitor+1","Streamline"],"relics":["Cracked Core","Golden Idol","Bottled Lightning","Frozen Egg 2","Inserter","MutagenicStrength","Juzu Bracelet","Nloth\u0027s Gift","Blood Vial"],"acts_visited":["Exordium","TheCity"],"potions_floor_usage":[6,30],"damage_taken":[{"damage":8,"enemies":"Jaw Worm","floor":1,"turns":4},{"damage":0,"enemies":"2 Louse","floor":4,"turns":1},{"damage":18,"enemies":"Lagavulin","floor":6,"turns":8},{"damage":0,"enemies":"Cultist","floor":8,"turns":2},{"damage":10,"enemies":"Large Slime","floor":10,"turns":3},{"damage":0,"enemies":"2 Fungi Beasts","floor":12,"turns":2},{"damage":9,"enemies":"Blue Slaver","floor":14,"turns":3},{"damage":43,"enemies":"The Guardian","floor":16,"turns":11},{"damage":0,"enemies":"Spheric Guardian","floor":18,"turns":3},{"damage":4,"enemies":"Chosen","floor":20,"turns":4},{"damage":13,"enemies":"3 Cultists","floor":21,"turns":5},{"damage":19,"enemies":"Slavers","floor":27,"turns":4},{"damage":33,"enemies":"Snake Plant","floor":29,"turns":4},{"damage":53,"enemies":"Shelled Parasite and Fungi","floor":30,"turns":6}],"seed_played":"61659402004475111","potions_obtained":[{"floor":4,"key":"Weak Potion"},{"floor":8,"key":"PowerPotion"},{"floor":10,"key":"LiquidBronze"},{"floor":16,"key":"Dexterity Potion"},{"floor":18,"key":"EntropicBrew"}],"is_trial":false,"path_per_floor":["M","?","?","M","$","E","$","M","T","M","R","M","R","M","R","B",null,"M","?","M","M","?","R","$","?","T","E","R","M","M"],"character_chosen":"DEFECT","items_purchased":["Orichalcum","Thunder Strike","Juzu Bracelet"],"campfire_rested":1,"item_purchase_floors":[7,24,24],"current_hp_per_floor":[67,52,34,34,34,23,23,30,30,27,49,56,56,54,54,21,75,75,75,75,72,72,72,72,72,72,63,63,42,0,0],"gold":146,"neow_bonus":"RANDOM_COLORLESS","is_daily":false,"chose_seed":false,"campfire_upgraded":4,"win_rate":0.0,"timestamp":1608759623,"path_taken":["M","?","?","M","$","E","$","M","T","M","R","M","R","M","R","BOSS","M","?","M","M","?","R","?","?","T","E","R","M","M"],"items_purchased_type":["Relic","Card","Relic"],"build_version":"2020-12-22","purchased_purges":0,"victory":false,"max_hp_per_floor":[75,75,75,75,75,75,75,75,75,75,75,75,75,75,75,75,75,75,75,75,75,75,75,75,75,75,75,75,75,75,75],"card_choices":[{"not_picked":["Purity","Swift Strike"],"picked":"Dramatic Entrance","floor":0},{"not_picked":["Stack","Compile Driver"],"picked":"Leap","floor":1},{"not_picked":["Scrape","Rebound"],"picked":"Self Repair","floor":4},{"not_picked":["Force Field","Stack","Cold Snap"],"picked":"SKIP","floor":6},{"not_picked":["Conserve Battery","Skim"],"picked":"Ball Lightning","floor":8},{"not_picked":["Streamline","Sweeping Beam"],"picked":"Sunder","floor":10},{"not_picked":["Steam","Rebound"],"picked":"Rip and Tear","floor":12},{"not_picked":["Turbo","Hologram"],"picked":"Rebound","floor":14},{"not_picked":["Multi-Cast","Rainbow"],"picked":"Buffer+1","floor":16},{"not_picked":["Lockon","Sweeping Beam"],"picked":"Cold Snap","floor":18},{"not_picked":["Turbo","Chill"],"picked":"Cold Snap","floor":20},{"not_picked":["Conserve Battery","Rebound+1"],"picked":"Redo","floor":21},{"not_picked":["Heatsinks+1","Fusion+1"],"picked":"Capacitor+1","floor":27},{"not_picked":["Skim","Go for the Eyes"],"picked":"Streamline","floor":29}],"player_experience":88807,"relics_obtained":[{"floor":6,"key":"Bottled Lightning"},{"floor":9,"key":"Frozen Egg 2"},{"floor":27,"key":"Blood Vial"}],"event_choices":[{"damage_healed":0,"gold_gain":0,"player_choice":"Entered Light","damage_taken":15,"max_hp_gain":0,"max_hp_loss":0,"event_name":"Shining Light","floor":2,"gold_loss":0,"cards_upgraded":["Strike_B","Strike_B"]},{"damage_healed":0,"gold_gain":0,"player_choice":"Take Damage","damage_taken":18,"relics_obtained":["Golden Idol"],"max_hp_gain":0,"max_hp_loss":0,"event_name":"Golden Idol","floor":3,"gold_loss":0},{"damage_healed":0,"gold_gain":0,"player_choice":"Inject Mutagens","damage_taken":0,"relics_obtained":["MutagenicStrength"],"max_hp_gain":0,"max_hp_loss":0,"event_name":"Drug Dealer","floor":19,"gold_loss":0},{"damage_healed":0,"gold_gain":0,"player_choice":"Ignored","damage_taken":0,"max_hp_gain":0,"max_hp_loss":0,"event_name":"Beggar","floor":22,"gold_loss":0},{"damage_healed":0,"gold_gain":0,"player_choice":"Traded Relic","damage_taken":0,"relics_obtained":["Nloth\u0027s Gift"],"max_hp_gain":0,"max_hp_loss":0,"event_name":"N\u0027loth","floor":25,"relics_lost":["Orichalcum"],"gold_loss":0}],"is_beta":false,"boss_relics":[{"not_picked":["Philosopher\u0027s Stone","SlaversCollar"],"picked":"Inserter"}],"items_purged_floors":[],"is_endless":false,"potions_floor_spawned":[4,8,10,16,18,29],"killed_by":"Shelled Parasite and Fungi","ascension_level":0}}