{"host":"91yk4s6tcm9vi8ej","time":1608720149,"event":{"mods":["BaseMod","Colored Map","Colored Powertips","Highlight Path","Infinite Spire","Minty Spire (QoL Compilation)","Quick Restart","Replay The Spire","StSLib"],"gold_per_floor":[112,112,112,125,125,125,155,155,180,32,32,44,44,44,44,145,145,159,159,178,189,201,201,218,228,252,85,101,101,1,1,1,100,100,121,145,172,201,201,201,227,258,258,258,258,290,165,193,193,193,193,193,30,62,62,62],"floor_reached":55,"playtime":4187,"items_purged":["Defend_G","Strike_G","Strike_G","Defend_G"],"score":871,"play_id":"50595eb3-d248-4a6c-9951-ee662d7a73cc","local_time":"20201223184229","is_ascension_mode":false,"campfire_choices":[{"data":"ReplayTheSpireMod:Black Plague","floor":6.0,"key":"SMITH"},{"data":"Burst","floor":8.0,"key":"SMITH"},{"floor":13.0,"key":"RECALL"},{"floor":23.0,"key":"REST"},{"floor":29.0,"key":"REST"},{"data":"Catalyst","floor":32.0,"key":"SMITH"},{"data":"ReplayTheSpireMod:Black Plague","floor":40.0,"key":"SMITH"},{"floor":45.0,"key":"REST"},{"floor":49.0,"key":"REST"},{"floor":52.0,"key":"REST"}],"circlet_count":0,"master_deck":["Strike_G","Strike_G","Defend_G","Survivor","Neutralize","ReplayTheSpireMod:Black Plague+1","Burst+1","Outmaneuver","Prepared+1","Underhanded Strike","Envenom","CurseOfTheBell","Backflip","infinitespire:FinalStrike","ReplayTheSpireMod:Black Plague+1","Blade Dance+1","Calculated Gamble","Escape Plan+1","ReplayTheSpireMod:From All Sides+1","ReplayTheSpireMod:Scrap Shanks","Expertise","Catalyst+1","Noxious Fumes","PiercingWail","Cloak And Dagger","Backstab+1","Caltrops+1","Atom Bomb","Setup+1","Poison Darts","Catalyst","Toxin Wave","Acrobatics","PiercingWail+1","Prepared+1","Dagger Throw+1","Acrobatics+1","Transmutation","Specialist","Forethought","Escape Plan"],"relics":["Ring of the Snake","NeowsBlessing","Ring of Fangs","ReplayTheSpireMod:Ring of Challenge","InkBottle","Calling Bell","Dream Catcher","Replay:WaspNest","infinitespire:Golems Mask","ClockworkSouvenir","ReplayFunnel","infinitespire:EvilPickle","HoveringKite","Gremlin Food","ReplayTheSpireMod:ShopPack","Golden Egg"],"acts_visited":["Exordium","TheCity","TheBeyond","TheEnding"],"potions_floor_usage":[55],"damage_taken":[{"damage":0.0,"enemies":"Jaw Worm","floor":1.0,"turns":1.0},{"damage":0.0,"enemies":"Small Slimes","floor":4.0,"turns":1.0},{"damage":0.0,"enemies":"Replay:BlueRogue","floor":7.0,"turns":1.0},{"damage":0.0,"enemies":"Cultist","floor":12.0,"turns":3.0},{"damage":50.0,"enemies":"Slime Boss","floor":16.0,"turns":13.0},{"damage":0.0,"enemies":"Chosen","floor":18.0,"turns":3.0},{"damage":11.0,"enemies":"2 Thieves","floor":20.0,"turns":2.0},{"damage":2.0,"enemies":"Snecko","floor":21.0,"turns":3.0},{"damage":2.0,"enemies":"Sentry and Sphere","floor":22.0,"turns":5.0},{"damage":12.0,"enemies":"3 Cultists","floor":24.0,"turns":4.0},{"damage":4.0,"enemies":"Snake Plant","floor":25.0,"turns":3.0},{"damage":19.0,"enemies":"Centurion and Healer","floor":28.0,"turns":5.0},{"damage":18.0,"enemies":"Pondfish","floor":33.0,"turns":7.0},{"damage":22.0,"enemies":"3 Darklings","floor":35.0,"turns":5.0},{"damage":1.0,"enemies":"Orb Walker","floor":36.0,"turns":3.0},{"damage":41.0,"enemies":"4 Shapes","floor":37.0,"turns":3.0},{"damage":0.0,"enemies":"Writhing Mass","floor":38.0,"turns":3.0},{"damage":15.0,"enemies":"Sphere and 2 Shapes","floor":41.0,"turns":3.0},{"damage":14.0,"enemies":"Spire Growth","floor":42.0,"turns":3.0},{"damage":0.0,"enemies":"Transient","floor":46.0,"turns":5.0},{"damage":34.0,"enemies":"4 Shapes","floor":48.0,"turns":4.0},{"damage":42.0,"enemies":"Donu and Deca","floor":50.0,"turns":6.0},{"damage":58,"enemies":"Shield and Spear","floor":54,"turns":5},{"damage":52,"enemies":"The Heart","floor":55,"turns":2}],"seed_played":"-5457198157005957613","potions_obtained":[{"floor":12.0,"key":"BlessingOfTheForge"},{"floor":16.0,"key":"Reflective Coating"},{"floor":18.0,"key":"ColorlessPotion"},{"floor":36.0,"key":"Dexterity Potion"},{"floor":38.0,"key":"LifebloodPotion"},{"floor":42.0,"key":"Adrenaline Potion"},{"floor":48.0,"key":"SpeedPotion"},{"floor":54,"key":"Strength Potion"}],"is_trial":false,"path_per_floor":["M","?","?","M","?","R","E","R","T","$","?","M","R","?","R_BF","B",null,"M","AVR","M","M","M","R","M","M","T","$","M","R","$","?","R","B",null,"M","M","M","M","?","R","M","M","T","?","R","M","$","M","R_BF","B",null,"R","$","E","B"],"character_chosen":"THE_SILENT","items_purchased":["Outmaneuver","Prepared","Catalyst","Noxious Fumes","PiercingWail","Acrobatics+1","ReplayTheSpireMod:ShopPack"],"campfire_rested":5,"item_purchase_floors":[10,10,27,27,27,53,53],"current_hp_per_floor":[70,63,63,63,46,46,46,46,46,46,46,46,46,46,67,17,70,70,70,59,57,55,70,58,54,54,54,35,56,56,56,56,38,70,48,47,6,6,70,70,55,41,41,41,62,62,62,28,49,7,70,70,70,12,0,0],"gold":62,"neow_bonus":"THREE_ENEMY_KILL","is_daily":false,"chose_seed":false,"campfire_upgraded":4,"win_rate":0.0,"timestamp":1608720149,"path_taken":["M","?","?","?","?","R","E","R","T","?","?","M","R","?","R_BF","BOSS","M","AVR","M","M","M","R","M","M","T","?","M","R","$","?","R","BOSS","M","M","M","M","?","R","?","M","T","?","R","M","?","?","R_BF","BOSS","R","$","E","BOSS"],"items_purchased_type":["Card","Card","Card","Card","Card","Card","Relic"],"build_version":"2020-12-22","purchased_purges":4,"victory":false,"max_hp_per_floor":[70,70,70,70,70,70,70,70,70,70,70,70,70,70,70,70,70,70,70,70,70,70,70,70,70,70,70,70,70,70,70,70,70,70,70,70,70,70,70,70,70,70,70,70,70,70,70,70,70,70,70,70,70,70,70,70],"card_choices":[{"not_picked":["Dodge and Roll","Quick Slash","Cloak And Dagger"],"picked":"SKIP","floor":1.0},{"not_picked":["Cloak And Dagger","Hidden Blade","Slice"],"picked":"SKIP","floor":4.0},{"not_picked":["infinitespire:Starlight","infinitespire:Gouge"],"picked":"ReplayTheSpireMod:Black Plague","floor":5.0},{"not_picked":["Dodge and Roll","Backflip"],"picked":"Burst","floor":7.0},{"not_picked":["Dash","Dagger Throw","Slice"],"picked":"SKIP","floor":12.0},{"not_picked":["Bullet Time","Adrenaline"],"picked":"Envenom","floor":16.0},{"not_picked":["Sneak Up","ReplayTheSpireMod:Speed Training"],"picked":"Backflip","floor":18.0},{"not_picked":["Well Laid Plans","Deadly Poison"],"picked":"Blade Dance+1","floor":20.0},{"not_picked":["Blade Dance","Blur"],"picked":"Calculated Gamble","floor":21.0},{"not_picked":["Bouncing Flask+1","Sucker Punch"],"picked":"Escape Plan+1","floor":22.0},{"not_picked":["Cloak And Dagger+1","Blade Dance+1"],"picked":"ReplayTheSpireMod:From All Sides","floor":23.0},{"not_picked":["Prepared","Well Laid Plans"],"picked":"ReplayTheSpireMod:Scrap Shanks","floor":24.0},{"not_picked":["Finisher","Blade Dance"],"picked":"Expertise","floor":25.0},{"not_picked":["Flying Knee+1","Predator"],"picked":"Cloak And Dagger","floor":28.0},{"not_picked":["Unload","Concentrate"],"picked":"Backstab+1","floor":29.0},{"not_picked":["ReplayTheSpireMod:Necrosis","Bullet Time"],"picked":"Atom Bomb","floor":33.0},{"not_picked":["Deadly Poison","All Out Attack"],"picked":"Setup","floor":35.0},{"not_picked":["Underhanded Strike","Bane","Distraction"],"picked":"SKIP","floor":36.0},{"not_picked":["Flying Knee","Deflect"],"picked":"Poison Darts","floor":37.0},{"not_picked":["ReplayTheSpireMod:Speed Training+1","All Out Attack","ReplayTheSpireMod:Scrap Shanks"],"picked":"SKIP","floor":38.0},{"not_picked":["Underhanded Strike","Poisoned Stab"],"picked":"Catalyst","floor":41.0},{"not_picked":["Predator+1","ReplayTheSpireMod:Necrosis","Outmaneuver+1"],"picked":"SKIP","floor":42.0},{"not_picked":["Dagger Spray","Deadly Poison+1"],"picked":"Acrobatics","floor":45.0},{"not_picked":["Expertise+1","Sucker Punch","Dagger Spray"],"picked":"SKIP","floor":46.0},{"not_picked":["Quick Slash","Prepared"],"picked":"PiercingWail+1","floor":48.0},{"not_picked":["Underhanded Strike+1","Poisoned Stab"],"picked":"Prepared+1","floor":49.0},{"not_picked":["Slice","Underhanded Strike+1"],"picked":"Dagger Throw+1","floor":52.0},{"not_picked":["ReplayUltimateDefense","Panache"],"picked":"Transmutation","floor":53},{"not_picked":["Replay:Dark Deal","Enlightenment"],"picked":"Specialist","floor":53},{"not_picked":["Replay:Sssssssssshield","Replay:Sssssssssstrike"],"picked":"Forethought","floor":53},{"not_picked":["Deadly Poison","Prepared+1"],"picked":"Escape Plan","floor":54}],"player_experience":89259,"relics_obtained":[{"floor":3.0,"key":"Ring of Fangs"},{"floor":3.0,"key":"ReplayTheSpireMod:Ring of Challenge"},{"floor":7.0,"key":"InkBottle"},{"floor":17.0,"key":"Dream Catcher"},{"floor":17.0,"key":"Replay:WaspNest"},{"floor":17.0,"key":"infinitespire:Golems Mask"},{"floor":26.0,"key":"ReplayFunnel"},{"floor":43.0,"key":"Gremlin Food"},{"floor":54,"key":"Golden Egg"}],"event_choices":[{"cards_removed":["Defend_G"],"damage_healed":0.0,"max_hp_gain":0.0,"max_hp_loss":0.0,"gold_gain":0.0,"event_name":"Golden Wing","player_choice":"Card Removal","floor":2.0,"gold_loss":0.0,"damage_taken":7.0},{"damage_healed":0.0,"max_hp_gain":0.0,"max_hp_loss":0.0,"gold_gain":0.0,"cards_transformed":["Strike_G"],"event_name":"Transmorgrifier","player_choice":"Transformed","floor":14.0,"gold_loss":0.0,"damage_taken":0.0,"cards_obtained":["Underhanded Strike"]},{"damage_healed":0.0,"max_hp_gain":0.0,"max_hp_loss":0.0,"gold_gain":0.0,"event_name":"The Library","player_choice":"Read","floor":31.0,"gold_loss":0.0,"damage_taken":0.0,"cards_obtained":["Caltrops"]},{"damage_healed":64.0,"max_hp_gain":0.0,"max_hp_loss":0.0,"gold_gain":0.0,"event_name":"Wheel of Change","player_choice":"Full Heal","floor":39.0,"gold_loss":0.0,"damage_taken":0.0},{"damage_healed":0.0,"max_hp_gain":0.0,"max_hp_loss":0.0,"gold_gain":0.0,"cards_transformed":["Defend_G"],"event_name":"Transmorgrifier","player_choice":"Transformed","floor":44.0,"gold_loss":0.0,"damage_taken":0.0,"cards_obtained":["Toxin Wave"]}],"is_beta":false,"boss_relics":[{"not_picked":["Replay:Grab Bag","ChewingGum"],"picked":"Calling Bell"},{"not_picked":["Empty Cage","Astrolabe"],"picked":"HoveringKite"}],"items_purged_floors":[10,19,30,47],"is_endless":false,"potions_floor_spawned":[12,16,18,20,25,36,38,42,48,54],"killed_by":"The Heart","ascension_level":0}}