{"host":"fhq3k2nq5elnbks3","time":1608721378,"event":{"mods":["2.2 Compatiblity","AchievementEnabler","Act Like it!","AlwaysNeverKeys","BaseMod","Better Altar","Better Vampires","Better-Laid Plans","Block Reminder","CapriCore","Card Filter","Colored Powertips","Displayed Cursed Tome","Eldritch Tears","Fiend Mod","Fireblade Mod","Friendly Minions","FutureSeer","GifTheSpireLib","Gremlin Skip","Hermit","JesterMod","Marisa????????","Minty Spire (QoL Compilation)","Onozuka Komachi Mod","Permanent Neow","QueenMod","Quick Restart","Reimu??????","Relic Filter","Remilia??????","Ruin Mod","Shop Mod","StSLib","SuperFastMode","The Cursed","The Factory","The Fake Hero","The Jungle","The Necromancer","The Servant 0.9.4","The Trickster","The Valiant","The Wild Card","TheBandit","Trackpad","Transform Curses","Uncapped","Unknown Chances","Yuri Mod","vexMod"],"gold_per_floor":[109,109,109,109,124,124,142,160,160,160,195,195,222,211,211,314,314,328,328,345,372,28,28,40,40,88,107,130,130,130,154,154,261,261,283,311,311,336,336,344,344],"floor_reached":40,"playtime":3268,"items_purged":[],"score":423,"play_id":"55b8c57f-0d59-4f6f-8aac-c91cbf8a3704","local_time":"20201223050258","is_ascension_mode":false,"campfire_choices":[{"data":"theWildCard:Odin","floor":6,"key":"SMITH"},{"data":"RedMoon","floor":10,"key":"SMITH"},{"data":"ScarletShoot","floor":12,"key":"SMITH"},{"data":"Strike_RM","floor":15,"key":"SMITH"},{"data":"Strike_RM","floor":23,"key":"SMITH"},{"data":"Strike_RM","floor":25,"key":"SMITH"},{"data":"Defend_RM","floor":29,"key":"SMITH"},{"data":"Defend_RM","floor":32,"key":"SMITH"}],"circlet_count":0,"master_deck":["Strike_RM+1","Strike_RM+1","Strike_RM+1","Strike_RM+1","Defend_RM+1","Defend_RM+1","Defend_RM+1","RedMoon+1","ScarletShoot+1","theWildCard:Odin+1"],"relics":["ScarletHat","NeowsBlessing","Mummified Hand","Toxic Egg 2","Anchor","RuthlessExorcism:ReiMu","MerchantsRug","Gungnir","trackpad:AdjectivePendant"],"acts_visited":["Exordium","Exordium","theJungle:Jungle"],"potions_floor_usage":[13,14,40,40,40],"damage_taken":[{"damage":0,"enemies":"2 Louse","floor":1,"turns":2},{"damage":0,"enemies":"Small Slimes","floor":5,"turns":1},{"damage":0,"enemies":"Jaw Worm","floor":7,"turns":1},{"damage":17,"enemies":"Gremlin Gang","floor":8,"turns":8},{"damage":10,"enemies":"Lagavulin","floor":11,"turns":10},{"damage":6,"enemies":"3 Sentries","floor":13,"turns":8},{"damage":5,"enemies":"Exordium Thugs","floor":14,"turns":4},{"damage":36,"enemies":"The Guardian","floor":16,"turns":14},{"damage":0,"enemies":"theJungle:GiantWrat","floor":18,"turns":5},{"damage":0,"enemies":"Shell Parasite","floor":20,"turns":7},{"damage":0,"enemies":"theJungle:JungleHuntersEncounter","floor":24,"turns":4},{"damage":2,"enemies":"Snake Plant","floor":27,"turns":5},{"damage":0,"enemies":"theJungle:2_Snecko_Cultists","floor":28,"turns":4},{"damage":4,"enemies":"theJungle:SlimyTreeVines","floor":31,"turns":8},{"damage":36,"enemies":"theJungle:TotemBoss","floor":33,"turns":12},{"damage":0,"enemies":"theFactory:BigBot","floor":35,"turns":9},{"damage":4,"enemies":"theFactory:2_Experiment_Personnel","floor":36,"turns":7},{"damage":22,"enemies":"theFactory:Orbs_and_Orb_Walker","floor":38,"turns":13},{"damage":40,"enemies":"theFactory:DrinkBrewer","floor":40,"turns":13}],"seed_played":"-3921698561725391823","potions_obtained":[{"floor":5,"key":"BlessingOfTheForge"},{"floor":7,"key":"CultistPotion"},{"floor":8,"key":"BlessingOfTheForge"},{"floor":13,"key":"DestinyDice"},{"floor":14,"key":"Energy Potion"},{"floor":24,"key":"Fire Potion"},{"floor":27,"key":"PowerPotion"},{"floor":31,"key":"EssenceOfSteel"}],"is_trial":false,"path_per_floor":["M","?","?","?","M","R","M","M","T","R","E","R","E","M","R","B",null,"M","?","M","T","$","R","M","R","T","M","M","R","?","M","R","B",null,"M","M","?","M","?","E"],"character_chosen":"REMILIA","items_purchased":["MerchantsRug","Gungnir"],"campfire_rested":0,"item_purchase_floors":[22,22],"current_hp_per_floor":[75,75,60,60,60,60,60,43,43,43,42,42,36,31,31,9,75,75,75,75,75,75,75,75,75,75,73,75,75,75,71,71,41,75,75,71,55,37,37,0,0],"gold":344,"neow_bonus":"THREE_ENEMY_KILL","is_daily":false,"chose_seed":false,"campfire_upgraded":8,"win_rate":0.0,"timestamp":1608721378,"path_taken":["M","?","?","?","M","R","M","M","T","R","E","R","E","M","R","BOSS","M","?","?","?","?","R","?","R","T","M","M","R","?","M","R","BOSS","M","M","?","M","?","E"],"items_purchased_type":["Relic","Relic"],"build_version":"2020-12-22","purchased_purges":0,"victory":false,"max_hp_per_floor":[75,75,75,75,75,75,75,75,75,75,75,75,75,75,75,75,75,75,75,75,75,75,75,75,75,75,75,75,75,75,75,75,75,75,75,75,75,75,75,75,75],"card_choices":[{"not_picked":["CharismaGuard","ScarletSymphony","VampireFantasy"],"picked":"SKIP","floor":1},{"not_picked":["EndlessAdversity","ScarletGensokyo","ScarletImprint"],"picked":"SKIP","floor":5},{"not_picked":["EndlessAdversity","UnderTheZenith","ScarletDevil"],"picked":"SKIP","floor":7},{"not_picked":["ScarletSymphony","StarOfDavid","ScarletImprint"],"picked":"SKIP","floor":8},{"not_picked":["UnstableMagic+1","ScarletImprint","DiffusionOfMisfortune"],"picked":"SKIP","floor":11},{"not_picked":["BloodyTrap+1","BloodHunter+1","VampireSweep"],"picked":"SKIP","floor":13},{"not_picked":["TricksterDevil","ForbiddenFruit+1","StarOfDavid"],"picked":"SKIP","floor":14},{"not_picked":["VampirishNight+1","RedMagic+1","VampireFantasy+1"],"picked":"SKIP","floor":18},{"not_picked":["VampirishNight+1","RedMagic+1","VampireFantasy+1"],"picked":"SKIP","floor":18},{"not_picked":["HunterOfTheNight","EmergencyRegeneration+1","UnderTheZenith+1"],"picked":"SKIP","floor":20},{"not_picked":["DiffusionOfMisfortune+1","VampireClaw+1","UnstableMagic+1"],"picked":"SKIP","floor":24},{"not_picked":["MastersStateliness","ReincarnationDial+1","MillenniumVampire+1"],"picked":"SKIP","floor":27},{"not_picked":["CharismaGuard","FavorOfDestiny+1","ScarletSymphony+1"],"picked":"SKIP","floor":28},{"not_picked":["BloodAndWine+1","HunterOfTheNight","StarOfDavid"],"picked":"SKIP","floor":31},{"not_picked":["ScarletDream+1","BombardNight+1","BlasphemousPunishment+1"],"picked":"SKIP","floor":35},{"not_picked":["EndlessAdversity","VampireSweep","DiffusionOfMisfortune"],"picked":"SKIP","floor":36},{"not_picked":["BloodRain+1","UnderTheZenith+1","DiffusionOfMisfortune"],"picked":"SKIP","floor":38}],"player_experience":277762,"relics_obtained":[{"floor":9,"key":"Toxic Egg 2"},{"floor":11,"key":"Regal Pillow"},{"floor":13,"key":"Anchor"},{"floor":21,"key":"RuthlessExorcism:ReiMu"},{"floor":26,"key":"trackpad:AdjectivePendant"}],"event_choices":[{"damage_healed":0,"gold_gain":0,"player_choice":"Entered Light","damage_taken":15,"max_hp_gain":0,"max_hp_loss":0,"event_name":"Shining Light","floor":3,"gold_loss":0,"cards_upgraded":["Strike_RM","Defend_RM"]},{"damage_healed":0,"gold_gain":0,"player_choice":"Box","damage_taken":0,"relics_obtained":["Mummified Hand"],"max_hp_gain":0,"max_hp_loss":0,"event_name":"Big Fish","floor":4,"gold_loss":0,"cards_obtained":["Regret"]},{"damage_healed":0,"gold_gain":0,"player_choice":"Ignored","damage_taken":0,"max_hp_gain":0,"max_hp_loss":0,"event_name":"Purifier","floor":19,"gold_loss":0}],"is_beta":false,"boss_relics":[{"not_picked":["Busted Crown","Cursed Key"],"picked":"Empty Cage"},{"not_picked":["vexMod:DeviousBotling","Velvet Choker","trackpad:Trackpad"]}],"items_purged_floors":[],"is_endless":false,"potions_floor_spawned":[5,7,8,13,14,18,24,27,31,38],"killed_by":"theFactory:DrinkBrewer","ascension_level":0}}