{"host":"n4fty02wqqi95laq","time":1608721649,"event":{"mods":["BaseMod","Highlight Path","Minty Spire (QoL Compilation)","Quick Restart","Rare Cards Sparkle","StSLib"],"gold_per_floor":[365,365,365,385,403,403,72,106,161,161,200,221,221,235,235,331,331,354,151,182,182,206,206,121,121,121,165,178,178,103,103,103,192,192,211,227,117,140,90,129,142,142,142,142,163,194,144,178,178,178,178,178,178,71,110,110],"floor_reached":57,"playtime":2906,"items_purged":["Strike_G","Strike_G","Escape Plan","Blade Dance","Defend_G"],"score":3322,"play_id":"0194cfa2-e505-4efe-b2b6-990dcabaa257","local_time":"20201223190729","is_ascension_mode":true,"campfire_choices":[{"data":"Accuracy","floor":6.0,"key":"SMITH"},{"data":"Tools of the Trade","floor":10.0,"key":"SMITH"},{"data":"Tactician","floor":13.0,"key":"SMITH"},{"data":"Acrobatics","floor":15.0,"key":"SMITH"},{"data":"Calculated Gamble","floor":23.0,"key":"SMITH"},{"data":"Reflex","floor":25.0,"key":"SMITH"},{"data":"Expertise","floor":29.0,"key":"SMITH"},{"data":"Purity","floor":32.0,"key":"SMITH"},{"data":"Footwork","floor":42.0,"key":"SMITH"},{"data":"Acrobatics","floor":44.0,"key":"SMITH"},{"floor":49.0,"key":"RECALL"},{"data":"Backflip","floor":53.0,"key":"SMITH"}],"circlet_count":0,"master_deck":["AscendersBane","Defend_G","Defend_G","Defend_G","Survivor","Neutralize","Accuracy+1","Tactician+1","Tools of the Trade+1","Backflip+1","Grand Finale+1","Reflex+1","Footwork+1","Acrobatics+1","After Image","Calculated Gamble+1","Purity+1","Acrobatics+1","Expertise+1"],"relics":["Ring of the Snake","Golden Idol","Orrery","Regal Pillow","PreservedInsect","Blue Candle","Coffee Dripper","Red Mask","Pear","Smiling Mask","Orichalcum","HoveringKite","Oddly Smooth Stone","FossilizedHelix","Turnip"],"acts_visited":["TheEnding"],"potions_floor_usage":[56,56],"damage_taken":[{"damage":2.0,"enemies":"2 Louse","floor":1.0,"turns":4.0},{"damage":4.0,"enemies":"Jaw Worm","floor":4.0,"turns":6.0},{"damage":1.0,"enemies":"Small Slimes","floor":5.0,"turns":4.0},{"damage":8.0,"enemies":"Gremlin Nob","floor":8.0,"turns":3.0},{"damage":11.0,"enemies":"3 Sentries","floor":11.0,"turns":7.0},{"damage":0.0,"enemies":"3 Louse","floor":12.0,"turns":4.0},{"damage":0.0,"enemies":"2 Fungi Beasts","floor":14.0,"turns":3.0},{"damage":15.0,"enemies":"The Guardian","floor":16.0,"turns":10.0},{"damage":17.0,"enemies":"2 Thieves","floor":18.0,"turns":5.0},{"damage":6.0,"enemies":"Masked Bandits","floor":20.0,"turns":3.0},{"damage":0.0,"enemies":"Spheric Guardian","floor":22.0,"turns":4.0},{"damage":0.0,"enemies":"Book of Stabbing","floor":27.0,"turns":3.0},{"damage":0.0,"enemies":"Centurion and Healer","floor":28.0,"turns":2.0},{"damage":0.0,"enemies":"Champ","floor":33.0,"turns":2.0},{"damage":0.0,"enemies":"3 Shapes","floor":35.0,"turns":2.0},{"damage":4.0,"enemies":"Orb Walker","floor":36.0,"turns":4.0},{"damage":0.0,"enemies":"4 Shapes","floor":38.0,"turns":2.0},{"damage":0.0,"enemies":"Giant Head","floor":40.0,"turns":2.0},{"damage":0.0,"enemies":"Transient","floor":41.0,"turns":2.0},{"damage":0.0,"enemies":"3 Darklings","floor":45.0,"turns":1.0},{"damage":0.0,"enemies":"Mind Bloom Boss Battle","floor":46.0,"turns":2.0},{"damage":0.0,"enemies":"Nemesis","floor":48.0,"turns":1.0},{"damage":36.0,"enemies":"Time Eater","floor":50.0,"turns":6.0},{"damage":0.0,"enemies":"Awakened One","floor":51.0,"turns":2.0},{"damage":0.0,"enemies":"Shield and Spear","floor":55.0,"turns":1.0},{"damage":0,"enemies":"The Heart","floor":56,"turns":5}],"seed_played":"-5295247107558318319","potions_obtained":[{"floor":4.0,"key":"SkillPotion"},{"floor":11.0,"key":"CultistPotion"},{"floor":14.0,"key":"LiquidMemories"},{"floor":16.0,"key":"GamblersBrew"},{"floor":27.0,"key":"LiquidMemories"},{"floor":28.0,"key":"AttackPotion"},{"floor":38.0,"key":"Dexterity Potion"}],"is_trial":false,"path_per_floor":["M","?","?","M","M","R","$","E","T","R","E","M","R","M","R","B",null,"M","$","?","?","M","R","?","R","T","E","M","R","?","?","R","B",null,"M","M","?","M","$","E","M","R","T","R","M","?","$","E","R","B","B",null,"R","$","E","B",null],"character_chosen":"THE_SILENT","items_purchased":["Orrery","Footwork","Purity","BlessingOfTheForge"],"campfire_rested":0,"item_purchase_floors":[7,7,19,54],"current_hp_per_floor":[57,54,47,43,42,42,42,34,34,34,23,23,23,23,23,8,43,26,26,20,20,20,20,30,30,30,30,30,30,30,30,30,30,56,56,52,52,52,52,52,52,52,52,52,52,52,52,52,52,16,16,52,52,52,52,52],"gold":110,"neow_bonus":"TWO_FIFTY_GOLD","is_daily":false,"chose_seed":false,"campfire_upgraded":11,"win_rate":0.0,"timestamp":1608721649,"path_taken":["M","?","?","M","M","R","$","E","T","R","E","M","R","M","R","BOSS","M","$","?","?","M","R","?","R","T","E","M","R","?","?","R","BOSS","M","M","?","M","?","E","?","R","T","R","M","?","$","E","R","BOSS","BOSS","R","$","E","BOSS"],"items_purchased_type":["Relic","Card","Card","Potion"],"build_version":"2020-12-22","purchased_purges":5,"victory":true,"max_hp_per_floor":[60,54,54,54,54,54,54,54,54,54,54,54,54,54,54,54,54,54,54,54,54,54,54,64,64,64,64,64,64,64,64,64,64,64,64,64,64,64,64,64,64,64,64,64,64,64,64,64,64,64,64,64,64,64,64,64],"card_choices":[{"not_picked":["Underhanded Strike","Deflect"],"picked":"Escape Plan","floor":1.0},{"not_picked":["Dodge and Roll","Underhanded Strike"],"picked":"Blade Dance","floor":4.0},{"not_picked":["Bane","Backflip"],"picked":"Accuracy","floor":5.0},{"not_picked":["Outmaneuver","Blade Dance"],"picked":"Tactician","floor":7.0},{"not_picked":["Sucker Punch","Slice"],"picked":"Tools of the Trade","floor":7.0},{"not_picked":["Quick Slash","Underhanded Strike"],"picked":"Backflip","floor":7.0},{"not_picked":["Eviscerate","Slice"],"picked":"Grand Finale","floor":7.0},{"not_picked":["Cloak And Dagger","Calculated Gamble"],"picked":"Reflex","floor":7.0},{"not_picked":["Reflex","Catalyst","Backflip"],"picked":"SKIP","floor":8.0},{"not_picked":["Setup","Dodge and Roll"],"picked":"Acrobatics","floor":11.0},{"not_picked":["Distraction","Quick Slash","Poisoned Stab"],"picked":"SKIP","floor":12.0},{"not_picked":["Dagger Throw","Deflect","Quick Slash"],"picked":"SKIP","floor":14.0},{"not_picked":["Doppelganger","Venomology"],"picked":"After Image","floor":16.0},{"not_picked":["Noxious Fumes","Cloak And Dagger"],"picked":"Calculated Gamble","floor":18.0},{"not_picked":["Blade Dance","Cloak And Dagger"],"picked":"Acrobatics","floor":20.0},{"not_picked":["Riddle With Holes","Bane","Dagger Spray"],"picked":"SKIP","floor":22.0},{"not_picked":["Dagger Spray+1","Grand Finale"],"picked":"Expertise","floor":27.0},{"not_picked":["Acrobatics","Skewer+1","Deadly Poison"],"picked":"SKIP","floor":28.0},{"not_picked":["Escape Plan+1","Masterful Stab","Blade Dance"],"picked":"SKIP","floor":35.0},{"not_picked":["Choke+1","Deadly Poison","Cloak And Dagger+1"],"picked":"SKIP","floor":36.0},{"not_picked":["Reflex","Flechettes","Slice"],"picked":"SKIP","floor":38.0},{"not_picked":["Choke","PiercingWail","Backflip"],"picked":"SKIP","floor":40.0},{"not_picked":["Escape Plan","Underhanded Strike+1","Bouncing Flask"],"picked":"SKIP","floor":41.0},{"not_picked":["Escape Plan","Underhanded Strike+1","Bouncing Flask"],"picked":"SKIP","floor":41.0},{"not_picked":["Escape Plan","Underhanded Strike+1","Bouncing Flask"],"picked":"SKIP","floor":41.0},{"not_picked":["Slice","Cloak And Dagger+1","Underhanded Strike"],"picked":"SKIP","floor":45.0},{"not_picked":["Deadly Poison","Endless Agony","Cloak And Dagger"],"picked":"SKIP","floor":48.0},{"not_picked":["PiercingWail+1","Expertise","Blade Dance"],"picked":"SKIP","floor":55.0}],"player_experience":632578,"relics_obtained":[{"floor":8.0,"key":"Regal Pillow"},{"floor":9.0,"key":"PreservedInsect"},{"floor":11.0,"key":"Blue Candle"},{"floor":20.0,"key":"Red Mask"},{"floor":26.0,"key":"Smiling Mask"},{"floor":27.0,"key":"Orichalcum"},{"floor":40.0,"key":"Oddly Smooth Stone"},{"floor":46.0,"key":"FossilizedHelix"},{"floor":48.0,"key":"Turnip"}],"event_choices":[{"damage_healed":0.0,"max_hp_gain":0.0,"max_hp_loss":6.0,"gold_gain":0.0,"event_name":"Golden Idol","player_choice":"Lose Max HP","floor":2.0,"gold_loss":0.0,"damage_taken":0.0,"relics_obtained":["Golden Idol"]},{"cards_removed":["Strike_G"],"damage_healed":0.0,"max_hp_gain":0.0,"max_hp_loss":0.0,"gold_gain":0.0,"event_name":"Golden Wing","player_choice":"Card Removal","floor":3.0,"gold_loss":0.0,"damage_taken":7.0},{"damage_healed":0.0,"max_hp_gain":0.0,"max_hp_loss":0.0,"gold_gain":0.0,"event_name":"Masked Bandits","player_choice":"Fought Bandits","floor":20.0,"gold_loss":0.0,"damage_taken":0.0},{"damage_healed":0.0,"max_hp_gain":0.0,"max_hp_loss":0.0,"gold_gain":0.0,"event_name":"Cursed Tome","player_choice":"Ignored","floor":21.0,"gold_loss":0.0,"damage_taken":0.0},{"damage_healed":0.0,"max_hp_gain":0.0,"max_hp_loss":0.0,"gold_gain":0.0,"event_name":"Addict","player_choice":"Obtained Relic","floor":24.0,"gold_loss":85.0,"damage_taken":0.0,"relics_obtained":["Pear"]},{"cards_removed":["Strike_G"],"damage_healed":0.0,"max_hp_gain":0.0,"max_hp_loss":0.0,"gold_gain":0.0,"event_name":"Beggar","player_choice":"Gave Gold","floor":30.0,"gold_loss":75.0,"damage_taken":0.0},{"cards_removed":["Strike_G"],"damage_healed":0.0,"max_hp_gain":0.0,"max_hp_loss":0.0,"gold_gain":0.0,"event_name":"Back to Basics","player_choice":"Elegance","floor":31.0,"gold_loss":0.0,"damage_taken":0.0},{"cards_removed":["Defend_G"],"damage_healed":0.0,"max_hp_gain":0.0,"max_hp_loss":0.0,"gold_gain":0.0,"event_name":"Designer","player_choice":"Upgrade and Remove","floor":37.0,"gold_loss":110.0,"damage_taken":0.0,"cards_upgraded":["Grand Finale"]},{"damage_healed":0.0,"max_hp_gain":0.0,"max_hp_loss":0.0,"gold_gain":0.0,"event_name":"MindBloom","player_choice":"Fight","floor":46.0,"gold_loss":0.0,"damage_taken":0.0}],"is_beta":false,"boss_relics":[{"not_picked":["Ectoplasm","Busted Crown"],"picked":"Coffee Dripper"},{"not_picked":["WristBlade","Fusion Hammer"],"picked":"HoveringKite"}],"items_purged_floors":[7,19,39,47,54],"is_endless":false,"potions_floor_spawned":[4,11,14,16,27,28,36,38,41,45],"ascension_level":20}}