{"host":"w5c60nchricmn3zb","time":1608764468,"event":{"mods":["BaseMod","Conspire","Downfall","Duelist Mod","Infinite Spire","Minty Spire (QoL Compilation)","Permanent Neow","Random Character Button","Relic Sorter","Replay The Spire","StSLib","The Bug Knight","The Cursed","The Disciple","The Jungle","The Mystic","The Runesmith","The Wild Card"],"gold_per_floor":[115,115,126,126,126,144,2,2,2,2,76,76,107,124,160,178,178,275,275,291,291,310,310,329,329,341,341,341,341,341,361,176,176,176,276,276,293,293,43,63,63,63,63],"floor_reached":42,"playtime":3436,"items_purged":["Delirium","Parasite"],"score":394,"play_id":"581c3740-1e87-4ddf-a81a-26da53b880b2","local_time":"20201223180108","is_ascension_mode":false,"campfire_choices":[{"data":"mysticmod:MagicWeapon","floor":8,"key":"SMITH"},{"data":"mysticmod:LightningBolt","floor":10,"key":"SMITH"},{"floor":17,"key":"REST"},{"data":"theWildCard:Arsene","floor":25,"key":"SMITH"},{"floor":27,"key":"REST"},{"floor":29,"key":"REST"}],"circlet_count":0,"master_deck":["mysticmod:Strike_Mystic","mysticmod:Strike_Mystic","mysticmod:ArcaneDodge","mysticmod:ShockingGrasp+1","mysticmod:FiveFootStep","mysticmod:LightningBolt+1","mysticmod:Snowball","mysticmod:MagicWeapon+1","mysticmod:SuddenClarity","theWildCard:Arsene+1","mysticmod:Riposte","mysticmod:RapidCaster","mysticmod:Snowball","mysticmod:Discipline","Doubt","mysticmod:Daze+1","Replay:SS_fish_1","mysticmod:BulkUp","mysticmod:CorrosiveTouch","mysticmod:PowerSlash+1","mysticmod:PowerSlash","mysticmod:ComponentsPouch","mysticmod:Haste+1","mysticmod:AllIn+1"],"relics":["mysticmod:SpellBook","Ring of Peace","Ring of Fangs","infinitespire:Bottled Soul","Replay:Towering Pillar of Hats","Anchor","Kintsugi","WingedGreaves","Counterbalance","theJungle:Creamberry","mysticmod:CrystalBall","Lee\u0027s Waffle"],"acts_visited":["Exordium","Exordium","TheBeyond"],"potions_floor_usage":[14,35,35],"damage_taken":[{"damage":0,"enemies":"2 Louse","floor":1,"turns":2},{"damage":0,"enemies":"Small Slimes","floor":3,"turns":5},{"damage":0,"enemies":"Jaw Worm","floor":6,"turns":3},{"damage":18,"enemies":"Replay:BlueRogue","floor":13,"turns":5},{"damage":0,"enemies":"3 Louse","floor":14,"turns":3},{"damage":6,"enemies":"conspire:MimicChest","floor":15,"turns":6},{"damage":12,"enemies":"conspire:2 RoseBushes","floor":16,"turns":4},{"damage":45,"enemies":"The Guardian","floor":18,"turns":9},{"damage":8,"enemies":"theJungle:MUSHROOMGANG","floor":20,"turns":4},{"damage":2,"enemies":"Shell Parasite","floor":22,"turns":4},{"damage":12,"enemies":"theJungle:Lyon","floor":24,"turns":5},{"damage":48,"enemies":"theJungle:Snecko_Cultist_And_Trap","floor":26,"turns":6},{"damage":21,"enemies":"theJungle:SlimyTreeVines","floor":31,"turns":7},{"damage":32,"enemies":"theJungle:QueenSpyder","floor":35,"turns":11},{"damage":33,"enemies":"3 Shapes","floor":37,"turns":6},{"damage":36,"enemies":"Orb Walker","floor":40,"turns":6},{"damage":45,"enemies":"Reptomancer","floor":42,"turns":2}],"seed_played":"-3399937647675427966","potions_obtained":[{"floor":3,"key":"Doom Potion"},{"floor":6,"key":"SneckoOil"},{"floor":13,"key":"Fire Potion"},{"floor":26,"key":"Ancient Potion"}],"is_trial":false,"path_per_floor":["M","?","M","PTL","PTL","M","$","R","?","R","T","?","E","M","?","M","R","B",null,"M","AVR","M","?","M","R","M","R","T","R","?","M","?","?","R","B",null,"M","?","$","M","AVR","E"],"character_chosen":"MYSTIC_CLASS","items_purchased":["mysticmod:MagicWeapon","Lee\u0027s Waffle"],"campfire_rested":3,"item_purchase_floors":[7,39],"current_hp_per_floor":[77,77,77,77,77,77,77,77,77,77,77,77,59,59,53,41,64,19,77,69,69,67,67,55,55,7,30,30,53,53,38,38,38,38,6,77,44,44,81,45,45,0,0],"gold":63,"neow_bonus":"THREE_CARDS","is_daily":false,"chose_seed":false,"campfire_upgraded":3,"win_rate":0.0,"timestamp":1608764468,"path_taken":["M","?","M","PTL","PTL","M","$","R","?","R","T","?","E","?","?","M","R","BOSS","M","AVR","M","?","M","R","?","R","T","R","?","?","?","?","R","BOSS","M","?","$","?","AVR","E"],"items_purchased_type":["Card","Relic"],"build_version":"2020-12-22","purchased_purges":2,"victory":false,"max_hp_per_floor":[77,77,77,77,77,77,77,77,77,77,77,77,77,77,77,77,77,77,77,77,77,77,77,77,77,77,77,77,77,77,77,77,77,77,77,77,77,77,81,81,81,81,81],"card_choices":[{"not_picked":["mysticmod:DiviningBlow","mysticmod:IllusionOfCalm"],"picked":"mysticmod:FiveFootStep","floor":0},{"not_picked":["mysticmod:ComponentsPouch","mysticmod:Sideswipe"],"picked":"mysticmod:LightningBolt","floor":1},{"not_picked":["mysticmod:Shield","mysticmod:TomeOfSpells","mysticmod:SuddenClarity"],"picked":"SKIP","floor":3},{"not_picked":["mysticmod:VorpalThrust","mysticmod:PureInstinct"],"picked":"mysticmod:Snowball","floor":6},{"not_picked":["mysticmod:Grapple","mysticmod:Shield"],"picked":"mysticmod:Riposte","floor":13},{"not_picked":["mysticmod:Probe","mysticmod:Lunge"],"picked":"mysticmod:RapidCaster","floor":14},{"not_picked":["mysticmod:Shield","mysticmod:Sideswipe"],"picked":"mysticmod:Snowball","floor":15},{"not_picked":["mysticmod:Disengage","mysticmod:HeavyStrike","mysticmod:RapidCaster"],"picked":"SKIP","floor":16},{"not_picked":["mysticmod:Doublecast","mysticmod:Lunge"],"picked":"mysticmod:Discipline","floor":18},{"not_picked":["mysticmod:LightningBolt+1","mysticmod:BladeMaster"],"picked":"mysticmod:Daze+1","floor":20},{"not_picked":["mysticmod:VorpalThrust","mysticmod:BladedDash"],"picked":"mysticmod:Fly","floor":22},{"not_picked":["mysticmod:Shield","mysticmod:Fly"],"picked":"mysticmod:CorrosiveTouch","floor":24},{"not_picked":["mysticmod:Grease","mysticmod:BulkUp"],"picked":"mysticmod:PowerSlash+1","floor":26},{"not_picked":["mysticmod:PowerAttack","mysticmod:MightyMagic+1"],"picked":"mysticmod:PowerSlash","floor":31},{"not_picked":["mysticmod:MysticalShield+1","mysticmod:Lunge+1"],"picked":"mysticmod:Haste+1","floor":35},{"not_picked":["mysticmod:PowerSlash","mysticmod:LightningBolt"],"picked":"mysticmod:AllIn+1","floor":37},{"not_picked":["mysticmod:Stoneskin+1","mysticmod:Shield+1","mysticmod:BladeMaster+1"],"picked":"SKIP","floor":40}],"player_experience":151452,"relics_obtained":[{"floor":2,"key":"Ring of Peace"},{"floor":2,"key":"Ring of Fangs"},{"floor":11,"key":"infinitespire:Bottled Soul"},{"floor":13,"key":"Replay:Towering Pillar of Hats"},{"floor":15,"key":"Anchor"},{"floor":28,"key":"WingedGreaves"}],"event_choices":[{"damage_healed":0,"gold_gain":0,"cards_transformed":["mysticmod:Defend_Mystic"],"player_choice":"Change","damage_taken":0,"max_hp_gain":0,"max_hp_loss":0,"event_name":"Living Wall","floor":9,"gold_loss":0,"cards_obtained":["mysticmod:SuddenClarity"]},{"damage_healed":0,"gold_gain":0,"player_choice":"2 cards matched","damage_taken":0,"max_hp_gain":0,"max_hp_loss":0,"event_name":"Match and Keep!","floor":23,"gold_loss":0,"cards_obtained":["Replay:SS_fish_1","mysticmod:BulkUp"]},{"damage_healed":0,"gold_gain":0,"player_choice":"Gave Potion","damage_taken":0,"relics_obtained":["Counterbalance"],"max_hp_gain":0,"max_hp_loss":0,"event_name":"WeMeetAgain","floor":30,"gold_loss":0},{"damage_healed":0,"gold_gain":0,"player_choice":"Leave","damage_taken":0,"max_hp_gain":0,"max_hp_loss":0,"event_name":"conspire:Investor","floor":33,"gold_loss":0},{"damage_healed":0,"gold_gain":0,"player_choice":"Upgraded","damage_taken":0,"max_hp_gain":0,"max_hp_loss":0,"event_name":"Upgrade Shrine","floor":38,"gold_loss":0,"cards_upgraded":["mysticmod:ShockingGrasp"]}],"is_beta":false,"boss_relics":[{"not_picked":["Replay:Bronze Core","Snecko Eye"],"picked":"Kintsugi"},{"not_picked":["conspire:RoyalGoblet","Cursed Key"],"picked":"mysticmod:CrystalBall"}],"items_purged_floors":[7,39],"is_endless":false,"potions_floor_spawned":[3,6,13,14,26,31],"killed_by":"Reptomancer","ascension_level":0}}