{"host":"6gzy6nvr8uokwcne","time":1608692464,"event":{"mods":["2.2 Compatiblity","AchievementEnabler","BaseMod","Downfall","Minty Spire (QoL Compilation)","Quick Restart","StSLib"],"gold_per_floor":[99,113,13,13,571,584,584,605,530,630,669,594,644,644,662,774,774,774,800,800,822,848,355,355,463,463,487,254,274,382,417,438,545,595,520,539,559,573,588,438,464,464,464,131,144,155,166,195,215,215,215,241,7,7,7],"floor_reached":56,"playtime":13334,"items_purged":["Regret"],"score":1251,"play_id":"4cb97ff9-060f-4fb9-a31c-81fb3c24c8f7","local_time":"20201222200104","is_ascension_mode":false,"campfire_choices":[{"data":"hexamod:Sear","floor":1.0,"key":"SMITH"},{"floor":9.0,"key":"RECALL"},{"floor":12.0,"key":"REST"},{"data":"hexamod:HexaLevel","floor":18.0,"key":"SMITH"},{"floor":26.0,"key":"REST"},{"data":"hexamod:TimeOfNeed","floor":35.0,"key":"SMITH"},{"floor":43,"key":"REST"},{"floor":54,"key":"REST"}],"circlet_count":0,"master_deck":["hexamod:Strike+1","hexamod:Strike","hexamod:Strike+1","hexamod:Strike+1","hexamod:Defend+1","hexamod:Defend","hexamod:Defend","hexamod:Defend+1","hexamod:Sear+1","hexamod:Float","hexamod:Firestarter","hexamod:Incineration+1","expansioncontent:AwakenDeath+1","hexamod:RadiantFlame","hexamod:AdvancingGuard","hexamod:StepThrough","hexamod:GhostflameBarrier+1","hexamod:HexaLevel+1","hexamod:EmpoweringStance+1","hexamod:Hexaguard","hexamod:FastForward","hexamod:ShieldOfDarkness+1","hexamod:InspiringFlames","hexamod:PhantomCloak+1","hexamod:DynamicBlow+1","hexamod:NightmareGuise+1","hexamod:SpectersWail+1","hexamod:ExtraCrispy+1","hexamod:TimeOfNeed+1","hexamod:WildfireWeapon","hexamod:RadiantFlame"],"relics":["hexamod:SpiritBrand","Dream Catcher","downfall:HeartBlessingBlue","MealTicket","downfall:HeartBlessingRed","Anchor","hexamod:IceCube","Lizard Tail","Question Card","White Beast Statue","Centennial Puzzle","Incense Burner","hexamod:InflammatoryLetter","StrikeDummy","Tiny House","downfall:HeartBlessingGreen","hexamod:TheBrokenSeal","Matryoshka","Art of War","Happy Flower","Vajra","Regal Pillow","Mummified Hand","Pen Nib"],"acts_visited":["Exordium","TheCity","TheBeyond","TheEnding"],"potions_floor_usage":[40,40,50,50,50,52,52,55,55],"damage_taken":[{"damage":0.0,"enemies":"Cultist","floor":2.0,"turns":3.0},{"damage":0.0,"enemies":"downfall:FleeingMerchant","floor":3.0,"turns":4.0},{"damage":9.0,"enemies":"downfall:FleeingMerchant","floor":5.0,"turns":4.0},{"damage":6.0,"enemies":"2 Louse","floor":6.0,"turns":3.0},{"damage":0.0,"enemies":"Jaw Worm","floor":8.0,"turns":4.0},{"damage":17.0,"enemies":"3 Sentries","floor":11.0,"turns":6.0},{"damage":9.0,"enemies":"3 Louse","floor":15.0,"turns":5.0},{"damage":127.0,"enemies":"downfall:Defect","floor":16.0,"turns":10.0},{"damage":6.0,"enemies":"Shell Parasite","floor":19.0,"turns":6.0},{"damage":2.0,"enemies":"Chosen","floor":21.0,"turns":5.0},{"damage":22.0,"enemies":"Shelled Parasite and Fungi","floor":22.0,"turns":8.0},{"damage":13.0,"enemies":"downfall:FleeingMerchant","floor":23.0,"turns":4.0},{"damage":20.0,"enemies":"downfall:LadyInBlue","floor":25.0,"turns":8.0},{"damage":27.0,"enemies":"Cultist and Chosen","floor":27.0,"turns":8.0},{"damage":0.0,"enemies":"downfall:FleeingMerchant","floor":28.0,"turns":4.0},{"damage":0.0,"enemies":"Chosen and Byrds","floor":29.0,"turns":5.0},{"damage":138.0,"enemies":"Colosseum Nobs","floor":30.0,"turns":10.0},{"damage":97.0,"enemies":"Book of Stabbing","floor":31.0,"turns":9.0},{"damage":71.0,"enemies":"3 Cultists","floor":32.0,"turns":7.0},{"damage":71.0,"enemies":"downfall:Watcher","floor":33.0,"turns":14.0},{"damage":88.0,"enemies":"3 Darklings","floor":36.0,"turns":9.0},{"damage":0.0,"enemies":"Orb Walker","floor":37.0,"turns":5.0},{"damage":21.0,"enemies":"Jaw Worm Horde","floor":38.0,"turns":5.0},{"damage":0,"enemies":"Transient","floor":39,"turns":5},{"damage":4,"enemies":"downfall:FleeingMerchant","floor":40,"turns":4},{"damage":22,"enemies":"Maw","floor":45,"turns":6},{"damage":16,"enemies":"Writhing Mass","floor":46,"turns":5},{"damage":0,"enemies":"Sphere and 2 Shapes","floor":47,"turns":6},{"damage":6,"enemies":"Giant Head","floor":48,"turns":9},{"damage":10,"enemies":"Jaw Worm Horde","floor":49,"turns":6},{"damage":58,"enemies":"downfall:Silent","floor":50,"turns":9},{"damage":128,"enemies":"downfall:CharBossMerchant","floor":52,"turns":12},{"damage":115,"enemies":"downfall:NeowBoss","floor":55,"turns":30}],"seed_played":"3445304356365132554","potions_obtained":[{"floor":6.0,"key":"SpeedPotion"},{"floor":8.0,"key":"ColorlessPotion"},{"floor":15.0,"key":"FearPotion"},{"floor":16.0,"key":"Fire Potion"},{"floor":19.0,"key":"Regen Potion"},{"floor":21.0,"key":"hexamod:DoubleChargePotion"},{"floor":22.0,"key":"LiquidBronze"},{"floor":25.0,"key":"DuplicationPotion"},{"floor":27.0,"key":"EssenceOfSteel"},{"floor":28.0,"key":"AttackPotion"},{"floor":30.0,"key":"SteroidPotion"},{"floor":31.0,"key":"hexamod:EctoCoolerPotion"},{"floor":32.0,"key":"hexamod:DoubleChargePotion"},{"floor":32.0,"key":"Guardian:BlockOnCardUsePotion"},{"floor":33.0,"key":"Fruit Juice"},{"floor":33.0,"key":"hexamod:DoubleChargePotion"},{"floor":34.0,"key":"SmokeBomb"},{"floor":36.0,"key":"CultistPotion"},{"floor":37.0,"key":"Guardian:BlockOnCardUsePotion"},{"floor":39,"key":"Energy Potion"},{"floor":40,"key":"LiquidMemories"},{"floor":45,"key":"DistilledChaos"},{"floor":46,"key":"Energy Potion"},{"floor":52,"key":"PowerPotion"}],"is_trial":false,"path_per_floor":["R","M","$","?","$","M","T","M","R","?","E","R","T","?","M","B",null,"R","M","?","M","M","$","T","?","R","M","$","M","?","E","M","B",null,"R","M","M","M","M","$","T","?","R","?","M","M","M","E","M","B",null,"E","$","R","B",null],"character_chosen":"THE_SPIRIT","items_purchased":["expansioncontent:AwakenDeath","hexamod:FirstSeal","Slimebound:ThreeZeroPotion","Dream Catcher","Lizard Tail","EntropicBrew","hexamod:DynamicBlow","Centennial Puzzle","EntropicBrew","Matryoshka","Art of War","hexamod:RadiantFlame","Pen Nib"],"campfire_rested":4,"item_purchase_floors":[3,5,5,5,23,23,23,28,40,40,40,53,53],"current_hp_per_floor":[77,77,77,77,68,69,69,76,86,86,76,87,87,87,85,32,87,87,87,87,87,87,81,81,61,87,67,87,87,50,27,23,23,92,92,78,78,57,57,68,68,68,100,120,98,82,82,76,66,111,120,17,32,83,45],"gold":7,"neow_bonus":"TEN_PERCENT_HP_BONUS","is_daily":false,"chose_seed":false,"campfire_upgraded":3,"win_rate":0.0,"timestamp":1608692464,"path_taken":["R","M","$","?","$","M","T","?","R","?","E","R","?","?","M","BOSS","R","M","?","M","M","$","T","?","R","?","$","M","?","E","M","BOSS","R","M","M","M","M","$","T","?","R","?","M","M","M","E","M","BOSS","E","$","R","BOSS"],"items_purchased_type":["Card","Card","Potion","Relic","Relic","Potion","Card","Relic","Potion","Relic","Relic","Card","Relic"],"build_version":"2020-12-13","purchased_purges":1,"victory":true,"max_hp_per_floor":[77,77,77,77,77,77,77,77,87,87,87,87,87,87,87,87,87,87,87,87,87,87,87,87,87,87,87,87,87,87,87,87,87,92,92,107,107,107,107,107,107,107,107,120,120,120,120,120,120,120,120,120,120,120,120],"card_choices":[{"not_picked":["hexamod:NightmareStrike","hexamod:BacktrackSmack"],"picked":"hexamod:Firestarter","floor":2.0},{"not_picked":["hexamod:ThermalTransfer","hexamod:GhostShield"],"picked":"hexamod:Incineration","floor":3.0},{"not_picked":["hexamod:ShieldOfDarkness","hexamod:RetreatToShadows"],"picked":"hexamod:ThirdSeal","floor":5.0},{"not_picked":["hexamod:FastForward","hexamod:PhantomFireball"],"picked":"hexamod:SecondSeal","floor":6.0},{"not_picked":["hexamod:RainOfEmbers","hexamod:Again"],"picked":"hexamod:RadiantFlame","floor":6.0},{"not_picked":["hexamod:HauntingEcho","hexamod:NecessarySacrifice"],"picked":"hexamod:AdvancingGuard","floor":8.0},{"not_picked":["hexamod:ThirdSeal","hexamod:SpectralAdrenaline","hexamod:HauntingEcho"],"picked":"SKIP","floor":8.0},{"not_picked":["hexamod:SpectersWail","hexamod:GhostShield"],"picked":"hexamod:StepThrough","floor":11.0},{"not_picked":["hexamod:AdvancingGuard","hexamod:EtherealExpedition"],"picked":"hexamod:GhostflameBarrier","floor":12.0},{"not_picked":["hexamod:NightmareGuise","hexamod:RainOfEmbers"],"picked":"hexamod:HexaLevel","floor":15.0},{"not_picked":["hexamod:GhostOfSpirePresent","hexamod:HeatCrush"],"picked":"hexamod:FourthSeal","floor":15.0},{"not_picked":["hexamod:TurnItUp","hexamod:HexaLevel"],"picked":"hexamod:EmpoweringStance","floor":16.0},{"not_picked":["hexamod:Incineration","hexamod:SpectersWail"],"picked":"hexamod:Hexaguard","floor":19.0},{"not_picked":["hexamod:BurningTouch+1","hexamod:SpectersWail"],"picked":"hexamod:FastForward","floor":19.0},{"not_picked":["hexamod:GhostLash","hexamod:RainOfEmbers"],"picked":"hexamod:ShieldOfDarkness","floor":21.0},{"not_picked":["hexamod:ShieldOfDarkness+1","hexamod:BurningTouch+1"],"picked":"hexamod:InspiringFlames","floor":21.0},{"not_picked":["hexamod:EtherealExpedition+1","hexamod:EmpoweredFlame"],"picked":"hexamod:PhantomCloak","floor":22.0},{"not_picked":["hexamod:GhostflameBarrier","hexamod:FourthSeal","hexamod:GhostOfSpirePresent+1"],"picked":"SKIP","floor":22.0},{"not_picked":["hexamod:EmpoweredFlame","hexamod:BurningTouch+1"],"picked":"hexamod:SixthSeal","floor":23.0},{"not_picked":["hexamod:ChargedBarrage","hexamod:RainOfEmbers","hexamod:GhostflameBarrier"],"picked":"hexamod:NightmareGuise","floor":25.0},{"not_picked":["hexamod:FastForward","hexamod:AdvancingGuard","hexamod:BurningTouch"],"picked":"hexamod:SpectersWail","floor":25.0},{"not_picked":["hexamod:HauntingEcho","hexamod:BacktrackSmack+1","hexamod:Firestarter","hexamod:HeatShield"],"picked":"SKIP","floor":27.0},{"not_picked":["hexamod:SoulSteal","hexamod:ShieldOfDarkness","hexamod:GhostflameBarrier","hexamod:SpectersWail"],"picked":"SKIP","floor":27.0},{"not_picked":["hexamod:FirstSeal","hexamod:FastForward","hexamod:PhantomFireball","hexamod:BacktrackSmack+1"],"picked":"SKIP","floor":28.0},{"not_picked":["hexamod:ParanormalForm","hexamod:InspiringFlames","hexamod:Haunt","hexamod:FirstSeal"],"picked":"SKIP","floor":28.0},{"not_picked":["hexamod:FastForward+1","hexamod:ChargedBarrage+1","hexamod:NightmareStrike","hexamod:StepThrough+1"],"picked":"SKIP","floor":29.0},{"not_picked":["hexamod:InspiringFlames+1","hexamod:Again","hexamod:HeatCrush","hexamod:Haunt"],"picked":"SKIP","floor":29.0},{"not_picked":["hexamod:FirstSeal","hexamod:CatchUp","hexamod:AdvancingGuard+1"],"picked":"hexamod:ExtraCrispy+1","floor":30.0},{"not_picked":["hexamod:ThermalTransfer+1","hexamod:SecondSeal","hexamod:PhantomFireball"],"picked":"hexamod:TimeOfNeed","floor":31.0},{"not_picked":["hexamod:Haunt","hexamod:TurnItUp","hexamod:FastForward","hexamod:SoulSteal"],"picked":"SKIP","floor":31.0},{"not_picked":["hexamod:NightmareGuise","hexamod:Haunt","hexamod:Hexaguard+1","hexamod:EmpoweredFlame+1"],"picked":"SKIP","floor":32.0},{"not_picked":["hexamod:NightmareStrike","hexamod:FourthSeal","hexamod:InspiringFlames","hexamod:SoulSteal+1"],"picked":"SKIP","floor":32.0},{"not_picked":["hexamod:ParanormalForm","hexamod:SixthSeal","hexamod:HexaLevel"],"picked":"hexamod:WildfireWeapon","floor":33.0},{"not_picked":["hexamod:EmpoweringStance","hexamod:SixthSeal","hexamod:CrushingStance"],"picked":"hexamod:FifthSeal","floor":33.0},{"not_picked":["hexamod:AdvancingGuard","hexamod:ThermalTransfer","hexamod:HauntingEcho+1","hexamod:SecondSeal"],"picked":"SKIP","floor":36.0},{"not_picked":["hexamod:HeatMetal+1","hexamod:BurningTouch+1","hexamod:PhantomCloak+1","hexamod:NightmareGuise"],"picked":"SKIP","floor":37.0},{"not_picked":["hexamod:GhostOfSpireFuture+1","hexamod:BacktrackSmack","hexamod:Incineration","hexamod:ShieldOfDarkness"],"picked":"SKIP","floor":38.0},{"not_picked":["hexamod:EmpoweredFlame","hexamod:CrushingStance","hexamod:RainOfEmbers+1","hexamod:SpectralAdrenaline"],"picked":"SKIP","floor":39},{"not_picked":["hexamod:NightmareStrike","hexamod:HeatMetal+1","hexamod:Hexaguard","hexamod:FifthSeal"],"picked":"SKIP","floor":40},{"not_picked":["hexamod:InspiringFlames+1","hexamod:Firestarter","hexamod:CrushingStance","hexamod:GhostLash+1"],"picked":"SKIP","floor":45},{"not_picked":["hexamod:SoulSteal","hexamod:NightmareGuise+1","hexamod:NightmareStrike","hexamod:Rewind+1"],"picked":"SKIP","floor":46},{"not_picked":["hexamod:ShieldOfDarkness+1","hexamod:GhostLash+1","hexamod:NightmareGuise","hexamod:BurningTouch"],"picked":"SKIP","floor":47},{"not_picked":["hexamod:DynamicBlow","hexamod:BacktrackSmack+1","hexamod:GhostShield","hexamod:UnleashSpirits"],"picked":"SKIP","floor":48},{"not_picked":["hexamod:BurningTouch","hexamod:PhantomFireball+1","hexamod:AdvancingGuard","hexamod:StepThrough+1"],"picked":"SKIP","floor":49},{"not_picked":["hexamod:BurningTouch","hexamod:SwordOfDarkness+1","hexamod:NightmareGuise","hexamod:GhostShield+1"],"picked":"SKIP","floor":52}],"player_experience":423349,"relics_obtained":[{"floor":11.0,"key":"MealTicket"},{"floor":13.0,"key":"Anchor"},{"floor":24.0,"key":"Question Card"},{"floor":25.0,"key":"White Beast Statue"},{"floor":30.0,"key":"Incense Burner"},{"floor":30.0,"key":"hexamod:InflammatoryLetter"},{"floor":31.0,"key":"StrikeDummy"},{"floor":41,"key":"Happy Flower"},{"floor":41,"key":"Vajra"},{"floor":48,"key":"Regal Pillow"},{"floor":52,"key":"Mummified Hand"}],"event_choices":[{"damage_healed":0.0,"max_hp_gain":0.0,"max_hp_loss":0.0,"gold_gain":0.0,"event_name":"Upgrade Shrine","player_choice":"Upgraded","floor":4.0,"gold_loss":0.0,"damage_taken":0.0,"cards_upgraded":["expansioncontent:AwakenDeath"]}],"is_beta":false,"boss_relics":[{"not_picked":["Astrolabe","Ectoplasm"],"picked":"hexamod:IceCube"},{"not_picked":["Snecko Eye","Runic Dome"],"picked":"Tiny House"}],"items_purged_floors":[28],"is_endless":false,"potions_floor_spawned":[6,8,15,27,28,29,32,33,36,37,38,39,40,45,46,47,48,49,52],"ascension_level":0}}