{"host":"3jjxuhjpio8e4zkv","time":1608754410,"event":{"mods":["BaseMod","Colored Map","Minty Spire (QoL Compilation)","Permanent Neow","Relic Stats","StSLib"],"gold_per_floor":[112,126,126,139,152,152,183,196,196,196,207,536,548,207,207,304,304,315,328,343,33,33,33,66,66,121,159,171,183,206,234,246,357,369,400,429,456,468,88,88,104,116,140,167,15,44,59,59,59],"floor_reached":48,"playtime":1704,"items_purged":["Strike_B","Strike_B","Storm+1"],"score":623,"play_id":"d03cafc7-dce0-46a8-bd6e-750c268cc771","local_time":"20201223151330","is_ascension_mode":true,"campfire_choices":[{"data":"Defragment","floor":6.0,"key":"SMITH"},{"data":"Electrodynamics","floor":10.0,"key":"SMITH"},{"data":"Storm","floor":15.0,"key":"SMITH"},{"data":"Amplify","floor":23.0,"key":"SMITH"},{"floor":25.0,"key":"REST"},{"floor":29,"key":"REST"},{"data":"Storm","floor":32,"key":"SMITH"},{"data":"Reinforced Body","floor":40,"key":"SMITH"}],"circlet_count":0,"master_deck":["Defend_B","Defend_B","Defend_B","Defend_B","Zap","Dualcast","Electrodynamics+1","Reinforced Body+1","Ball Lightning","Defragment+1","Force Field","Storm+1","Hologram","Loop+1","Skim","Loop+1","Master of Strategy","Amplify+1","CurseOfTheBell","Genetic Algorithm+1","Lockon+1","Storm+1","Ball Lightning+1","Hologram","Turbo","Go for the Eyes+1","Capacitor+1","Machine Learning+1","Coolheaded","Biased Cognition+1","Conserve Battery+1","Echo Form+1","Steam Power","Force Field","Reinforced Body+1"],"relics":["Cracked Core","Ginger","Strawberry","Frozen Egg 2","Old Coin","Calling Bell","MealTicket","Molten Egg 2","StoneCalendar","Blood Vial","Lantern","MawBank","Inserter","DataDisk","Bronze Scales","DollysMirror","Art of War"],"acts_visited":["Exordium","TheCity","TheBeyond"],"potions_floor_usage":[33,33,33,33,33,37,41,44,44,44,48],"damage_taken":[{"damage":1.0,"enemies":"Jaw Worm","floor":1.0,"turns":3.0},{"damage":7.0,"enemies":"2 Louse","floor":2.0,"turns":2.0},{"damage":0.0,"enemies":"Cultist","floor":4.0,"turns":3.0},{"damage":2.0,"enemies":"Blue Slaver","floor":5.0,"turns":3.0},{"damage":6.0,"enemies":"Lagavulin","floor":7.0,"turns":5.0},{"damage":0.0,"enemies":"2 Fungi Beasts","floor":8.0,"turns":3.0},{"damage":0.0,"enemies":"Looter","floor":11.0,"turns":4.0},{"damage":6.0,"enemies":"3 Sentries","floor":12.0,"turns":3.0},{"damage":0.0,"enemies":"3 Louse","floor":13.0,"turns":1.0},{"damage":11.0,"enemies":"The Guardian","floor":16.0,"turns":7.0},{"damage":14.0,"enemies":"Shell Parasite","floor":18.0,"turns":5.0},{"damage":10.0,"enemies":"Chosen","floor":19.0,"turns":4.0},{"damage":7.0,"enemies":"3 Cultists","floor":20.0,"turns":4.0},{"damage":35.0,"enemies":"Gremlin Leader","floor":24.0,"turns":4.0},{"damage":12.0,"enemies":"Book of Stabbing","floor":27.0,"turns":3.0},{"damage":0,"enemies":"Cultist and Chosen","floor":30,"turns":3},{"damage":6,"enemies":"Centurion and Healer","floor":31,"turns":3},{"damage":14,"enemies":"Automaton","floor":33,"turns":4},{"damage":18,"enemies":"3 Shapes","floor":35,"turns":4},{"damage":10,"enemies":"Orb Walker","floor":36,"turns":3},{"damage":3,"enemies":"4 Shapes","floor":37,"turns":3},{"damage":35,"enemies":"Sphere and 2 Shapes","floor":41,"turns":4},{"damage":17,"enemies":"3 Darklings","floor":42,"turns":3},{"damage":14,"enemies":"Nemesis","floor":44,"turns":5},{"damage":4,"enemies":"Giant Head","floor":46,"turns":5},{"damage":0,"enemies":"Transient","floor":47,"turns":5},{"damage":25,"enemies":"Jaw Worm Horde","floor":48,"turns":1}],"seed_played":"8803424603398739386","potions_obtained":[{"floor":1.0,"key":"CultistPotion"},{"floor":2.0,"key":"Strength Potion"},{"floor":5.0,"key":"SpeedPotion"},{"floor":13.0,"key":"BlessingOfTheForge"},{"floor":18.0,"key":"EntropicBrew"},{"floor":20.0,"key":"LiquidBronze"},{"floor":24.0,"key":"Block Potion"},{"floor":31,"key":"Swift Potion"},{"floor":36,"key":"Block Potion"},{"floor":37,"key":"Fruit Juice"},{"floor":41,"key":"LiquidMemories"},{"floor":42,"key":"SpeedPotion"},{"floor":47,"key":"Explosive Potion"}],"is_trial":false,"path_per_floor":["M","M","?","M","M","R","E","M","T","R","M","E","M","$","R","B",null,"M","M","M","$","?","R","E","R","T","E","?","R","M","M","R","B",null,"M","M","M","?","$","R","M","M","T","E","$","E","M","M"],"character_chosen":"DEFECT","items_purchased":["Loop+1","Master of Strategy","Storm+1","Blood Vial","Echo Form+1","DataDisk","Block Potion","DollysMirror"],"campfire_rested":2,"item_purchase_floors":[14,14,21,21,39,39,39,45],"current_hp_per_floor":[67,60,53,53,51,51,52,52,52,52,52,46,46,46,46,35,75,61,51,44,59,59,59,26,48,48,38,24,48,50,46,46,34,80,62,54,53,45,60,60,32,17,17,5,20,18,20,0,0],"gold":59,"neow_bonus":"THREE_RARE_CARDS","is_daily":false,"chose_seed":false,"campfire_upgraded":6,"win_rate":0.0,"timestamp":1608754410,"path_taken":["M","M","?","M","M","R","E","M","T","R","M","E","M","$","R","BOSS","M","M","M","$","?","R","E","R","T","E","?","R","M","M","R","BOSS","M","M","M","?","$","R","?","M","T","E","$","E","M","M"],"items_purchased_type":["Card","Card","Card","Relic","Card","Relic","Potion","Relic"],"build_version":"2020-12-22","purchased_purges":3,"victory":false,"max_hp_per_floor":[68,68,68,68,68,68,75,75,75,75,75,75,75,75,75,75,75,75,75,75,75,75,75,75,75,75,75,80,80,80,80,80,80,80,80,80,80,80,80,80,85,85,85,85,85,85,85,85,85],"relic_stats":{"Blood Vial":26,"Inserter":[15],"counters":[27,94],"Bronze Scales":[27],"MealTicket":45,"StoneCalendar":[0],"Art of War":[1],"Ginger":[6],"MawBank":156,"obtain_stats":[{"Lantern":24,"Inserter":34,"StoneCalendar":17,"Ginger":3,"Frozen Egg 2":9,"MawBank":26,"Old Coin":12,"Calling Bell":17,"Blood Vial":21,"DataDisk":39,"DollysMirror":45,"Strawberry":7,"Bronze Scales":44,"MealTicket":17,"Molten Egg 2":17,"Art of War":46,"Cracked Core":0},{"Lantern":14,"Inserter":18,"StoneCalendar":10,"Ginger":2,"Frozen Egg 2":6,"MawBank":14,"Old Coin":8,"Calling Bell":10,"Blood Vial":13,"DataDisk":21,"DollysMirror":24,"Strawberry":5,"Bronze Scales":24,"MealTicket":10,"Molten Egg 2":10,"Art of War":25,"Cracked Core":0},{"Lantern":49,"Inserter":62,"StoneCalendar":33,"Ginger":5,"Frozen Egg 2":19,"MawBank":49,"Old Coin":26,"Calling Bell":33,"Blood Vial":45,"DataDisk":71,"DollysMirror":83,"Strawberry":16,"Bronze Scales":83,"MealTicket":33,"Molten Egg 2":33,"Art of War":88,"Cracked Core":0}]},"card_choices":[{"not_picked":["Reboot","Rainbow"],"picked":"Electrodynamics","floor":0.0},{"not_picked":["Reprogram","Fusion"],"picked":"Reinforced Body","floor":1.0},{"not_picked":["Leap","Gash"],"picked":"Ball Lightning","floor":2.0},{"not_picked":["Redo","Tempest"],"picked":"Defragment","floor":4.0},{"not_picked":["Redo","Conserve Battery"],"picked":"Force Field","floor":5.0},{"not_picked":["BootSequence","Hyperbeam"],"picked":"Storm","floor":7.0},{"not_picked":["Go for the Eyes","Steam"],"picked":"Storm","floor":8.0},{"not_picked":["Gash","Go for the Eyes"],"picked":"Hologram","floor":11.0},{"not_picked":["Recycle","All For One"],"picked":"Loop+1","floor":12.0},{"not_picked":["Fusion","Sweeping Beam"],"picked":"Skim","floor":13.0},{"not_picked":["Hyperbeam","Reboot"],"picked":"Amplify","floor":16.0},{"not_picked":["Compile Driver+1","Skim"],"picked":"Genetic Algorithm+1","floor":18.0},{"not_picked":["Aggregate","Recycle"],"picked":"Lockon+1","floor":19.0},{"not_picked":["Gash+1","Stack","Coolheaded"],"picked":"SKIP","floor":20.0},{"not_picked":["Ball Lightning+1","Reinforced Body"],"picked":"Turbo","floor":24.0},{"not_picked":["Reboot","Streamline+1","Rebound+1"],"picked":"SKIP","floor":27},{"not_picked":["Cold Snap+1","Conserve Battery"],"picked":"Go for the Eyes+1","floor":30},{"not_picked":["Coolheaded+1","Steam+1"],"picked":"Capacitor+1","floor":31},{"not_picked":["Seek","Fission"],"picked":"Machine Learning+1","floor":33},{"not_picked":["Leap","Ball Lightning+1"],"picked":"Coolheaded","floor":35},{"not_picked":["Leap","Turbo+1"],"picked":"Biased Cognition+1","floor":36},{"not_picked":["Steam Power","Tempest+1"],"picked":"Conserve Battery+1","floor":37},{"not_picked":["Turbo","Streamline+1"],"picked":"Steam Power","floor":41},{"not_picked":["Compile Driver+1","Barrage+1","Conserve Battery"],"picked":"SKIP","floor":42},{"not_picked":["Coolheaded+1","Sunder+1"],"picked":"Force Field","floor":44},{"not_picked":["FTL+1","Chaos","Auto Shields"],"picked":"SKIP","floor":46},{"not_picked":["FTL+1","Chaos","Auto Shields"],"picked":"SKIP","floor":46},{"not_picked":["Rebound+1","Doom and Gloom+1","Steam"],"picked":"SKIP","floor":47},{"not_picked":["Rebound+1","Doom and Gloom+1","Steam"],"picked":"SKIP","floor":47}],"player_experience":1105175,"relics_obtained":[{"floor":7.0,"key":"Strawberry"},{"floor":9.0,"key":"Frozen Egg 2"},{"floor":12.0,"key":"Old Coin"},{"floor":17.0,"key":"MealTicket"},{"floor":17.0,"key":"Molten Egg 2"},{"floor":17.0,"key":"StoneCalendar"},{"floor":24.0,"key":"Lantern"},{"floor":26.0,"key":"MawBank"},{"floor":44,"key":"Bronze Scales"},{"floor":46,"key":"Art of War"}],"event_choices":[{"damage_healed":0.0,"max_hp_gain":0.0,"max_hp_loss":0.0,"gold_gain":0.0,"event_name":"Scrap Ooze","player_choice":"Success","floor":3.0,"gold_loss":0.0,"damage_taken":7.0,"relics_obtained":["Ginger"]},{"damage_healed":0.0,"max_hp_gain":0.0,"max_hp_loss":0.0,"gold_gain":0.0,"cards_transformed":["Strike_B","Strike_B"],"event_name":"Drug Dealer","player_choice":"Became Test Subject","floor":22.0,"gold_loss":0.0,"damage_taken":0.0,"cards_obtained":["Ball Lightning","Hologram"]},{"damage_healed":0,"gold_gain":0,"player_choice":"Shed Blood","damage_taken":19,"max_hp_gain":5,"max_hp_loss":0,"event_name":"Forgotten Altar","floor":28,"gold_loss":0},{"damage_healed":0,"gold_gain":0,"player_choice":"Damaged","damage_taken":8,"max_hp_gain":0,"max_hp_loss":0,"event_name":"Wheel of Change","floor":38,"gold_loss":0}],"is_beta":false,"boss_relics":[{"not_picked":["Philosopher\u0027s Stone","Coffee Dripper"],"picked":"Calling Bell"},{"not_picked":["Cursed Key","Runic Dome"],"picked":"Inserter"}],"items_purged_floors":[14,21,39],"is_endless":false,"potions_floor_spawned":[1,2,5,13,18,19,20,24,31,36,37,41,42,47],"killed_by":"Jaw Worm Horde","ascension_level":1}}