{"host":"88gj1a6q1iuldet9","time":1608695481,"event":{"mods":["Act Like it!","BaseMod","BetterRewards","Conspire","Downfall","Energized Spire","Gensokyo","GungeonMod","Hubris","KomeijiMod","Magitek Elite","Minty Spire (QoL Compilation)","Quick Restart","Reimu??????","Replay The Spire","Robot Space Explorer","Shop Mod","StSLib","The Clintock","The Dragon Tamer","The Hayseed","The Judge","The Mystic","The Necromancer","The Problem Sleuth","The Runesmith","The Sage","The Vixen","TheArtist","Wandering Minibosses"],"gold_per_floor":[116,134,151,151,165,200,200,217,217,237,250,250,250],"floor_reached":12,"playtime":2440,"items_purged":[],"score":84,"play_id":"dcbdbe25-df7d-41fe-9dc2-486a19a2f901","local_time":"20201222225121","is_ascension_mode":false,"campfire_choices":[],"circlet_count":0,"master_deck":["Strike_Lin:ReiMu","Strike_Lin:ReiMu","Strike_Lin:ReiMu","Strike_Lin:ReiMu","Defend_Lin:ReiMu","Defend_Lin:ReiMu","Defend_Lin:ReiMu","Defend_Lin:ReiMu","NB:ReiMu","Stagnation:ReiMu","Conquer:ReiMu","Amulet:ReiMu","LovePray:ReiMu","OrbThrow:ReiMu","AirManeuver:ReiMu","Crusade:ReiMu","CardOfSanctity:ReiMu","SealNeedle:ReiMu"],"relics":["FlyPower:ReiMu","NeowsBlessing","hubris:Towel","hubris:64BitClover","Orichalcum"],"acts_visited":["Exordium"],"potions_floor_usage":[12],"damage_taken":[{"damage":0,"enemies":"2 Louse","floor":1,"turns":1},{"damage":0,"enemies":"Jaw Worm","floor":2,"turns":1},{"damage":0,"enemies":"Cultist","floor":3,"turns":1},{"damage":0,"enemies":"2 Fungi Beasts","floor":5,"turns":4},{"damage":33,"enemies":"Gremlin Nob","floor":6,"turns":6},{"damage":2,"enemies":"Exordium Thugs","floor":8,"turns":4},{"damage":1,"enemies":"3 Louse","floor":10,"turns":4},{"damage":6,"enemies":"Large Slime","floor":11,"turns":10},{"damage":32,"enemies":"Lagavulin","floor":12,"turns":5}],"seed_played":"5605177208321463965","potions_obtained":[{"floor":6,"key":"sagemod:Wine"},{"floor":8,"key":"Venom Potion"},{"floor":11,"key":"BottledKami:ReiMu"}],"is_trial":false,"path_per_floor":["M","M","M","?","M","E","?","M","T","M","M","E"],"character_chosen":"REIMU","items_purchased":[],"campfire_rested":0,"item_purchase_floors":[],"current_hp_per_floor":[65,65,65,65,65,32,32,30,30,29,23,0,0],"gold":250,"neow_bonus":"THREE_ENEMY_KILL","is_daily":false,"chose_seed":false,"campfire_upgraded":0,"win_rate":0.0,"timestamp":1608695481,"path_taken":["M","M","M","?","M","E","?","M","T","?","M","E"],"items_purchased_type":[],"build_version":"2020-12-13","purchased_purges":0,"victory":false,"max_hp_per_floor":[65,65,65,65,65,65,65,65,65,65,65,65,65],"card_choices":[{"not_picked":["SafetyPray:ReiMu","RainPray2:ReiMu"],"picked":"Conquer:ReiMu","floor":1},{"not_picked":["Meditation:ReiMu","TightArray:ReiMu"],"picked":"Amulet:ReiMu","floor":2},{"not_picked":["CareerPray:ReiMu","AlertArray:ReiMu"],"picked":"LovePray:ReiMu","floor":3},{"not_picked":["LearningPray:ReiMu","EmergencyTakeOff:ReiMu"],"picked":"OrbThrow:ReiMu","floor":5},{"not_picked":["Meditation:ReiMu","NineCharacters:ReiMu"],"picked":"AirManeuver:ReiMu","floor":6},{"not_picked":["Meditation:ReiMu","Enchanting:ReiMu"],"picked":"Crusade:ReiMu","floor":8},{"not_picked":["ManaGlint:ReiMu","Enchanting:ReiMu"],"picked":"CardOfSanctity:ReiMu","floor":10},{"not_picked":["Amulet:ReiMu","Intuition:ReiMu"],"picked":"SealNeedle:ReiMu","floor":11}],"player_experience":893186,"relics_obtained":[{"floor":6,"key":"hubris:64BitClover"},{"floor":9,"key":"Orichalcum"}],"event_choices":[{"damage_healed":0,"gold_gain":0,"player_choice":"Ignored","damage_taken":0,"max_hp_gain":0,"max_hp_loss":0,"event_name":"NoteForYourself","floor":7,"gold_loss":0}],"is_beta":false,"boss_relics":[],"items_purged_floors":[],"is_endless":false,"potions_floor_spawned":[6,8,11],"killed_by":"Lagavulin","ascension_level":0}}