{"host":"0gy90rl0ccnvdufw","time":1608701915,"event":{"mods":["AchievementEnabler","Act Like it!","Aspiration","Bard","BaseMod","Better Third Choice","Better Vampires","BetterRewards","ChefMod","Colored Map","Colored Powertips","Conspire","Decade(???)","Downfall","Ekko","Gensokyo","GungeonMod","Halation","Hubris","Infinite Spire","Jedi Mod","KomeijiMod","Luminous","Minty Spire (QoL Compilation)","Quick Restart","Rare Cards Sparkle","Replay The Spire","Robot Space Explorer","StSLib","SuperFastMode","The Cursed","The Disciple","The Dragon Tamer","The Forsaken","The Jungle","[IsaacMod]????","??????REMEMod"],"gold_per_floor":[111,122,122,133,133,133,159,177,226,226,258,298,313,313,313,397,397],"floor_reached":16,"playtime":393,"items_purged":[],"score":104,"play_id":"f88b3e13-4a96-4866-a1be-7746acffa729","local_time":"20201222233835","is_ascension_mode":false,"campfire_choices":[{"data":"RobotSpaceExplorer:Comet","floor":6,"key":"SMITH"},{"data":"DemoMod:StickyCrossBow","floor":10,"key":"SMITH"},{"floor":15,"key":"REST"}],"circlet_count":0,"master_deck":["DemoMod:Strike_Huntress","DemoMod:Strike_Huntress","DemoMod:Strike_Huntress","DemoMod:Defend_Huntress","DemoMod:Defend_Huntress","DemoMod:Defend_Huntress","DemoMod:Defend_Huntress","DemoMod:Roll","DemoMod:ManualReload","DemoMod:RustySidearm","DemoMod:CrossBow","RobotSpaceExplorer:Comet+1","DemoMod:CombinedRifle","DemoMod:StickyCrossBow+1","DemoMod:BSG","DemoMod:TripleGun"],"relics":["DemoMod:Dog","REME_ComplimentaryCards","HushsDoor","SalivaCoin","NeowsBlessing","Potion Belt","Unceasing Top","Mirror"],"acts_visited":["Exordium"],"potions_floor_usage":[16,16,16],"damage_taken":[{"damage":0.0,"enemies":"Cultist","floor":1.0,"turns":1.0},{"damage":0.0,"enemies":"2 Louse","floor":2.0,"turns":1.0},{"damage":0,"enemies":"Jaw Worm","floor":4,"turns":1},{"damage":1,"enemies":"Blue Slaver","floor":7,"turns":4},{"damage":4,"enemies":"Looter","floor":8,"turns":3},{"damage":14,"enemies":"Lots of Slimes","floor":11,"turns":3},{"damage":26,"enemies":"Lagavulin","floor":12,"turns":5},{"damage":0,"enemies":"Large Slime","floor":13,"turns":3},{"damage":51,"enemies":"Hexaghost","floor":16,"turns":7}],"seed_played":"-6987428958514052518","potions_obtained":[{"floor":2.0,"key":"sneckomod:MuddlingPotion"},{"floor":8,"key":"SteroidPotion"},{"floor":11,"key":"LiquidMemories"},{"floor":12,"key":"PowerPotion"}],"is_trial":false,"path_per_floor":["M","M","?","M","$","R","M","M","T","R","M","E","M","T","R","B"],"character_chosen":"HUNTRESS","items_purchased":[],"campfire_rested":1,"item_purchase_floors":[],"current_hp_per_floor":[70,70,70,70,70,70,69,65,65,65,51,25,25,25,46,0,0],"gold":397,"neow_bonus":"THREE_ENEMY_KILL","is_daily":false,"chose_seed":false,"campfire_upgraded":2,"win_rate":0.0,"timestamp":1608701915,"path_taken":["M","?","?","?","$","R","M","?","T","R","M","E","M","?","R","BOSS"],"items_purchased_type":[],"build_version":"2020-12-22","purchased_purges":0,"victory":false,"max_hp_per_floor":[70,70,70,70,70,70,70,70,70,70,70,70,70,70,70,70,70],"card_choices":[{"not_picked":["DemoMod:Ejector","DemoMod:SkilledReload","DemoMod:ConditionalReflex"],"picked":"SKIP","floor":1.0},{"not_picked":["DemoMod:Ejector","DemoMod:TeaPot","DemoMod:FortunesFavor"],"picked":"SKIP","floor":2.0},{"not_picked":["DemoMod:FastSwitch","DemoMod:Camera"],"picked":"DemoMod:CombinedRifle","floor":4},{"not_picked":["DemoMod:FastSwitch","DemoMod:Purify","DemoMod:HardPowerCard"],"picked":"SKIP","floor":4},{"not_picked":["DemoMod:SkilledReload","DemoMod:HungryBullets","DemoMod:FortunesFavor"],"picked":"SKIP","floor":7},{"not_picked":["DemoMod:ConditionalReflex","DemoMod:MachoBrace"],"picked":"DemoMod:StickyCrossBow","floor":8},{"not_picked":["DemoMod:BoxingGlove","DemoMod:ConditionalReflex","DemoMod:StickyCrossBow"],"picked":"SKIP","floor":11},{"not_picked":["DemoMod:Polaris","DemoMod:HighKaliber"],"picked":"DemoMod:BSG","floor":12},{"not_picked":["DemoMod:SAA","DemoMod:MegaHand"],"picked":"DemoMod:TripleGun","floor":13}],"player_experience":317620,"relics_obtained":[{"floor":9,"key":"Potion Belt"},{"floor":12,"key":"Unceasing Top"},{"floor":14,"key":"Mirror"}],"event_choices":[{"damage_healed":0,"gold_gain":0,"player_choice":"Ignored","damage_taken":0,"max_hp_gain":0,"max_hp_loss":0,"event_name":"Purifier","floor":3,"gold_loss":0}],"is_beta":false,"boss_relics":[],"items_purged_floors":[],"is_endless":false,"potions_floor_spawned":[2,8,11,12],"killed_by":"Hexaghost","ascension_level":0}}