{"host":"4kbqeuw4a1wt9r2z","time":1608757288,"event":{"mods":["Act Like it!","Aspiration","Astrologer","Bard","BaseMod","Chen","Conspire","Downfall","Duelist Mod","Gensokyo","GifTheSpireLib","Googly Eyes","Hallownest","Hermit","Hubris","Koishi","Marisa????????","Minty Spire (QoL Compilation)","Reimu??????","Replay The Spire","SOS???????","StSLib","The Bug Knight","The Construct","The Cursed","The Disciple","The Forsaken","The Gatherer","The Hierophant","The Kombatant","The Necromancer","The Runesmith","The Senshi","The Servant 0.9.4","The Wild Card"],"gold_per_floor":[118,129,145,54,54,54,94,94],"floor_reached":7,"playtime":269,"items_purged":[],"score":51,"play_id":"e5e04f1f-5426-4ac1-be6b-6e1687976d9b","local_time":"20201224000128","is_ascension_mode":false,"campfire_choices":[{"data":"BiteCommand","floor":6,"key":"SMITH"}],"circlet_count":0,"master_deck":["Strike_Br","Strike_Br","Strike_Br","Strike_Br","Defend_Br","Defend_Br","Defend_Br","Defend_Br","SecondHand","PatternShift","WindUp","ReapSow","BiteCommand+1","Replay:SS_fish_3","Injury","BackFourSeconds"],"relics":["Chronometer","NeowsBlessing","Golden Idol","Pen Nib"],"acts_visited":["Exordium"],"potions_floor_usage":[],"damage_taken":[{"damage":0,"enemies":"Jaw Worm","floor":1,"turns":1},{"damage":0,"enemies":"Cultist","floor":2,"turns":1},{"damage":0,"enemies":"2 Louse","floor":3,"turns":1},{"damage":31,"enemies":"3 Sentries","floor":7,"turns":9}],"seed_played":"4559177909759914848","potions_obtained":[{"floor":3,"key":"champ:CounterPotion"}],"is_trial":false,"path_per_floor":["M","M","M","$","?","R","E"],"character_chosen":"CHRONO_CLASS","items_purchased":["Replay:SS_fish_3"],"campfire_rested":0,"item_purchase_floors":[4],"current_hp_per_floor":[65,65,65,65,65,65,34,34],"gold":94,"neow_bonus":"THREE_ENEMY_KILL","is_daily":false,"chose_seed":false,"campfire_upgraded":1,"win_rate":0.0,"timestamp":1608757288,"path_taken":["M","M","M","$","?","R","E"],"items_purchased_type":["Card"],"build_version":"2020-12-22","purchased_purges":0,"victory":false,"max_hp_per_floor":[65,65,65,65,65,65,65,65],"card_choices":[{"not_picked":["PrimeTime","HandsUpB"],"picked":"WindUp","floor":1},{"not_picked":["TickedOff","Parity"],"picked":"ReapSow","floor":2},{"not_picked":["Parity","LockedOrichalcum"],"picked":"BiteCommand","floor":3},{"not_picked":["Pendulum","Facsimile"],"picked":"BackFourSeconds","floor":7}],"player_experience":521885,"relics_obtained":[{"floor":7,"key":"Pen Nib"}],"event_choices":[{"damage_healed":0,"gold_gain":0,"player_choice":"Take Wound","damage_taken":0,"relics_obtained":["Golden Idol"],"max_hp_gain":0,"max_hp_loss":0,"event_name":"Golden Idol","floor":5,"gold_loss":0,"cards_obtained":["Injury"]}],"is_beta":false,"boss_relics":[],"items_purged_floors":[],"is_endless":false,"potions_floor_spawned":[3],"killed_by":"3 Sentries","ascension_level":0}}