{"host":"04aht2z7d1qbuefv","time":1608706783,"event":{"mods":["AchievementEnabler","BaseMod","Downfall","Minty Spire (QoL Compilation)","StSLib","The Cursed","The Necromancer"],"gold_per_floor":[99,112,112,122,183,183,207,217,236,270,195,229,51,66,82,181,231,231,244,254,254,254,164,214,314,334,364,364,398,398,433,460,472,472,472],"floor_reached":33,"playtime":2184,"items_purged":["hexamod:Strike+1"],"score":340,"play_id":"ba73b16e-71c1-48db-8f5e-e9e94bede63f","local_time":"20201223035943","is_ascension_mode":false,"campfire_choices":[{"floor":1,"key":"RECALL"},{"floor":11,"key":"REST"},{"data":"Apotheosis","floor":18,"key":"SMITH"},{"floor":28,"key":"REST"},{"floor":30,"key":"REST"}],"circlet_count":0,"master_deck":["hexamod:Strike","hexamod:Defend","hexamod:Defend","hexamod:Defend","hexamod:Defend","hexamod:Sear","hexamod:Float","hexamod:SearingWound","hexamod:DynamicBlow","hexamod:SpectersWail","hexamod:EmpoweredFlame","hexamod:WildfireWeapon","hexamod:CatchUp","hexamod:FirstSeal","Apotheosis+1","hexamod:InspiringFlames","hexamod:FifthSeal","hexamod:FourthSeal","hexamod:FirstSeal","hexamod:GhostOfSpirePresent+1","hexamod:SecondSeal"],"relics":["hexamod:SpiritBrand","downfall:ShatteredFragment","Bag of Preparation","Peace Pipe","downfall:HeartBlessingRed","Centennial Puzzle","Tiny House","MealTicket","Calipers","Eternal Feather","Oddly Smooth Stone","White Beast Statue","MawBank"],"acts_visited":["Exordium","TheCity"],"potions_floor_usage":[5,10,10,12,16,19,20,23,25,25,25,25,25,25,26,27,29,31,32,33],"damage_taken":[{"damage":0,"enemies":"2 Louse","floor":2,"turns":3},{"damage":0,"enemies":"Small Slimes","floor":4,"turns":2},{"damage":13,"enemies":"3 Sentries","floor":5,"turns":8},{"damage":0,"enemies":"Cultist","floor":8,"turns":3},{"damage":6,"enemies":"Exordium Wildlife","floor":9,"turns":3},{"damage":8,"enemies":"3 Sentries","floor":10,"turns":5},{"damage":12,"enemies":"Gremlin Nob","floor":12,"turns":3},{"damage":0,"enemies":"downfall:FleeingMerchant","floor":13,"turns":4},{"damage":0,"enemies":"Large Slime","floor":14,"turns":4},{"damage":0,"enemies":"2 Fungi Beasts","floor":15,"turns":3},{"damage":48,"enemies":"downfall:Defect","floor":16,"turns":8},{"damage":14,"enemies":"3 Byrds","floor":19,"turns":5},{"damage":6,"enemies":"Shell Parasite","floor":20,"turns":6},{"damage":4,"enemies":"downfall:FleeingMerchant","floor":23,"turns":4},{"damage":23,"enemies":"Colosseum Nobs","floor":25,"turns":5},{"damage":4,"enemies":"Cultist and Chosen","floor":26,"turns":6},{"damage":57,"enemies":"Slavers","floor":27,"turns":7},{"damage":15,"enemies":"Book of Stabbing","floor":29,"turns":7},{"damage":40,"enemies":"Slavers","floor":31,"turns":6},{"damage":22,"enemies":"Snecko","floor":32,"turns":5},{"damage":55,"enemies":"downfall:Silent","floor":33,"turns":9}],"seed_played":"1319087295881270369","potions_obtained":[{"floor":4,"key":"sneckomod:MuddlingPotion"},{"floor":8,"key":"Regen Potion"},{"floor":9,"key":"Dexterity Potion"},{"floor":10,"key":"Weak Potion"},{"floor":12,"key":"Guardian:BlockOnCardUsePotion"},{"floor":16,"key":"Ancient Potion"},{"floor":17,"key":"SkillPotion"},{"floor":19,"key":"PowerPotion"},{"floor":20,"key":"SteroidPotion"},{"floor":20,"key":"EntropicBrew"},{"floor":23,"key":"Ancient Potion"},{"floor":25,"key":"EssenceOfSteel"},{"floor":26,"key":"Fruit Juice"},{"floor":27,"key":"hexamod:EctoCoolerPotion"},{"floor":29,"key":"Energy Potion"},{"floor":31,"key":"Slimebound:ThreeZeroPotion"},{"floor":32,"key":"PowerPotion"}],"is_trial":false,"path_per_floor":["R","M","?","M","?","?","T","M","M","E","R","E","$","M","M","B",null,"R","M","M","?","?","$","T","?","M","E","R","E","R","E","M","B"],"character_chosen":"THE_SPIRIT","items_purchased":["Apotheosis"],"campfire_rested":3,"item_purchase_floors":[13],"current_hp_per_floor":[70,70,49,49,36,36,36,36,30,36,57,45,45,52,59,18,75,75,68,69,69,55,65,65,56,71,21,55,54,85,59,51,0,0,0],"gold":472,"neow_bonus":"TRANSFORM_CARD","is_daily":false,"chose_seed":false,"campfire_upgraded":1,"win_rate":0.0,"timestamp":1608706783,"path_taken":["R","M","?","M","?","?","T","M","?","E","R","E","$","M","M","BOSS","R","M","M","?","?","?","T","?","M","E","R","E","R","E","M","BOSS"],"items_purchased_type":["Card"],"build_version":"2020-12-22","purchased_purges":1,"victory":false,"max_hp_per_floor":[70,70,70,70,70,70,70,70,70,70,70,70,70,70,70,70,75,75,75,75,75,80,80,80,80,85,85,85,85,85,85,85,85,85,85],"card_choices":[{"not_picked":["hexamod:Hexaguard","hexamod:SwordOfDarkness"],"picked":"hexamod:DynamicBlow","floor":2},{"not_picked":["hexamod:AdvancingGuard","hexamod:BurningTouch"],"picked":"hexamod:SpectersWail","floor":4},{"not_picked":["hexamod:Incineration","hexamod:Rewind"],"picked":"hexamod:EmpoweredFlame","floor":5},{"not_picked":["hexamod:GhostLash","hexamod:HeatMetal","hexamod:GhostShield"],"picked":"SKIP","floor":8},{"not_picked":["hexamod:BurningTouch","hexamod:SkipABeat","hexamod:NightmareGuise"],"picked":"SKIP","floor":9},{"not_picked":["hexamod:SwordOfDarkness","hexamod:FastForward"],"picked":"hexamod:WildfireWeapon","floor":10},{"not_picked":["hexamod:ThermalTransfer","hexamod:NecessarySacrifice"],"picked":"hexamod:CatchUp","floor":12},{"not_picked":["hexamod:BacktrackSmack","hexamod:HeatMetal"],"picked":"hexamod:FirstSeal","floor":13},{"not_picked":["hexamod:Firestarter","hexamod:Hexaguard"],"picked":"hexamod:InspiringFlames","floor":14},{"not_picked":["hexamod:Hexaguard","hexamod:EmpoweredFlame","hexamod:SkipABeat"],"picked":"SKIP","floor":15},{"not_picked":["hexamod:GhostflameInferno","hexamod:GiftsFromTheDead"],"picked":"hexamod:FifthSeal","floor":16},{"not_picked":["hexamod:SwordOfDarkness","hexamod:GhostLash"],"picked":"hexamod:FourthSeal","floor":17},{"not_picked":["hexamod:BacktrackSmack","hexamod:InspiringFlames","hexamod:ChargedBarrage+1"],"picked":"SKIP","floor":19},{"not_picked":["hexamod:SixthSeal","hexamod:FourthSeal"],"picked":"hexamod:FirstSeal","floor":20},{"not_picked":["hexamod:AdvancingGuard","hexamod:ThermalTransfer+1","hexamod:PowerFromBeyond"],"picked":"SKIP","floor":20},{"not_picked":["hexamod:BacktrackSmack","hexamod:GiftsFromTheDead","hexamod:TurnItUp"],"picked":"SKIP","floor":23},{"not_picked":["hexamod:SwordOfDarkness","hexamod:SecondSeal","hexamod:NightmareGuise"],"picked":"SKIP","floor":26},{"not_picked":["hexamod:FastForward","hexamod:UnleashSpirits","hexamod:RecurringNightmare"],"picked":"SKIP","floor":27},{"not_picked":["hexamod:SoulSteal","hexamod:RainOfEmbers"],"picked":"hexamod:GhostOfSpirePresent+1","floor":29},{"not_picked":["hexamod:Haunt","hexamod:ThermalTransfer","hexamod:ThirdSeal"],"picked":"SKIP","floor":31},{"not_picked":["hexamod:FourthSeal","hexamod:SixthSeal"],"picked":"hexamod:SecondSeal","floor":32},{"not_picked":["hexamod:AdvancingGuard","hexamod:SpectersWail","hexamod:HauntingEcho"],"picked":"SKIP","floor":32}],"player_experience":143602,"relics_obtained":[{"floor":5,"key":"Bag of Preparation"},{"floor":10,"key":"Peace Pipe"},{"floor":12,"key":"Centennial Puzzle"},{"floor":24,"key":"MealTicket"},{"floor":25,"key":"Calipers"},{"floor":25,"key":"Eternal Feather"},{"floor":27,"key":"Oddly Smooth Stone"},{"floor":29,"key":"White Beast Statue"},{"floor":31,"key":"MawBank"}],"event_choices":[{"cards_removed":["hexamod:Strike"],"damage_healed":0,"gold_gain":0,"player_choice":"Purged","damage_taken":0,"max_hp_gain":0,"max_hp_loss":0,"event_name":"Purifier","floor":6,"gold_loss":0}],"is_beta":false,"boss_relics":[{"not_picked":["Runic Pyramid","Runic Dome"],"picked":"Tiny House"}],"items_purged_floors":[23],"is_endless":false,"potions_floor_spawned":[4,8,9,10,12,16,20,27,29,32],"killed_by":"downfall:Silent","ascension_level":0}}