{"host":"l9fn0pydaze8nubc","time":1608696001,"event":{"mods":["AchievementEnabler","AlwaysNeverKeys","BaseMod","Better Note","Block Reminder","Colored Powertips","DeckTracker","Defuse TimeMaze Blight","Highlight Path","Minty Spire (QoL Compilation)","Permanent Neow","Quick Restart","Relic Sorter","Relic Stats","Slay-I","StSLib","everything is the same but u backflip on backflip"],"gold_per_floor":[114,114,133,152,204,204,204,204,204,223,223,261,261,299,299,424,424,443,462,462,70,70,108,127,3,3,3,33,33,33,48,48,148,148,163,178,178,178,33,33,48,48,48,48,63,78,93,47,47,47],"floor_reached":51,"playtime":1233,"items_purged":[],"score":718,"play_id":"c49a5ab1-68c5-47ff-9fa7-b8af7c50d0c5","local_time":"20201223170001","daily_mods":["SealedDeck","Red Cards","Night Terrors"],"is_ascension_mode":false,"campfire_choices":[{"data":"Shockwave","floor":6,"key":"SMITH"},{"data":"Consecrate","floor":8,"key":"SMITH"},{"data":"Flex","floor":11,"key":"SMITH"},{"data":"Conclude","floor":13,"key":"SMITH"},{"data":"Consecrate","floor":15,"key":"SMITH"},{"data":"Dramatic Entrance","floor":29,"key":"SMITH"},{"data":"Inflame","floor":32,"key":"SMITH"},{"data":"Reaper","floor":40,"key":"SMITH"},{"data":"Flex","floor":42,"key":"SMITH"},{"data":"Flash of Steel","floor":44,"key":"SMITH"},{"data":"BattleHymn","floor":49,"key":"SMITH"}],"circlet_count":0,"master_deck":["Thunderclap+1","FlurryOfBlows","Rage","Sword Boomerang","Shrug It Off","Twin Strike","Shockwave+1","Conclude+1","Flex+1","Thunderclap+1","Wallop","Injury","Consecrate+1","Consecrate+1","SandsOfTime","Twin Strike","Reaper+1","Shrug It Off+1","Heavy Blade+1","Inflame+1","Dramatic Entrance+1","Prostrate","Master of Strategy","BattleHymn+1","Flex+1","EmptyFist+1","Immolate","Feel No Pain+1","Finesse","Flash of Steel+1","Pommel Strike","Parasite","Prostrate+1","Wallop+1","Heavy Blade"],"relics":["PureWater","Bloody Idol","Blue Candle","StrikeDummy","Question Card","Busted Crown","MutagenicStrength","StoneCalendar","Smiling Mask","Dead Branch","MealTicket","SlaversCollar","Nunchaku","CaptainsWheel"],"acts_visited":["Exordium","TheCity","TheBeyond"],"potions_floor_usage":[33,46,47,47,47],"damage_taken":[{"damage":0,"enemies":"2 Louse","floor":1,"turns":2},{"damage":3,"enemies":"Jaw Worm","floor":3,"turns":2},{"damage":0,"enemies":"Small Slimes","floor":4,"turns":2},{"damage":0,"enemies":"2 Fungi Beasts","floor":10,"turns":1},{"damage":4,"enemies":"Gremlin Nob","floor":12,"turns":4},{"damage":6,"enemies":"3 Sentries","floor":14,"turns":2},{"damage":26,"enemies":"Hexaghost","floor":16,"turns":5},{"damage":9,"enemies":"Shell Parasite","floor":18,"turns":2},{"damage":1,"enemies":"3 Byrds","floor":19,"turns":2},{"damage":6,"enemies":"Slavers","floor":23,"turns":3},{"damage":11,"enemies":"Snecko","floor":24,"turns":3},{"damage":9,"enemies":"Gremlin Leader","floor":28,"turns":3},{"damage":0,"enemies":"Shelled Parasite and Fungi","floor":31,"turns":1},{"damage":41,"enemies":"Collector","floor":33,"turns":6},{"damage":0,"enemies":"3 Darklings","floor":35,"turns":1},{"damage":7,"enemies":"3 Shapes","floor":36,"turns":2},{"damage":1,"enemies":"Transient","floor":41,"turns":5},{"damage":26,"enemies":"Maw","floor":45,"turns":5},{"damage":40,"enemies":"Writhing Mass","floor":46,"turns":4},{"damage":0,"enemies":"Jaw Worm Horde","floor":47,"turns":1},{"damage":70,"enemies":"Donu and Deca","floor":50,"turns":7}],"seed_played":"4926568582952100995","potions_obtained":[{"floor":1,"key":"EntropicBrew"},{"floor":3,"key":"Dexterity Potion"},{"floor":4,"key":"ColorlessPotion"},{"floor":18,"key":"StancePotion"},{"floor":19,"key":"DistilledChaos"},{"floor":35,"key":"PowerPotion"}],"is_trial":false,"path_per_floor":["M","?","M","M","?","R","?","R","T","M","R","E","R","E","R","B",null,"M","M","?","$","?","E","M","$","T","?","E","R","?","M","R","B",null,"M","M","T","?","$","R","M","R","T","R","M","M","M","$","R","B",null],"character_chosen":"WATCHER","items_purchased":["Inflame","Dramatic Entrance","Prostrate","Master of Strategy","BattleHymn","Flex","Flash of Steel","Pommel Strike","Heavy Blade"],"campfire_rested":0,"item_purchase_floors":[21,21,21,21,25,25,39,39,48],"current_hp_per_floor":[72,72,69,69,69,69,55,55,55,55,55,51,51,45,45,19,72,63,62,62,62,62,63,52,52,52,52,48,48,48,53,53,35,72,72,72,72,72,72,72,72,72,72,72,51,19,60,72,72,2],"gold":47,"neow_bonus":"","is_daily":true,"chose_seed":false,"campfire_upgraded":11,"win_rate":0.0,"timestamp":1608696001,"path_taken":["M","?","M","M","?","R","?","R","T","M","R","E","R","E","R","BOSS","M","M","?","$","?","E","M","$","T","?","E","R","?","?","R","BOSS","M","M","?","?","$","R","M","R","T","R","?","M","M","?","R","BOSS"],"items_purchased_type":["Card","Card","Card","Card","Card","Card","Card","Card","Card"],"build_version":"2020-12-13","purchased_purges":0,"victory":true,"max_hp_per_floor":[72,72,72,72,72,72,72,72,72,72,72,72,72,72,72,72,72,72,72,72,72,72,72,72,72,72,72,72,72,72,72,72,72,72,72,72,72,72,72,72,72,72,72,72,72,72,72,72,72,72],"relic_stats":{"Nunchaku":[8],"Busted Crown":28,"counters":[21,63],"Bloody Idol":31,"Blue Candle":[9],"Dead Branch":[57],"StoneCalendar":[0],"MealTicket":12,"Question Card":15,"Smiling Mask":0,"obtain_stats":[{"Golden Idol":2,"Blue Candle":9,"Dead Branch":26,"StoneCalendar":22,"Question Card":14,"Smiling Mask":23,"SlaversCollar":34,"Nunchaku":37,"CaptainsWheel":43,"Busted Crown":17,"MutagenicStrength":20,"Bloody Idol":27,"MealTicket":28,"PureWater":0,"StrikeDummy":12},{"Golden Idol":1,"Blue Candle":3,"Dead Branch":11,"StoneCalendar":9,"Question Card":6,"Smiling Mask":10,"SlaversCollar":14,"Nunchaku":16,"CaptainsWheel":17,"Busted Crown":7,"MutagenicStrength":9,"Bloody Idol":11,"MealTicket":12,"PureWater":0,"StrikeDummy":5},{"Golden Idol":2,"Blue Candle":6,"Dead Branch":28,"StoneCalendar":22,"Question Card":13,"Smiling Mask":25,"SlaversCollar":38,"Nunchaku":41,"CaptainsWheel":46,"Busted Crown":18,"MutagenicStrength":22,"Bloody Idol":28,"MealTicket":31,"PureWater":0,"StrikeDummy":11}]},"card_choices":[{"not_picked":["Blood for Blood","Sword Boomerang"],"picked":"Wallop","floor":1},{"not_picked":["Second Wind","SashWhip"],"picked":"Consecrate","floor":3},{"not_picked":["Burning Pact","Crescendo","WindmillStrike"],"picked":"SKIP","floor":4},{"not_picked":["Study","Evolve"],"picked":"Consecrate","floor":10},{"not_picked":["Iron Wave","LessonLearned"],"picked":"SandsOfTime","floor":12},{"not_picked":["CrushJoints","Clash"],"picked":"Twin Strike","floor":14},{"not_picked":["Exhume","DeusExMachina","Judgement"],"picked":"Reaper","floor":16},{"not_picked":["Havoc"],"picked":"Shrug It Off+1","floor":18},{"not_picked":["Cleave"],"picked":"Heavy Blade+1","floor":19},{"not_picked":["Sentinel","Sever Soul"],"picked":"SKIP","floor":23},{"not_picked":["EmptyFist","InnerPeace+1"],"picked":"SKIP","floor":24},{"not_picked":["BowlingBash"],"picked":"EmptyFist+1","floor":28},{"not_picked":["Weave","Entrench"],"picked":"SKIP","floor":31},{"not_picked":["LessonLearned"],"picked":"Immolate","floor":33},{"not_picked":["Warcry"],"picked":"Feel No Pain+1","floor":35},{"not_picked":["EmptyFist+1","Dual Wield+1"],"picked":"SKIP","floor":36},{"not_picked":["PanicButton"],"picked":"Finesse","floor":38},{"not_picked":["SignatureMove+1","CutThroughFate"],"picked":"SKIP","floor":41},{"not_picked":["Sentinel+1","ClearTheMind"],"picked":"SKIP","floor":45},{"not_picked":["CutThroughFate"],"picked":"Prostrate+1","floor":46},{"not_picked":["Pommel Strike+1"],"picked":"Wallop+1","floor":47}],"player_experience":995795,"relics_obtained":[{"floor":9,"key":"Blue Candle"},{"floor":12,"key":"StrikeDummy"},{"floor":14,"key":"Question Card"},{"floor":23,"key":"Smiling Mask"},{"floor":26,"key":"Dead Branch"},{"floor":28,"key":"MealTicket"},{"floor":37,"key":"Nunchaku"},{"floor":43,"key":"CaptainsWheel"}],"event_choices":[{"damage_healed":0,"gold_gain":0,"player_choice":"Take Wound","damage_taken":0,"relics_obtained":["Golden Idol"],"max_hp_gain":0,"max_hp_loss":0,"event_name":"Golden Idol","floor":2,"gold_loss":0,"cards_obtained":["Injury"]},{"damage_healed":0,"gold_gain":52,"player_choice":"Gained Gold","damage_taken":0,"max_hp_gain":0,"max_hp_loss":0,"event_name":"Golden Wing","floor":5,"gold_loss":0},{"damage_healed":0,"gold_gain":0,"player_choice":"Entered Light","damage_taken":14,"max_hp_gain":0,"max_hp_loss":0,"event_name":"Shining Light","floor":7,"gold_loss":0,"cards_upgraded":["Thunderclap","Thunderclap"]},{"damage_healed":0,"gold_gain":0,"player_choice":"Inject Mutagens","damage_taken":0,"relics_obtained":["MutagenicStrength"],"max_hp_gain":0,"max_hp_loss":0,"event_name":"Drug Dealer","floor":20,"gold_loss":0},{"damage_healed":0,"gold_gain":0,"player_choice":"Stole Relic","damage_taken":0,"relics_obtained":["StoneCalendar"],"max_hp_gain":0,"max_hp_loss":0,"event_name":"Addict","floor":22,"gold_loss":0,"cards_obtained":["Shame"]},{"damage_healed":0,"gold_gain":0,"player_choice":"Gave Idol","damage_taken":0,"relics_obtained":["Bloody Idol"],"max_hp_gain":0,"max_hp_loss":0,"event_name":"Forgotten Altar","floor":27,"relics_lost":["Golden Idol"],"gold_loss":0},{"cards_removed":["Shame"],"damage_healed":0,"gold_gain":0,"player_choice":"Purged","damage_taken":0,"max_hp_gain":0,"max_hp_loss":0,"event_name":"Purifier","floor":30,"gold_loss":0},{"damage_healed":0,"gold_gain":0,"player_choice":"Memory 1","damage_taken":0,"max_hp_gain":0,"max_hp_loss":0,"event_name":"SensoryStone","floor":38,"gold_loss":0}],"is_beta":false,"boss_relics":[{"not_picked":["Ectoplasm","Runic Pyramid"],"picked":"Busted Crown"},{"not_picked":["VioletLotus","Astrolabe"],"picked":"SlaversCollar"}],"items_purged_floors":[],"is_endless":false,"potions_floor_spawned":[1,3,4,18,19,23,24,35,41,45],"ascension_level":0}}