{"host":"52jmisti11ysmja4","time":1608756382,"event":{"mods":["Aspiration","BaseMod","Better Third Choice","Hermit","Koishi","Minty Spire (QoL Compilation)","Remove Card Discount Mod","Shade Mod","StSLib","The Cursed","The Servant 0.9.4","The Vixen"],"gold_per_floor":[113,132,132,143,160,160,160],"floor_reached":6,"playtime":332,"items_purged":[],"score":76,"play_id":"39635def-d446-405c-8338-49fc2da5e8ea","local_time":"20201223124622","is_ascension_mode":true,"campfire_choices":[],"circlet_count":0,"master_deck":["AscendersBane","Strike_R","Strike_R","Strike_R","Strike_R","Strike_R","Defend_R","Defend_R+1","Defend_R+1","Defend_R","Bash","Shrug It Off","Pommel Strike","Barricade","Shrug It Off"],"relics":["Burning Blood","NeowsBlessing","War Paint"],"acts_visited":["Exordium"],"potions_floor_usage":[6],"damage_taken":[{"damage":0,"enemies":"Cultist","floor":1,"turns":1},{"damage":0,"enemies":"2 Louse","floor":2,"turns":1},{"damage":0,"enemies":"Jaw Worm","floor":4,"turns":1},{"damage":11,"enemies":"Large Slime","floor":5,"turns":14},{"damage":18,"enemies":"Gremlin Nob","floor":6,"turns":4}],"seed_played":"1836628402303680962","potions_obtained":[{"floor":2,"key":"BlessingOfTheForge"},{"floor":5,"key":"Swift Potion"}],"is_trial":false,"path_per_floor":["M","M","?","M","M","E"],"character_chosen":"IRONCLAD","items_purchased":[],"campfire_rested":0,"item_purchase_floors":[],"current_hp_per_floor":[74,75,49,55,50,32,32],"gold":160,"neow_bonus":"THREE_ENEMY_KILL","is_daily":false,"chose_seed":false,"campfire_upgraded":0,"win_rate":0.0,"timestamp":1608756382,"path_taken":["M","?","?","M","M","E"],"items_purchased_type":[],"build_version":"2020-12-22","purchased_purges":0,"victory":false,"max_hp_per_floor":[75,75,75,75,75,75,75],"card_choices":[{"not_picked":["Thunderclap","Clothesline"],"picked":"Shrug It Off","floor":1},{"not_picked":["Clothesline","Cleave"],"picked":"Pommel Strike","floor":2},{"not_picked":["Hemokinesis","Perfected Strike"],"picked":"Barricade","floor":4},{"not_picked":["Whirlwind","Wild Strike"],"picked":"Shrug It Off","floor":5}],"player_experience":605776,"relics_obtained":[],"event_choices":[{"damage_healed":0,"gold_gain":0,"player_choice":"Relic ","damage_taken":26,"max_hp_gain":0,"max_hp_loss":0,"event_name":"betterThird:BetterScrap","floor":3,"gold_loss":0,"cards_obtained":["WreathOfFlame"]}],"is_beta":false,"boss_relics":[],"items_purged_floors":[],"is_endless":false,"potions_floor_spawned":[2,5],"killed_by":"Gremlin Nob","ascension_level":20}}