{"host":"3jjxuhjpio8e4zkv","time":1608683476,"event":{"mods":["BaseMod","Colored Map","Minty Spire (QoL Compilation)","Permanent Neow","Relic Stats","StSLib"],"gold_per_floor":[14,14,30,30,45,45,73,89,112,139,89,116,136,161,161,256,256,271,271,286,301,320,347,347,372,372,372,382,10,39,53,53,150,150,160,160,170,186,201,231,243,267,279,319,331,11,11,45,45,45,45,45,45,80,80,80],"floor_reached":55,"playtime":2342,"items_purged":["Defend_R"],"score":967,"play_id":"dd725c63-1eeb-4c69-98b8-c1a073b6a05d","local_time":"20201222193116","is_ascension_mode":true,"campfire_choices":[{"data":"Carnage","floor":6,"key":"SMITH"},{"data":"Armaments","floor":15,"key":"SMITH"},{"floor":27,"key":"DIG"},{"data":"1","floor":32,"key":"LIFT"},{"data":"2","floor":41,"key":"LIFT"},{"data":"3","floor":45,"key":"LIFT"},{"floor":47,"key":"RECALL"},{"floor":49,"key":"DIG"},{"floor":52,"key":"DIG"}],"circlet_count":0,"master_deck":["Defend_R","Defend_R","Bash+1","Carnage+1","Metallicize","Pommel Strike+1","Battle Trance","Spot Weakness","Shrug It Off","Evolve","Heavy Blade","Armaments+1","Limit Break","Twin Strike","Thunderclap","Shrug It Off","Offering","Pummel+1","Whirlwind","Armaments","Brutality","Bloodletting+1","Shrug It Off+1","Clothesline+1","Impervious","Heavy Blade+1"],"relics":["Burning Blood","Omamori","Strawberry","Whetstone","Anchor","Shovel","Fusion Hammer","Torii","Meat on the Bone","Oddly Smooth Stone","Girya","Vajra","Runic Pyramid","MawBank","Bottled Flame","Question Card","Pantograph","Art of War","Kunai","Ornamental Fan","Pear"],"acts_visited":["Exordium","TheCity","TheBeyond","TheEnding"],"potions_floor_usage":[7,10,14,16,30,30,33,54,55,55],"damage_taken":[{"damage":0,"enemies":"Cultist","floor":1,"turns":4},{"damage":0,"enemies":"Jaw Worm","floor":3,"turns":3},{"damage":1,"enemies":"2 Louse","floor":5,"turns":3},{"damage":20,"enemies":"Lagavulin","floor":7,"turns":5},{"damage":0,"enemies":"Large Slime","floor":8,"turns":4},{"damage":7,"enemies":"3 Sentries","floor":10,"turns":6},{"damage":31,"enemies":"Lagavulin","floor":12,"turns":5},{"damage":0,"enemies":"Blue Slaver","floor":13,"turns":2},{"damage":18,"enemies":"3 Sentries","floor":14,"turns":5},{"damage":28,"enemies":"Hexaghost","floor":16,"turns":8},{"damage":2,"enemies":"Chosen","floor":18,"turns":5},{"damage":2,"enemies":"Spheric Guardian","floor":20,"turns":3},{"damage":0,"enemies":"Centurion and Healer","floor":21,"turns":4},{"damage":10,"enemies":"Chosen and Byrds","floor":22,"turns":5},{"damage":5,"enemies":"Slavers","floor":23,"turns":4},{"damage":7,"enemies":"Book of Stabbing","floor":25,"turns":4},{"damage":7,"enemies":"Snake Plant","floor":28,"turns":3},{"damage":0,"enemies":"Slavers","floor":30,"turns":3},{"damage":12,"enemies":"3 Cultists","floor":31,"turns":3},{"damage":15,"enemies":"Collector","floor":33,"turns":5},{"damage":7,"enemies":"3 Darklings","floor":35,"turns":4},{"damage":10,"enemies":"Orb Walker","floor":37,"turns":2},{"damage":10,"enemies":"Writhing Mass","floor":38,"turns":3},{"damage":0,"enemies":"Sphere and 2 Shapes","floor":39,"turns":5},{"damage":18,"enemies":"Reptomancer","floor":40,"turns":4},{"damage":1,"enemies":"3 Darklings","floor":42,"turns":4},{"damage":14,"enemies":"Giant Head","floor":44,"turns":5},{"damage":7,"enemies":"Reptomancer","floor":48,"turns":3},{"damage":38,"enemies":"Time Eater","floor":50,"turns":6},{"damage":5,"enemies":"Shield and Spear","floor":54,"turns":3},{"damage":102,"enemies":"The Heart","floor":55,"turns":9}],"seed_played":"8689018833681886093","potions_obtained":[{"floor":3,"key":"Explosive Potion"},{"floor":5,"key":"SkillPotion"},{"floor":8,"key":"SteroidPotion"},{"floor":12,"key":"LiquidMemories"},{"floor":14,"key":"DuplicationPotion"},{"floor":20,"key":"AttackPotion"},{"floor":22,"key":"EssenceOfSteel"},{"floor":25,"key":"BlessingOfTheForge"},{"floor":30,"key":"Dexterity Potion"},{"floor":31,"key":"EssenceOfSteel"},{"floor":35,"key":"BlessingOfTheForge"},{"floor":48,"key":"SteroidPotion"}],"is_trial":false,"path_per_floor":["M","?","M","?","M","R","E","M","T","E","?","E","M","E","R","B",null,"M","?","M","M","M","E","?","E","T","R","M","$","E","M","R","B",null,"M","?","M","M","M","E","R","M","T","E","R","$","R","E","R","B",null,"R","$","E","B"],"character_chosen":"IRONCLAD","items_purchased":["Girya","Whirlwind","Pantograph"],"campfire_rested":0,"item_purchase_floors":[29,29,46],"current_hp_per_floor":[80,80,80,85,85,85,71,77,84,83,83,58,64,52,52,30,92,92,92,92,92,88,89,89,88,88,88,87,87,92,86,86,77,92,91,82,78,74,80,68,68,73,73,65,65,65,65,64,64,57,92,92,92,102,0,0],"gold":80,"neow_bonus":"TRANSFORM_TWO_CARDS","is_daily":false,"chose_seed":false,"campfire_upgraded":2,"win_rate":0.0,"timestamp":1608683476,"path_taken":["M","?","M","?","M","R","E","M","T","E","?","E","M","E","R","BOSS","M","?","M","M","M","E","?","E","T","R","?","$","E","M","R","BOSS","M","?","?","M","M","E","R","M","T","E","R","$","R","E","R","BOSS","R","$","E","BOSS"],"items_purchased_type":["Relic","Card","Relic"],"build_version":"2020-12-13","purchased_purges":1,"victory":false,"max_hp_per_floor":[80,80,80,85,85,85,85,85,92,92,92,92,92,92,92,92,92,92,92,92,92,92,92,92,92,92,92,92,92,92,92,92,92,92,92,92,92,92,92,92,92,92,92,92,92,92,92,92,92,92,92,92,92,102,102,102],"relic_stats":{"Torii":27,"counters":[31,132],"Whetstone":["Pommel Strike","Bash"],"MawBank":72,"Question Card":2,"Burning Blood":147,"Shovel":3,"Ornamental Fan":[20],"Pantograph":25,"Art of War":[5],"Kunai":[6],"obtain_stats":[{"Girya":29,"Pear":54,"Torii":23,"Oddly Smooth Stone":27,"Vajra":30,"Omamori":7,"Whetstone":10,"MawBank":40,"Question Card":44,"Burning Blood":0,"Anchor":12,"Bottled Flame":43,"Shovel":14,"Ornamental Fan":52,"Strawberry":9,"Pantograph":46,"Fusion Hammer":17,"Art of War":48,"Kunai":49,"Meat on the Bone":25,"Runic Pyramid":34},{"Girya":17,"Pear":30,"Torii":15,"Oddly Smooth Stone":16,"Vajra":18,"Omamori":4,"Whetstone":6,"MawBank":25,"Question Card":27,"Burning Blood":0,"Anchor":7,"Bottled Flame":26,"Shovel":9,"Ornamental Fan":29,"Strawberry":5,"Pantograph":27,"Fusion Hammer":10,"Art of War":28,"Kunai":28,"Meat on the Bone":16,"Runic Pyramid":20},{"Girya":73,"Pear":123,"Torii":66,"Oddly Smooth Stone":70,"Vajra":76,"Omamori":15,"Whetstone":25,"MawBank":102,"Question Card":111,"Burning Blood":0,"Anchor":30,"Bottled Flame":106,"Shovel":37,"Ornamental Fan":120,"Strawberry":19,"Pantograph":111,"Fusion Hammer":45,"Art of War":114,"Kunai":114,"Meat on the Bone":70,"Runic Pyramid":84}],"Meat on the Bone":0},"card_choices":[{"not_picked":["Pummel","Body Slam"],"picked":"Pommel Strike","floor":1},{"not_picked":["Clothesline","Pummel"],"picked":"Spot Weakness","floor":3},{"not_picked":["Perfected Strike","Twin Strike"],"picked":"Shrug It Off","floor":5},{"not_picked":["Pommel Strike","Anger","Dropkick"],"picked":"SKIP","floor":7},{"not_picked":["Clothesline","Anger","Blood for Blood"],"picked":"SKIP","floor":8},{"not_picked":["Body Slam","Carnage"],"picked":"Evolve","floor":10},{"not_picked":["Thunderclap","Perfected Strike"],"picked":"Heavy Blade","floor":12},{"not_picked":["Wild Strike","Fire Breathing","Havoc"],"picked":"SKIP","floor":13},{"not_picked":["Wild Strike","Dual Wield"],"picked":"Armaments","floor":14},{"not_picked":["Reaper","Corruption"],"picked":"Limit Break","floor":16},{"not_picked":["Dual Wield","Twin Strike","Power Through+1"],"picked":"SKIP","floor":18},{"not_picked":["Dual Wield","Power Through+1"],"picked":"Twin Strike","floor":18},{"not_picked":["Havoc","Rupture","Clash"],"picked":"SKIP","floor":20},{"not_picked":["Entrench","Inflame"],"picked":"Thunderclap","floor":21},{"not_picked":["Body Slam","Iron Wave"],"picked":"Shrug It Off","floor":22},{"not_picked":["Wild Strike+1","Havoc","Thunderclap"],"picked":"SKIP","floor":23},{"not_picked":["Cleave","Infernal Blade"],"picked":"Offering","floor":25},{"not_picked":["Thunderclap","Fire Breathing"],"picked":"Pummel+1","floor":28},{"not_picked":["Dropkick","Reckless Charge+1","Iron Wave"],"picked":"SKIP","floor":30},{"not_picked":["Uppercut","Heavy Blade+1"],"picked":"Armaments","floor":31},{"not_picked":["Juggernaut","Fiend Fire"],"picked":"Brutality","floor":33},{"not_picked":["Warcry+1","Shrug It Off+1"],"picked":"Bloodletting+1","floor":35},{"not_picked":["Armaments+1","Dual Wield","Fire Breathing+1"],"picked":"SKIP","floor":37},{"not_picked":["Havoc","Rage+1"],"picked":"Shrug It Off+1","floor":38},{"not_picked":["Rage+1","Perfected Strike+1","Twin Strike"],"picked":"SKIP","floor":39},{"not_picked":["Clash+1","Sentinel+1"],"picked":"Clothesline+1","floor":40},{"not_picked":["Perfected Strike+1","Armaments+1","Anger"],"picked":"SKIP","floor":42},{"not_picked":["Twin Strike+1","Power Through","Wild Strike+1"],"picked":"SKIP","floor":44},{"not_picked":["Seeing Red+1","Flex+1","Demon Form"],"picked":"Impervious","floor":48},{"not_picked":["Thunderclap","Reckless Charge+1","Clash"],"picked":"Heavy Blade+1","floor":54}],"player_experience":1096349,"relics_obtained":[{"floor":7,"key":"Omamori"},{"floor":9,"key":"Strawberry"},{"floor":10,"key":"Whetstone"},{"floor":12,"key":"Anchor"},{"floor":14,"key":"Shovel"},{"floor":23,"key":"Torii"},{"floor":25,"key":"Meat on the Bone"},{"floor":27,"key":"Oddly Smooth Stone"},{"floor":30,"key":"Vajra"},{"floor":40,"key":"MawBank"},{"floor":43,"key":"Bottled Flame"},{"floor":44,"key":"Question Card"},{"floor":48,"key":"Art of War"},{"floor":49,"key":"Kunai"},{"floor":52,"key":"Ornamental Fan"},{"floor":54,"key":"Pear"}],"event_choices":[{"damage_healed":0,"gold_gain":0,"cards_transformed":["Strike_R"],"player_choice":"Change","damage_taken":0,"max_hp_gain":0,"max_hp_loss":0,"event_name":"Living Wall","floor":2,"gold_loss":0,"cards_obtained":["Battle Trance"]},{"damage_healed":0,"gold_gain":0,"player_choice":"Donut","damage_taken":0,"max_hp_gain":5,"max_hp_loss":0,"event_name":"Big Fish","floor":4,"gold_loss":0},{"cards_removed":["Strike_R"],"damage_healed":0,"gold_gain":0,"player_choice":"Card Removal","damage_taken":0,"max_hp_gain":0,"max_hp_loss":0,"event_name":"The Cleric","floor":11,"gold_loss":50},{"cards_removed":["Strike_R"],"damage_healed":0,"gold_gain":0,"player_choice":"Elegance","damage_taken":0,"max_hp_gain":0,"max_hp_loss":0,"event_name":"Back to Basics","floor":19,"gold_loss":0},{"cards_removed":["Strike_R"],"damage_healed":0,"gold_gain":0,"player_choice":"Offered Basic","damage_taken":0,"max_hp_gain":0,"max_hp_loss":0,"event_name":"Bonfire Elementals","floor":24,"gold_loss":0},{"damage_healed":0,"gold_gain":0,"player_choice":"Damaged","damage_taken":9,"max_hp_gain":0,"max_hp_loss":0,"event_name":"Wheel of Change","floor":36,"gold_loss":0}],"is_beta":false,"boss_relics":[{"not_picked":["Astrolabe","Busted Crown"],"picked":"Fusion Hammer"},{"not_picked":["Empty Cage","SacredBark"],"picked":"Runic Pyramid"}],"items_purged_floors":[46],"is_endless":false,"potions_floor_spawned":[3,5,8,12,14,20,22,25,28,30,31,35,44,48],"killed_by":"The Heart","ascension_level":1}}