{"host":"y8lj6eu4rxnc2qvr","time":1608765883,"event":{"mods":["BaseMod","Downfall","Minty Spire (QoL Compilation)","StSLib"],"gold_per_floor":[16,26,26,43,61,135,154,154,154,154,170,183,203,213,213,310,310,322,247,260,260,278,278,294,294,294,307,325,325,325],"floor_reached":29,"playtime":1071,"items_purged":[],"score":225,"play_id":"8652a470-91a4-47ad-aae1-84e5380935ea","local_time":"20201223182443","is_ascension_mode":false,"campfire_choices":[{"data":"Cold Snap","floor":8,"key":"SMITH"},{"data":"Machine Learning","floor":10,"key":"SMITH"},{"floor":15,"key":"REST"},{"floor":23,"key":"REST"},{"data":"Defragment","floor":25,"key":"SMITH"}],"circlet_count":0,"master_deck":["Strike_B","Strike_B","Strike_B","Defend_B","Defend_B","Defend_B","Zap","Dualcast","Machine Learning+1","Cold Snap+1","Doom and Gloom","Beam Cell","Glacier","Gash","Consume","Cold Snap","Ball Lightning","Barrage","Multi-Cast","Leap","Defragment+1","Sweeping Beam","Cold Snap+1","Conserve Battery"],"relics":["FrozenCore","Matryoshka","Dream Catcher","Darkstone Periapt"],"acts_visited":["Exordium","TheCity"],"potions_floor_usage":[23,29],"damage_taken":[{"damage":7,"enemies":"2 Louse","floor":1,"turns":2},{"damage":0,"enemies":"Cultist","floor":2,"turns":3},{"damage":9,"enemies":"Jaw Worm","floor":4,"turns":3},{"damage":7,"enemies":"3 Louse","floor":5,"turns":3},{"damage":2,"enemies":"Blue Slaver","floor":7,"turns":4},{"damage":0,"enemies":"Exordium Wildlife","floor":11,"turns":3},{"damage":28,"enemies":"Exordium Thugs","floor":12,"turns":4},{"damage":10,"enemies":"2 Fungi Beasts","floor":13,"turns":3},{"damage":0,"enemies":"Looter","floor":14,"turns":3},{"damage":12,"enemies":"The Guardian","floor":16,"turns":11},{"damage":20,"enemies":"Spheric Guardian","floor":18,"turns":6},{"damage":16,"enemies":"Shell Parasite","floor":20,"turns":6},{"damage":20,"enemies":"Cultist and Chosen","floor":22,"turns":8},{"damage":15,"enemies":"Sentry and Sphere","floor":24,"turns":8},{"damage":5,"enemies":"Snecko","floor":27,"turns":6},{"damage":24,"enemies":"Centurion and Healer","floor":28,"turns":8},{"damage":8,"enemies":"Snake Plant","floor":29,"turns":1}],"seed_played":"6261110312249055270","potions_obtained":[{"floor":7,"key":"GamblersBrew"},{"floor":12,"key":"PowerPotion"},{"floor":14,"key":"Energy Potion"},{"floor":18,"key":"Fruit Juice"},{"floor":27,"key":"BlessingOfTheForge"}],"is_trial":false,"path_per_floor":["M","M","?","M","M","?","M","R","T","R","M","M","M","M","R","B",null,"M","?","M","?","M","R","M","R","T","M","M","M"],"character_chosen":"DEFECT","items_purchased":[],"campfire_rested":2,"item_purchase_floors":[],"current_hp_per_floor":[68,68,68,59,52,52,50,50,50,50,50,22,12,12,34,22,75,55,55,39,39,19,46,31,31,31,26,2,0,0],"gold":325,"neow_bonus":"THREE_RARE_CARDS","is_daily":false,"chose_seed":false,"campfire_upgraded":3,"win_rate":0.0,"timestamp":1608765883,"path_taken":["M","M","?","?","M","?","M","R","T","R","M","M","M","M","R","BOSS","M","?","M","?","M","R","M","R","T","M","M","M"],"items_purchased_type":[],"build_version":"2020-12-22","purchased_purges":0,"victory":false,"max_hp_per_floor":[75,75,75,75,75,75,75,75,75,75,75,75,75,75,75,75,75,75,75,75,75,75,80,80,80,80,80,80,80,80],"card_choices":[{"not_picked":["Hyperbeam","All For One"],"picked":"Machine Learning","floor":0},{"not_picked":["Hologram","Leap"],"picked":"Cold Snap","floor":1},{"not_picked":["Hologram","Storm"],"picked":"Doom and Gloom","floor":2},{"not_picked":["Barrage","Static Discharge"],"picked":"Beam Cell","floor":4},{"not_picked":["Redo","Steam Power"],"picked":"Glacier","floor":5},{"not_picked":["Hologram","Stack"],"picked":"Gash","floor":7},{"not_picked":["Hologram","Chill"],"picked":"Consume","floor":11},{"not_picked":["Fission","Coolheaded"],"picked":"Cold Snap","floor":12},{"not_picked":["Gash","Rebound"],"picked":"Ball Lightning","floor":13},{"not_picked":["Tempest","FTL"],"picked":"Barrage","floor":14},{"not_picked":["Electrodynamics","Buffer"],"picked":"Multi-Cast","floor":16},{"not_picked":["Sweeping Beam","Turbo"],"picked":"Leap","floor":18},{"not_picked":["Sweeping Beam+1","Core Surge"],"picked":"Defragment","floor":20},{"not_picked":["Reprogram","Force Field+1"],"picked":"Sweeping Beam","floor":22},{"not_picked":["Coolheaded","Redo"],"picked":"Cold Snap+1","floor":24},{"not_picked":["Sunder+1","Compile Driver+1","Consume+1"],"picked":"SKIP","floor":27},{"not_picked":["Rip and Tear+1","Sunder+1"],"picked":"Conserve Battery","floor":28}],"player_experience":44836,"relics_obtained":[{"floor":9,"key":"Matryoshka"},{"floor":26,"key":"Dream Catcher"},{"floor":26,"key":"Darkstone Periapt"}],"event_choices":[{"cards_removed":["Strike_B"],"damage_healed":0,"gold_gain":0,"player_choice":"Card Removal","damage_taken":0,"max_hp_gain":0,"max_hp_loss":0,"event_name":"Wheel of Change","floor":3,"gold_loss":0},{"damage_healed":0,"gold_gain":74,"player_choice":"Gained Gold","damage_taken":0,"max_hp_gain":0,"max_hp_loss":0,"event_name":"Golden Wing","floor":6,"gold_loss":0},{"cards_removed":["Defend_B"],"damage_healed":0,"gold_gain":0,"player_choice":"Gave Gold","damage_taken":0,"max_hp_gain":0,"max_hp_loss":0,"event_name":"Beggar","floor":19,"gold_loss":75}],"is_beta":false,"boss_relics":[{"not_picked":["Runic Pyramid","Nuclear Battery"],"picked":"FrozenCore"}],"items_purged_floors":[],"is_endless":false,"potions_floor_spawned":[7,12,14,18,27],"killed_by":"Snake Plant","ascension_level":0}}