{"host":"ds3v42j7tpaaz1mg","time":1608751054,"event":{"mods":["AchievementEnabler","Aspiration","BaseMod","Beaked The Cultist","Bestiary","Better Altar","Better Note","Better Sensory Stone","BetterRewards","Block Reminder","Colored Powertips","Conspire","Downfall","Energized Spire","Halation","Hermit","Highlight Path","Hubris","Infinite Spire","Jorbs\u0027s Wanderer Trilogy","Minty Spire (QoL Compilation)","Relic Stats","Replay The Spire","StSLib","The Death Knight","The Elementalist","The Servant 0.9.4","vexMod"],"gold_per_floor":[111,86,86,98,63,97,114,114,167,242,242,26,58,71,71,170,170,189,5,21,31,31,31,59,59,59,59,93,106,117,133,133,232,232,251,251,262,240,240,267,267,267,267,167,194,194,207,207,207,207],"floor_reached":51,"playtime":2219,"items_purged":["Strike_R","Parasite"],"score":1271,"play_id":"2ea7f9a9-c4b5-4173-9263-5d7f773937d4","local_time":"20201223141734","is_ascension_mode":true,"campfire_choices":[{"data":"Rampage","floor":11,"key":"SMITH"},{"floor":15,"key":"REST"},{"floor":23,"key":"REST"},{"data":"Eclipse","floor":25,"key":"SMITH"},{"floor":32,"key":"REST"},{"data":"Corruption","floor":42,"key":"SMITH"},{"data":"infinitespire:TheBestDefense","floor":49,"key":"SMITH"}],"circlet_count":0,"master_deck":["Strike_R","Strike_R","Strike_R","Strike_R","Defend_R+1","Defend_R+1","Bash","Bludgeon","Rampage+1","Rage","Eclipse+1","Battle Trance+1","Shrug It Off+1","Iron Wave+1","Inflame","Corruption+1","Intimidate","Rage+1","True Grit+1","infinitespire:TheBestDefense+1"],"relics":["Burning Blood","CaptainsWheel","aspiration:DSix","hubris:OldNail","Replay:Baseball","Strawberry","vexMod:BigBerry","Blood Vial","Meat on the Bone","Kunai","Replay:Bottled Eggs","Molten Egg 2","expansioncontent:StudyCardRelic","hubris:Towel","hubris:MysteriousPyramids","hubris:TinFlute","PreservedInsect","hubris:Icosahedron","halation:QuantumPhysicsTextbook"],"acts_visited":["Exordium","TheCity","TheBeyond"],"potions_floor_usage":[16,16,21,24,31,31,35,40,40,40,40],"damage_taken":[{"damage":1,"enemies":"Cultist","floor":1,"turns":3},{"damage":14,"enemies":"Small Slimes","floor":4,"turns":3},{"damage":35,"enemies":"3 Sentries","floor":6,"turns":8},{"damage":8,"enemies":"2 Louse","floor":7,"turns":2},{"damage":22,"enemies":"Lagavulin","floor":13,"turns":4},{"damage":6,"enemies":"Exordium Wildlife","floor":14,"turns":3},{"damage":57,"enemies":"Fading Forest","floor":16,"turns":11},{"damage":35,"enemies":"3 Byrds","floor":18,"turns":7},{"damage":8,"enemies":"Spheric Guardian","floor":20,"turns":5},{"damage":24,"enemies":"Snake Plant","floor":21,"turns":4},{"damage":14,"enemies":"Book of Stabbing","floor":24,"turns":5},{"damage":21,"enemies":"Gremlin Leader","floor":28,"turns":5},{"damage":7,"enemies":"3 Cultists","floor":29,"turns":5},{"damage":19,"enemies":"Centurion and Healer","floor":30,"turns":6},{"damage":5,"enemies":"Snecko","floor":31,"turns":4},{"damage":42,"enemies":"Collector","floor":33,"turns":16},{"damage":12,"enemies":"3 Shapes","floor":35,"turns":4},{"damage":12,"enemies":"Orb Walker","floor":37,"turns":3},{"damage":72,"enemies":"Nemesis","floor":40,"turns":10},{"damage":30,"enemies":"R_Hoarder","floor":45,"turns":5},{"damage":15,"enemies":"Writhing Mass","floor":47,"turns":3},{"damage":36,"enemies":"Awakened One","floor":50,"turns":6}],"seed_played":"-1415649083141277940","potions_obtained":[{"floor":6,"key":"Fruit Juice"},{"floor":13,"key":"Elixir"},{"floor":21,"key":"Fire Potion"},{"floor":29,"key":"Languid Potion"},{"floor":30,"key":"AttackPotion"},{"floor":33,"key":"EntropicBrew"},{"floor":47,"key":"sneckomod:MuddlingPotion"}],"is_trial":false,"path_per_floor":["M","?","?","M","?","E","M","?","T","?","R","$","E","M","R","B",null,"M","$","M","M","?","R","E","R","T","T","E","M","M","M","R","B",null,"M","?","M","$","?","E","?","R","T","NS","E","?","M","AVR","R","B",null],"character_chosen":"IRONCLAD","items_purchased":["Replay:Baseball","Inflame","LiquidBronze","Elixir","ReplayTheSpireMod:Strike From Hell+1"],"campfire_rested":3,"item_purchase_floors":[12,12,19,19,38],"current_hp_per_floor":[64,64,64,56,76,47,45,45,45,34,34,34,25,25,51,21,104,75,75,73,55,23,59,53,53,53,53,52,65,66,69,105,71,109,105,105,101,101,101,49,113,113,113,113,89,89,82,82,82,66],"gold":207,"neow_bonus":"","is_daily":false,"chose_seed":false,"campfire_upgraded":4,"win_rate":0.0,"timestamp":1608751054,"path_taken":["M","?","?","M","?","E","?","?","T","?","R","$","E","M","R","BOSS","M","$","M","M","?","R","E","R","T","?","E","M","M","M","R","BOSS","M","?","M","$","?","E","?","R","T","NS","E","?","M","AVR","R","BOSS"],"items_purchased_type":["Relic","Card","Potion","Potion","Card"],"build_version":"2020-12-22","purchased_purges":2,"victory":true,"max_hp_per_floor":[80,80,80,80,80,80,80,80,80,80,80,80,87,87,87,92,122,122,122,122,122,122,122,122,122,122,122,122,122,122,122,122,122,122,122,122,122,122,122,122,113,113,113,113,113,113,113,110,110,110],"relic_stats":{"Blood Vial":22,"counters":[61,287],"PreservedInsect":0,"Kunai":[29],"obtain_stats":[{"hubris:MysteriousPyramids":40,"Boot":0,"Sozu":47,"Blood Vial":22,"Sundial":12,"Strawberry":13,"halation:PromiseList":9,"Kunai":26,"Toxic Egg 2":43,"Replay:Wax Seal":14,"aspiration:DSix":6,"hubris:TinFlute":43,"halation:QuantumPhysicsTextbook":48,"ReplayTheSpireMod:CursedCoin":19,"hubris:SphereOfDissonance":0,"conspire:Boomerang":47,"Replay:Baseball":12,"infinitespire:Lychee Nut":40,"Bird Faced Urn":0,"Molten Egg 2":28,"infinitespire:EmpoweringShard":19,"conspire:Flyswatter":20,"vexMod:BigBerry":17,"Meat on the Bone":24,"halation:BlackBeret":0,"SacredBark":17,"Blue Doll":0,"aspiration:TomeofQuesting":46,"King of Hearts":2,"expansioncontent:StudyCardRelic":34,"Ancient Tea Set":9,"Burning Blood":0,"hubris:Icosahedron":46,"Tiny Chest":0,"hubris:ChampionShield":6,"Replay:Bottled Eggs":27,"energizedSpire:DecayingSkull":34,"Runic Pyramid":17,"BargainBundle":0,"Self Forming Clay":29,"halation:IllGainedPizza":26,"hubris:MedicalManual":23,"PreservedInsect":45,"Omamori":11,"hubris:Towel":39,"Mercury Hourglass":8,"CaptainsWheel":0,"conspire:DeflatedDodgeball":2,"hubris:OldNail":9},{"hubris:MysteriousPyramids":58,"Boot":30,"Sozu":28,"Blood Vial":49,"Sundial":8,"Strawberry":44,"halation:PromiseList":6,"Kunai":50,"Toxic Egg 2":26,"Replay:Wax Seal":35,"aspiration:DSix":42,"hubris:TinFlute":58,"halation:QuantumPhysicsTextbook":60,"ReplayTheSpireMod:CursedCoin":12,"hubris:SphereOfDissonance":0,"conspire:Boomerang":28,"Replay:Baseball":43,"infinitespire:Lychee Nut":25,"Bird Faced Urn":30,"Molten Egg 2":51,"infinitespire:EmpoweringShard":12,"conspire:Flyswatter":38,"vexMod:BigBerry":46,"Meat on the Bone":50,"halation:BlackBeret":0,"SacredBark":11,"Blue Doll":0,"aspiration:TomeofQuesting":28,"King of Hearts":31,"expansioncontent:StudyCardRelic":55,"Ancient Tea Set":33,"Burning Blood":0,"hubris:Icosahedron":59,"Tiny Chest":30,"hubris:ChampionShield":5,"Replay:Bottled Eggs":50,"energizedSpire:DecayingSkull":20,"Runic Pyramid":36,"BargainBundle":30,"Self Forming Clay":17,"halation:IllGainedPizza":16,"hubris:MedicalManual":15,"PreservedInsect":59,"Omamori":34,"hubris:Towel":57,"Mercury Hourglass":6,"CaptainsWheel":39,"conspire:DeflatedDodgeball":2,"hubris:OldNail":43},{"hubris:MysteriousPyramids":273,"Boot":110,"Sozu":99,"Blood Vial":215,"Sundial":26,"Strawberry":185,"halation:PromiseList":21,"Kunai":220,"Toxic Egg 2":93,"Replay:Wax Seal":132,"aspiration:DSix":179,"hubris:TinFlute":273,"halation:QuantumPhysicsTextbook":281,"ReplayTheSpireMod:CursedCoin":45,"hubris:SphereOfDissonance":0,"conspire:Boomerang":99,"Replay:Baseball":181,"infinitespire:Lychee Nut":88,"Bird Faced Urn":110,"Molten Egg 2":225,"infinitespire:EmpoweringShard":45,"conspire:Flyswatter":156,"vexMod:BigBerry":199,"Meat on the Bone":220,"halation:BlackBeret":0,"SacredBark":42,"Blue Doll":0,"aspiration:TomeofQuesting":99,"King of Hearts":114,"expansioncontent:StudyCardRelic":256,"Ancient Tea Set":123,"Burning Blood":0,"hubris:Icosahedron":278,"Tiny Chest":110,"hubris:ChampionShield":15,"Replay:Bottled Eggs":220,"energizedSpire:DecayingSkull":74,"Runic Pyramid":143,"BargainBundle":110,"Self Forming Clay":61,"halation:IllGainedPizza":58,"hubris:MedicalManual":54,"PreservedInsect":278,"Omamori":126,"hubris:Towel":263,"Mercury Hourglass":21,"CaptainsWheel":165,"conspire:DeflatedDodgeball":8,"hubris:OldNail":181}],"Burning Blood":360,"Meat on the Bone":60},"card_choices":[{"not_picked":["Twin Strike","hubris:ReadiedAction","ReplayReversal"],"picked":"SKIP","floor":1},{"not_picked":["Twin Strike","Bloodletting"],"picked":"Rampage","floor":4},{"not_picked":["Run Through","Seeing Red","Sword Boomerang"],"picked":"SKIP","floor":6},{"not_picked":["Armaments","Havoc","hubris:SharpeningStone"],"picked":"SKIP","floor":7},{"not_picked":["Limit Break","Entrench"],"picked":"Rage","floor":13},{"not_picked":["Rampage","Warcry","Replay:Undeath\u0027s Touch"],"picked":"SKIP","floor":14},{"not_picked":["Demonic Infusion","Limit Break"],"picked":"Eclipse","floor":16},{"not_picked":["True Grit","Wild Strike+1","Perfected Strike+1"],"picked":"SKIP","floor":18},{"not_picked":["Infernal Blade","Twin Strike"],"picked":"Battle Trance+1","floor":20},{"not_picked":["Spot Weakness","Sword Boomerang","Carnage"],"picked":"SKIP","floor":21},{"not_picked":["hubris:CleavingFinish+1","Fire Breathing"],"picked":"Shrug It Off+1","floor":24},{"not_picked":["Abandon","Wild Strike+1"],"picked":"Iron Wave+1","floor":28},{"not_picked":["Fiend Fire+1","Clothesline+1","Headbutt+1"],"picked":"SKIP","floor":29},{"not_picked":["Clash+1","Sword Boomerang+1","hubris:ReadiedAction"],"picked":"SKIP","floor":30},{"not_picked":["Anger+1","Flex"],"picked":"Inflame","floor":31},{"not_picked":["Demon Form","Double Tap"],"picked":"Corruption","floor":33},{"not_picked":["hubris:ReadiedAction","Blood for Blood+1","Replay:Undeath\u0027s Touch+1"],"picked":"SKIP","floor":35},{"not_picked":["Twin Strike+1","Clothesline+1"],"picked":"Intimidate","floor":37},{"not_picked":["Sword Boomerang+1","Blood for Blood+1"],"picked":"Rage+1","floor":40},{"not_picked":["Headbutt+1","Searing Blow+1"],"picked":"True Grit+1","floor":45},{"not_picked":["Flex","ReplayTheSpireMod:Corrosion Curse","Hemokinesis+1"],"picked":"SKIP","floor":47}],"player_experience":570942,"relics_obtained":[{"floor":6,"key":"aspiration:DSix"},{"floor":9,"key":"hubris:OldNail"},{"floor":13,"key":"Strawberry"},{"floor":24,"key":"Meat on the Bone"},{"floor":26,"key":"Kunai"},{"floor":27,"key":"Replay:Bottled Eggs"},{"floor":28,"key":"Molten Egg 2"},{"floor":40,"key":"hubris:MysteriousPyramids"},{"floor":43,"key":"hubris:TinFlute"},{"floor":45,"key":"PreservedInsect"}],"event_choices":[{"damage_healed":20,"gold_gain":0,"player_choice":"Healed","damage_taken":0,"max_hp_gain":0,"max_hp_loss":0,"event_name":"The Cleric","floor":5,"gold_loss":35},{"damage_healed":0,"gold_gain":0,"player_choice":"Disagree","damage_taken":0,"max_hp_gain":0,"max_hp_loss":0,"event_name":"conspire:LoneGhost","floor":8,"gold_loss":0},{"damage_healed":0,"gold_gain":75,"player_choice":"Gather Gold","damage_taken":11,"max_hp_gain":0,"max_hp_loss":0,"event_name":"World of Goop","floor":10,"gold_loss":0},{"damage_healed":0,"gold_gain":0,"player_choice":" Vial ","damage_taken":32,"relics_obtained":["Blood Vial"],"max_hp_gain":55,"max_hp_loss":23,"event_name":"betterAltar:BetterAltar","floor":22,"potions_obtained":[],"relics_lost":[],"gold_loss":0},{"cards_removed":["Inflame"],"damage_healed":0,"gold_gain":0,"player_choice":"Removed Power","damage_taken":0,"max_hp_gain":0,"max_hp_loss":0,"event_name":"Falling","floor":36,"gold_loss":0}],"is_beta":false,"boss_relics":[{"not_picked":["halation:Prosthetics","halation:Risk"],"picked":"vexMod:BigBerry"},{"not_picked":["conspire:RoyalGoblet","infinitespire:Cupcake"],"picked":"expansioncontent:StudyCardRelic"}],"items_purged_floors":[19,48],"is_endless":false,"potions_floor_spawned":[6,13,21,29,30,33,47],"ascension_level":6}}