{"host":"raai0vtvcfkt8csp","time":1608755478,"event":{"mods":["2.2 Compatiblity","AchievementEnabler","BaseMod","Block Reminder","DeckTracker","Defective Defect","GifTheSpireLib","Minty Spire (QoL Compilation)","Quick Restart","Random Character Button","Rare Cards Sparkle","StSLib","Unceasing Turn Reminder"],"gold_per_floor":[119,0,0,16,16,41,41,59,59,12,37,37,49,64,64,160,160,171,185,185,100,100,119,119,147,147,147,147,178,193,193,193,292,292,303,303,322,32,44,78,95,126,126,126,161,174,174,200,200,200,200,200,2,32,32],"floor_reached":56,"playtime":4187,"items_purged":[],"score":1649,"play_id":"6e05ae63-234f-4925-9be6-1d4d189ec134","local_time":"20201223213118","is_ascension_mode":true,"campfire_choices":[{"data":"Echo Form","floor":7,"key":"SMITH"},{"data":"Chaos","floor":12,"key":"SMITH"},{"data":"Self Repair","floor":15,"key":"SMITH"},{"data":"Loop","floor":24,"key":"SMITH"},{"data":"Defragment","floor":27,"key":"SMITH"},{"data":"Ghostly","floor":32,"key":"SMITH"},{"floor":44,"key":"RECALL"},{"data":"Creative AI","floor":47,"key":"SMITH"},{"data":"Echo Form","floor":49,"key":"SMITH"},{"data":"Echo Form","floor":52,"key":"SMITH"}],"circlet_count":0,"master_deck":["Strike_B+1","Defend_B","Defend_B","Defend_B","Defend_B","Zap","Dualcast","Self Repair+1","Conserve Battery","Storm","Echo Form+1","Go for the Eyes+1","BootSequence+1","Redo","Chaos+1","Leap+1","Conserve Battery","Undo","Conserve Battery","Storm+1","Conserve Battery+1","Rip and Tear+1","Heatsinks+1","Ghostly+1","Ghostly","Ghostly","Ghostly","Ghostly","Loop+1","Defragment+1","Echo Form+1","Chill","Creative AI+1","Skim+1","Doom and Gloom+1","Echo Form+1","Reinforced Body+1","Genetic Algorithm","Capacitor+1","Defragment+1","Apotheosis","Machine Learning+1"],"relics":["Cracked Core","NeowsBlessing","Girya","Calipers","Thread and Needle","Astrolabe","Shuriken","Question Card","Mummified Hand","Pantograph","Black Star","Happy Flower","Anchor","Orrery","Gremlin Horn","The Courier","Letter Opener","StoneCalendar","Mercury Hourglass","Frozen Egg 2","Singing Bowl","War Paint","Membership Card","Whetstone","Boot"],"acts_visited":["Exordium","TheCity","TheBeyond","TheEnding"],"potions_floor_usage":[11,11,25,55,55,55],"damage_taken":[{"damage":0,"enemies":"Cultist","floor":1,"turns":1},{"damage":0,"enemies":"Jaw Worm","floor":4,"turns":1},{"damage":0,"enemies":"Lagavulin","floor":6,"turns":1},{"damage":0,"enemies":"Small Slimes","floor":8,"turns":4},{"damage":31,"enemies":"Gremlin Nob","floor":11,"turns":4},{"damage":5,"enemies":"Exordium Thugs","floor":13,"turns":5},{"damage":0,"enemies":"Blue Slaver","floor":14,"turns":5},{"damage":2,"enemies":"The Guardian","floor":16,"turns":16},{"damage":0,"enemies":"Chosen","floor":18,"turns":4},{"damage":1,"enemies":"Shell Parasite","floor":19,"turns":7},{"damage":0,"enemies":"Snake Plant","floor":23,"turns":7},{"damage":16,"enemies":"Gremlin Leader","floor":25,"turns":9},{"damage":1,"enemies":"Book of Stabbing","floor":29,"turns":5},{"damage":0,"enemies":"Shelled Parasite and Fungi","floor":30,"turns":5},{"damage":0,"enemies":"Champ","floor":33,"turns":11},{"damage":0,"enemies":"Orb Walker","floor":35,"turns":4},{"damage":1,"enemies":"3 Shapes","floor":37,"turns":4},{"damage":0,"enemies":"Sphere and 2 Shapes","floor":39,"turns":7},{"damage":1,"enemies":"Reptomancer","floor":40,"turns":6},{"damage":0,"enemies":"3 Darklings","floor":41,"turns":5},{"damage":0,"enemies":"Nemesis","floor":42,"turns":5},{"damage":0,"enemies":"Giant Head","floor":45,"turns":7},{"damage":0,"enemies":"Writhing Mass","floor":46,"turns":4},{"damage":0,"enemies":"Nemesis","floor":48,"turns":7},{"damage":0,"enemies":"Donu and Deca","floor":50,"turns":7},{"damage":7,"enemies":"Shield and Spear","floor":54,"turns":5},{"damage":20,"enemies":"The Heart","floor":55,"turns":6}],"seed_played":"-7398007181006377041","potions_obtained":[{"floor":1,"key":"EssenceOfSteel"},{"floor":4,"key":"BlessingOfTheForge"},{"floor":6,"key":"DistilledChaos"},{"floor":13,"key":"Ancient Potion"},{"floor":18,"key":"Regen Potion"},{"floor":29,"key":"FocusPotion"}],"is_trial":false,"path_per_floor":["M","$","?","M","$","E","R","M","T","$","E","R","M","M","R","B",null,"M","M","?","?","?","M","R","E","T","R","?","E","M","?","R","B",null,"M","?","M","$","M","E","M","E","T","R","E","M","R","E","R","B",null,"R","$","E","B",null],"character_chosen":"DEFECT","items_purchased":["Conserve Battery","Storm","Leap","Anchor","Orrery","Membership Card","Apotheosis"],"campfire_rested":0,"item_purchase_floors":[2,2,10,38,38,53,53],"current_hp_per_floor":[75,75,75,75,75,75,75,75,75,75,51,51,53,60,60,68,75,75,75,37,37,47,47,47,41,41,41,41,47,47,47,47,47,47,47,47,47,47,47,47,47,47,47,47,47,47,47,47,47,47,47,47,47,40,37],"gold":32,"neow_bonus":"THREE_ENEMY_KILL","is_daily":false,"chose_seed":false,"campfire_upgraded":9,"win_rate":0.0,"timestamp":1608755478,"path_taken":["M","$","?","?","?","E","R","M","T","$","E","R","M","M","R","BOSS","M","M","?","?","?","?","R","E","T","R","?","E","M","?","R","BOSS","M","?","M","$","M","E","M","E","T","R","E","M","R","E","R","BOSS","R","$","E","BOSS"],"items_purchased_type":["Card","Card","Card","Relic","Relic","Relic","Card"],"build_version":"2020-12-22","purchased_purges":0,"victory":true,"max_hp_per_floor":[75,75,75,75,75,75,75,75,75,75,75,75,75,75,75,75,75,75,75,37,37,47,47,47,47,47,47,47,47,47,47,47,47,47,47,47,47,47,47,47,47,47,47,47,47,47,47,47,47,47,47,47,47,47,47],"card_choices":[{"not_picked":["Fusion","Go for the Eyes"],"picked":"Self Repair","floor":1},{"not_picked":["Gash","Coolheaded"],"picked":"BootSequence","floor":4},{"not_picked":["Blizzard","Go for the Eyes"],"picked":"Redo","floor":6},{"not_picked":["Compile Driver","Steam Power"],"picked":"Chaos","floor":8},{"not_picked":["Compile Driver","Undo"],"picked":"Conserve Battery","floor":11},{"not_picked":["Thunder Strike","Redo"],"picked":"Undo","floor":13},{"not_picked":["Barrage","Streamline"],"picked":"Conserve Battery","floor":14},{"not_picked":["Reboot","Hyperbeam"],"picked":"Meteor Strike","floor":16},{"not_picked":["Stack","Undo"],"picked":"Heatsinks+1","floor":18},{"not_picked":["Compile Driver","Go for the Eyes+1","Conserve Battery"],"picked":"SKIP","floor":19},{"not_picked":["Barrage","Leap"],"picked":"Loop","floor":23},{"not_picked":["Reprogram","Barrage"],"picked":"Defragment","floor":25},{"not_picked":["Heatsinks+1","Self Repair","Streamline"],"picked":"Echo Form","floor":29},{"not_picked":["Rebound","Steam","Compile Driver"],"picked":"Chill","floor":30},{"not_picked":["Amplify","All For One","Fission"],"picked":"Creative AI","floor":33},{"not_picked":["Steam+1","Go for the Eyes","Rebound"],"picked":"Skim+1","floor":35},{"not_picked":["Hologram","Chaos+1","Coolheaded+1","Stack+1"],"picked":"SKIP","floor":37},{"not_picked":["Skim+1","Defragment","FTL+1"],"picked":"Doom and Gloom+1","floor":38},{"not_picked":["Biased Cognition","Loop","Stack"],"picked":"Echo Form","floor":38},{"not_picked":["Capacitor+1","Steam+1","Stack+1"],"picked":"Reinforced Body+1","floor":38},{"not_picked":["Cold Snap+1","Barrage","Storm"],"picked":"Genetic Algorithm","floor":39},{"not_picked":["Cold Snap","Stack","Beam Cell","Sweeping Beam+1"],"picked":"SKIP","floor":40},{"not_picked":["Compile Driver+1","Skim","Streamline","Steam"],"picked":"SKIP","floor":41},{"not_picked":["Machine Learning","Hologram+1","Redo+1"],"picked":"Capacitor+1","floor":42},{"not_picked":["Glacier","Streamline","Capacitor+1","Turbo"],"picked":"SKIP","floor":45},{"not_picked":["White Noise+1","Reinforced Body+1","Compile Driver+1","Recycle+1"],"picked":"SKIP","floor":46},{"not_picked":["Doom and Gloom+1","Leap","Auto Shields+1"],"picked":"Defragment+1","floor":48},{"not_picked":["Hologram","Skim","Force Field"],"picked":"Machine Learning+1","floor":54}],"player_experience":432059,"relics_obtained":[{"floor":6,"key":"Girya"},{"floor":9,"key":"Calipers"},{"floor":11,"key":"Thread and Needle"},{"floor":25,"key":"Question Card"},{"floor":26,"key":"Mummified Hand"},{"floor":29,"key":"Pantograph"},{"floor":36,"key":"Happy Flower"},{"floor":40,"key":"Gremlin Horn"},{"floor":40,"key":"The Courier"},{"floor":42,"key":"Letter Opener"},{"floor":42,"key":"StoneCalendar"},{"floor":45,"key":"Mercury Hourglass"},{"floor":45,"key":"Frozen Egg 2"},{"floor":48,"key":"Singing Bowl"},{"floor":48,"key":"War Paint"},{"floor":54,"key":"Whetstone"},{"floor":54,"key":"Boot"}],"event_choices":[{"damage_healed":0,"gold_gain":0,"player_choice":"2 cards matched","damage_taken":0,"max_hp_gain":0,"max_hp_loss":0,"event_name":"Match and Keep!","floor":3,"gold_loss":0,"cards_obtained":["Echo Form","Go for the Eyes"]},{"damage_healed":0,"gold_gain":0,"player_choice":"Became a Ghost","damage_taken":0,"max_hp_gain":0,"max_hp_loss":38,"event_name":"Ghosts","floor":20,"gold_loss":0,"cards_obtained":["Ghostly","Ghostly","Ghostly","Ghostly","Ghostly"]},{"damage_healed":0,"gold_gain":0,"player_choice":"Obtained Relic","damage_taken":0,"relics_obtained":["Shuriken"],"max_hp_gain":0,"max_hp_loss":0,"event_name":"Addict","floor":21,"gold_loss":85},{"cards_removed":["Meteor Strike"],"damage_healed":0,"gold_gain":0,"player_choice":"Offered Rare","damage_taken":0,"max_hp_gain":10,"max_hp_loss":0,"event_name":"Bonfire Elementals","floor":22,"gold_loss":0},{"damage_healed":0,"gold_gain":0,"player_choice":"Ignored","damage_taken":0,"max_hp_gain":0,"max_hp_loss":0,"event_name":"Beggar","floor":28,"gold_loss":0},{"damage_healed":0,"gold_gain":0,"player_choice":"Ignored","damage_taken":0,"max_hp_gain":0,"max_hp_loss":0,"event_name":"Vampires","floor":31,"gold_loss":0},{"damage_healed":0,"gold_gain":0,"player_choice":"Relic","damage_taken":0,"max_hp_gain":0,"max_hp_loss":0,"event_name":"Wheel of Change","floor":36,"gold_loss":0}],"is_beta":false,"boss_relics":[{"not_picked":["Pandora\u0027s Box","Philosopher\u0027s Stone"],"picked":"Astrolabe"},{"not_picked":["Busted Crown","Cursed Key"],"picked":"Black Star"}],"items_purged_floors":[],"is_endless":false,"potions_floor_spawned":[1,4,6,13,18,23,29,30,33,35,39,42,45,48],"ascension_level":1}}