{"host":"qmmd8zc7eqgl2j9h","time":1608708152,"event":{"mods":["AchievementEnabler","Aspiration","BaseMod","Better Altar","Better Note","Better Sensory Stone","Better Skull","BetterRewards","Colored Map","Conspire","Googly Eyes","Hermit","Highlight Path","Infinite Spire","Marisa????????","Minty Spire (QoL Compilation)","Permanent Neow","Replay The Spire","StSLib","The Hierophant","The Necromancer","The Servant 0.9.4","Unceasing Turn Reminder","everything is the same but u backflip on backflip","slay the spire mod where everything is the same but ironclad has a cowboy hat"],"gold_per_floor":[114,189,202,202,222,222,232,265,265,281,102,102,112,112,112,217,217,230,242,242,242,242,273,286,304,331,12,12,12,12,31,31,135,135,148,162,183,183,183,183,183],"floor_reached":40,"playtime":2437,"items_purged":["Pain"],"score":456,"play_id":"ae1d1ab4-704f-48b6-9870-23ac3cea58ac","local_time":"20201222232232","is_ascension_mode":false,"campfire_choices":[{"floor":6,"key":"REST"},{"floor":12,"key":"REST"},{"data":"Footwork","floor":15,"key":"SMITH"},{"data":"Accuracy","floor":28,"key":"SMITH"},{"data":"Noxious Fumes","floor":30,"key":"SMITH"},{"floor":32,"key":"REST"}],"circlet_count":0,"master_deck":["Strike_G","Strike_G","Strike_G","Strike_G","Strike_G","Defend_G","Defend_G","Defend_G","Defend_G","Survivor","Neutralize","Hidden Blade","Outmaneuver","Bouncing Flask","Poisoned Stab","Flying Knee","Bane","Footwork","Footwork+1","Deadly Poison","Fluid Movement","Hidden Blade+1","Poison Darts","Dagger Spray","Cloak And Dagger","Noxious Fumes+1","Catalyst","Blade Dance","Bane","Accuracy+1","ReplayTheSpireMod:Scrap Shanks","Envenom","Terror","Calculated Gamble","Deadly Poison+1","Bandage Up","The Bomb"],"relics":["Ring of the Snake","WarpedTongs","Juzu Bracelet","infinitespire:ShieldingShard","HoveringKite","Letter Opener","Replay:Baseball","aspiration:ChemicalBlood","infinitespire:CheckeredPen","WristBlade","Counterbalance","Dream Catcher"],"acts_visited":["Exordium","TheCity","TheBeyond"],"potions_floor_usage":[18,33,33,35,40,40],"damage_taken":[{"damage":1,"enemies":"Cultist","floor":1,"turns":4},{"damage":0,"enemies":"Small Slimes","floor":3,"turns":4},{"damage":8,"enemies":"Jaw Worm","floor":5,"turns":5},{"damage":20,"enemies":"Blue Slaver","floor":7,"turns":6},{"damage":13,"enemies":"Lagavulin","floor":8,"turns":7},{"damage":5,"enemies":"Gremlin Gang","floor":10,"turns":8},{"damage":0,"enemies":"2 Fungi Beasts","floor":13,"turns":4},{"damage":35,"enemies":"Hexaghost","floor":16,"turns":12},{"damage":5,"enemies":"conspire:FuzzyDice","floor":18,"turns":5},{"damage":3,"enemies":"Shell Parasite","floor":19,"turns":7},{"damage":0,"enemies":"conspire:Head Lice","floor":23,"turns":8},{"damage":0,"enemies":"Snecko","floor":24,"turns":4},{"damage":9,"enemies":"Chosen and Byrds","floor":25,"turns":7},{"damage":9,"enemies":"Centurion and Healer","floor":31,"turns":6},{"damage":56,"enemies":"Collector","floor":33,"turns":8},{"damage":19,"enemies":"Orb Walker","floor":35,"turns":4},{"damage":23,"enemies":"3 Shapes","floor":36,"turns":6},{"damage":23,"enemies":"Giant Head","floor":40,"turns":5}],"seed_played":"1924557108912945359","potions_obtained":[{"floor":1,"key":"Energy Potion"},{"floor":8,"key":"BlessingOfTheForge"},{"floor":10,"key":"Milkshake"},{"floor":18,"key":"Elixir"},{"floor":23,"key":"EntropicBrew"},{"floor":33,"key":"Energy Potion"},{"floor":35,"key":"DuplicationPotion"},{"floor":40,"key":"Explosive Potion"},{"floor":40,"key":"Swift Potion"}],"is_trial":false,"path_per_floor":["M","?","M","?","M","R","M","E","T","M","$","R","M","?","R","B",null,"M","M","?","?","T","E","M","M","T","$","R","$","R","M","R","B",null,"M","M","?","?","?","E"],"character_chosen":"THE_SILENT","items_purchased":["Footwork","Deadly Poison","Accuracy","infinitespire:CheckeredPen"],"campfire_rested":3,"item_purchase_floors":[11,11,27,27],"current_hp_per_floor":[76,65,65,65,57,77,57,44,44,39,39,62,62,62,62,27,77,72,69,69,69,69,69,69,60,60,60,60,60,60,51,74,18,77,58,35,5,5,5,0,0],"gold":183,"neow_bonus":"TEN_PERCENT_HP_BONUS","is_daily":false,"chose_seed":false,"campfire_upgraded":3,"win_rate":0.0,"timestamp":1608708152,"path_taken":["M","?","M","?","?","R","M","E","T","M","$","R","M","?","R","BOSS","M","M","?","?","?","E","M","M","T","$","R","?","R","M","R","BOSS","M","M","?","?","?","E"],"items_purchased_type":["Card","Card","Card","Relic"],"build_version":"2020-12-13","purchased_purges":1,"victory":false,"max_hp_per_floor":[77,77,77,77,77,77,77,77,77,77,77,77,77,77,77,77,77,77,77,77,77,77,77,77,77,77,77,77,77,77,77,77,77,77,77,77,77,77,77,77,77],"card_choices":[{"not_picked":["Distraction","Concentrate"],"picked":"Hidden Blade","floor":1},{"not_picked":["Dash","Choke"],"picked":"Outmaneuver","floor":3},{"not_picked":["PiercingWail","Dodge and Roll"],"picked":"Bouncing Flask","floor":5},{"not_picked":["ReplayTheSpireMod:Tripwire","Prepared"],"picked":"Poisoned Stab","floor":7},{"not_picked":["Slice","Eviscerate"],"picked":"Flying Knee","floor":8},{"not_picked":["Quick Slash","Riddle With Holes"],"picked":"Bane","floor":10},{"not_picked":["Poisoned Stab","Dagger Spray"],"picked":"Fluid Movement","floor":13},{"not_picked":["Die Die Die","ReplayTheSpireMod:Necrosis"],"picked":"Poison Darts","floor":16},{"not_picked":["Acrobatics","Blur+1"],"picked":"Dagger Spray","floor":18},{"not_picked":["Acrobatics","Flying Knee"],"picked":"Cloak And Dagger","floor":19},{"not_picked":["conspire:PoisonWeapons","Tactician"],"picked":"Catalyst","floor":23},{"not_picked":["Catalyst","Outmaneuver"],"picked":"Blade Dance","floor":24},{"not_picked":["Dagger Throw+1","Quick Slash"],"picked":"Bane","floor":25},{"not_picked":["Dash","Hidden Blade"],"picked":"ReplayTheSpireMod:Scrap Shanks","floor":31},{"not_picked":["Night Terror","After Image"],"picked":"Envenom","floor":33},{"not_picked":["ReplayTheSpireMod:Speed Training","Flechettes+1"],"picked":"Terror","floor":35},{"not_picked":["PiercingWail+1","Reflex"],"picked":"Calculated Gamble","floor":36},{"not_picked":["Outmaneuver+1","Sucker Punch+1"],"picked":"Deadly Poison+1","floor":37},{"not_picked":["Apotheosis","Poisoned Strike"],"picked":"Bandage Up","floor":39},{"not_picked":["Replay:BasicMightCard","Transmutation"],"picked":"The Bomb","floor":39}],"player_experience":203351,"relics_obtained":[{"floor":8,"key":"Juzu Bracelet"},{"floor":9,"key":"infinitespire:ShieldingShard"},{"floor":22,"key":"Letter Opener"},{"floor":23,"key":"Replay:Baseball"},{"floor":26,"key":"aspiration:ChemicalBlood"},{"floor":37,"key":"Counterbalance"}],"event_choices":[{"damage_healed":0,"gold_gain":75,"player_choice":"Gather Gold","damage_taken":11,"max_hp_gain":0,"max_hp_loss":0,"event_name":"World of Goop","floor":2,"gold_loss":0},{"damage_healed":0,"gold_gain":0,"player_choice":"Rummage","damage_taken":0,"relics_obtained":["WarpedTongs"],"max_hp_gain":0,"max_hp_loss":0,"event_name":"Accursed Blacksmith","floor":4,"gold_loss":0,"cards_obtained":["Pain"]},{"cards_removed":["Strike_G"],"damage_healed":0,"gold_gain":0,"player_choice":"Give","damage_taken":0,"max_hp_gain":0,"max_hp_loss":0,"event_name":"betterNote:BetterNote","floor":20,"gold_loss":0,"cards_obtained":["Doubt"]},{"damage_healed":0,"gold_gain":0,"player_choice":"Read","damage_taken":0,"max_hp_gain":0,"max_hp_loss":0,"event_name":"The Library","floor":21,"gold_loss":0,"cards_obtained":["Noxious Fumes"]},{"damage_healed":0,"gold_gain":0,"player_choice":"Gave Potion","damage_taken":0,"relics_obtained":["Dream Catcher"],"max_hp_gain":0,"max_hp_loss":0,"event_name":"WeMeetAgain","floor":38,"gold_loss":0},{"damage_healed":0,"gold_gain":3,"player_choice":"1","damage_taken":0,"max_hp_gain":0,"max_hp_loss":0,"event_name":"betterStone:BetterStone","floor":39,"gold_loss":0}],"is_beta":false,"boss_relics":[{"not_picked":["ReplayTheSpireMod:SealedPack","Replay:Drink Me"],"picked":"HoveringKite"},{"not_picked":["aspiration:RunicSpoon","aspiration:RitualDagger"],"picked":"WristBlade"}],"items_purged_floors":[11],"is_endless":false,"potions_floor_spawned":[1,8,10,16,18,23,33],"killed_by":"Giant Head","ascension_level":0}}