{"host":"f7rb14kzcw8hx1r1","time":1608749975,"event":{"mods":["BaseMod","Better Note","Better Third Choice","Colored Map","Highlight Path","Hubris","Minty Spire (QoL Compilation)","Replay The Spire","StSLib","The Forsaken"],"gold_per_floor":[366,382,457,457,170,170,189,189,216,233,246,246,273,287,287,387,387,405,405,419,435,34,34,52,52,52,52,77,91,103,73,73,177,177,196,212,229,12,62,89,89,123,123,123,138,157,157,172,172,172],"floor_reached":51,"playtime":2380,"items_purged":["theForsaken:TheForsaken_Strike","theForsaken:SolarFlare+1","theForsaken:BlightOfFamine+1"],"score":981,"play_id":"7d843c45-677e-46e4-b3bf-dcb29ab1a324","local_time":"20201223195935","is_ascension_mode":false,"campfire_choices":[{"data":"theForsaken:Smite","floor":6.0,"key":"SMITH"},{"data":"theForsaken:MagicWeapon","floor":8.0,"key":"SMITH"},{"data":"theForsaken:DefensiveStance","floor":12.0,"key":"SMITH"},{"data":"theForsaken:WrathOfGod","floor":15.0,"key":"SMITH"},{"data":"theForsaken:FuryStrikes","floor":23,"key":"SMITH"},{"data":"theForsaken:AncientWords","floor":25,"key":"SMITH"},{"data":"theForsaken:Penitence","floor":27,"key":"SMITH"},{"data":"theForsaken:WrathOfGod+2","floor":32,"key":"SMITH"},{"data":"theForsaken:Bolster","floor":41,"key":"SMITH"},{"data":"theForsaken:WrathOfGod+3","floor":44,"key":"SMITH"},{"floor":49,"key":"DIG"}],"circlet_count":0,"master_deck":["theForsaken:TheForsaken_Defend","theForsaken:TheForsaken_Defend","theForsaken:TheForsaken_Defend","theForsaken:Smite+1","theForsaken:Penitence+1","theForsaken:MagicWeapon+1","theForsaken:WrathOfGod+4","theForsaken:QuickAttack","theForsaken:DefensiveStance+1","theForsaken:LightRoll","theForsaken:BountifulSunlight+1","theForsaken:FatRoll+1","theForsaken:AncientWords+1","theForsaken:FuryStrikes+1","theForsaken:HymnOfPatience+1","theForsaken:RainingSunlight+1","theForsaken:Eulogy+1","theForsaken:Bolster+1"],"relics":["theForsaken:JudgementScales","Omamori","MealTicket","Bottled Flame","Replay:Grab Bag","theForsaken:PaleLantern","Busted Crown","Astrolabe","Runic Pyramid","Sling","ReplayTheSpireMod:Shallot","theForsaken:Lifeblossom","Philosopher\u0027s Stone","Pondfish Scales","Bag of Preparation","hubris:ToyBattleship","Chameleon Ring","Shuriken"],"acts_visited":["Exordium","TheCity","TheBeyond"],"potions_floor_usage":[18,28,28,30,37,39,42,50,50,50],"damage_taken":[{"damage":8.0,"enemies":"Cultist","floor":1.0,"turns":5.0},{"damage":1.0,"enemies":"Jaw Worm","floor":2.0,"turns":6.0},{"damage":7.0,"enemies":"Small Slimes","floor":7.0,"turns":8.0},{"damage":18.0,"enemies":"Gremlin Gang","floor":10.0,"turns":8.0},{"damage":7.0,"enemies":"Exordium Wildlife","floor":11.0,"turns":7.0},{"damage":4.0,"enemies":"3 Sentries","floor":13.0,"turns":12.0},{"damage":1.0,"enemies":"Large Slime","floor":14.0,"turns":7.0},{"damage":2.0,"enemies":"Slime Boss","floor":16.0,"turns":14.0},{"damage":1,"enemies":"2 Thieves","floor":18,"turns":3},{"damage":0,"enemies":"Spheric Guardian","floor":20,"turns":4},{"damage":1,"enemies":"Snecko","floor":21,"turns":5},{"damage":7,"enemies":"Centurion and Healer","floor":24,"turns":5},{"damage":17,"enemies":"Slavers","floor":28,"turns":5},{"damage":0,"enemies":"3 Cultists","floor":29,"turns":6},{"damage":0,"enemies":"Snake Plant","floor":30,"turns":4},{"damage":7,"enemies":"Collector","floor":33,"turns":7},{"damage":17,"enemies":"3 Darklings","floor":35,"turns":5},{"damage":0,"enemies":"Orb Walker","floor":36,"turns":4},{"damage":23,"enemies":"Sphere and 2 Shapes","floor":37,"turns":7},{"damage":0,"enemies":"Mind Bloom Boss Battle","floor":39,"turns":6},{"damage":0,"enemies":"Nemesis","floor":40,"turns":5},{"damage":5,"enemies":"Reptomancer","floor":42,"turns":7},{"damage":0,"enemies":"Maw","floor":45,"turns":6},{"damage":0,"enemies":"Jaw Worm Horde","floor":46,"turns":4},{"damage":5,"enemies":"3 Darklings","floor":48,"turns":5},{"damage":0,"enemies":"Donu and Deca","floor":50,"turns":7}],"seed_played":"1678118978665120249","potions_obtained":[{"floor":7.0,"key":"Block Potion"},{"floor":10.0,"key":"LiquidMemories"},{"floor":14.0,"key":"Block Potion"},{"floor":16.0,"key":"Explosive Potion"},{"floor":20,"key":"LifebloodPotion"},{"floor":24,"key":"SkillPotion"},{"floor":28,"key":"FairyPotion"},{"floor":31,"key":"LiquidMemories"},{"floor":31,"key":"Fire Potion"},{"floor":36,"key":"Dexterity Potion"},{"floor":39,"key":"SkillPotion"},{"floor":40,"key":"Dexterity Potion"},{"floor":42,"key":"Strength Potion"},{"floor":45,"key":"PowerPotion"}],"is_trial":false,"path_per_floor":["M","M","?","?","$","R","M","R","T","M","M","R","E","M","R","B",null,"M","?","M","M","$","R","M","R","T","R","E","M","M","?","R","B",null,"M","M","M","$","?","E","R","E","T","R","M","M","?","M","R_BF","B",null],"character_chosen":"THE_FORSAKEN","items_purchased":["Omamori","theForsaken:MagicWeapon","theForsaken:AncientWords","theForsaken:FuryStrikes","Sling","theForsaken:HymnOfPatience+1","theForsaken:Bolster","Swift Potion"],"campfire_rested":0,"item_purchase_floors":[5,5,22,22,22,22,38,38],"current_hp_per_floor":[44,46,35,35,35,35,39,39,39,35,42,42,56,65,65,65,65,65,65,65,64,65,65,65,65,65,65,65,65,65,65,65,65,65,65,65,65,65,65,65,65,65,65,65,65,65,65,60,60,65],"gold":172,"neow_bonus":"TWO_FIFTY_GOLD","is_daily":false,"chose_seed":false,"campfire_upgraded":10,"win_rate":0.0,"timestamp":1608749975,"path_taken":["M","?","?","?","$","R","M","R","T","M","?","R","E","?","R","BOSS","M","?","M","?","$","R","M","R","T","R","E","M","M","?","R","BOSS","M","M","M","$","?","E","R","E","T","R","M","M","?","M","R_BF","BOSS"],"items_purchased_type":["Relic","Card","Card","Card","Relic","Card","Card","Potion"],"build_version":"2020-12-22","purchased_purges":3,"victory":true,"max_hp_per_floor":[65,65,65,65,65,65,65,65,65,65,65,65,65,65,65,65,65,65,65,65,65,65,65,65,65,65,65,65,65,65,65,65,65,65,65,65,65,65,65,65,65,65,65,65,65,65,65,65,65,65],"card_choices":[{"not_picked":["theForsaken:FatRoll","theForsaken:DarkBarrier","theForsaken:Eulogy"],"picked":"SKIP","floor":1.0},{"not_picked":["theForsaken:NobleSacrifice","theForsaken:InspiringBlow","theForsaken:WordsOfPestilence"],"picked":"SKIP","floor":2.0},{"not_picked":["theForsaken:CreepingInfection","theForsaken:Riposte"],"picked":"theForsaken:WrathOfGod","floor":7.0},{"not_picked":["theForsaken:Backlash","theForsaken:Eulogy"],"picked":"theForsaken:QuickAttack","floor":10.0},{"not_picked":["theForsaken:InspiringBlow","theForsaken:Enfeeble"],"picked":"theForsaken:DefensiveStance","floor":11.0},{"not_picked":["theForsaken:FatRoll","theForsaken:MagicWeapon","theForsaken:Backlash"],"picked":"SKIP","floor":13.0},{"not_picked":["theForsaken:PowerUp","theForsaken:Parry"],"picked":"theForsaken:LightRoll","floor":14.0},{"not_picked":[],"picked":"theForsaken:FatRoll+1","floor":18},{"not_picked":["theForsaken:PreciseStrike"],"picked":"SKIP","floor":20},{"not_picked":["theForsaken:Preservation"],"picked":"SKIP","floor":21},{"not_picked":["theForsaken:Preservation"],"picked":"SKIP","floor":24},{"not_picked":[],"picked":"theForsaken:RainingSunlight+1","floor":28},{"not_picked":["theForsaken:CorruptedWord"],"picked":"SKIP","floor":29},{"not_picked":[],"picked":"theForsaken:Eulogy+1","floor":30},{"not_picked":["theForsaken:Riposte+1"],"picked":"SKIP","floor":35},{"not_picked":["theForsaken:CreepingInfection"],"picked":"SKIP","floor":36},{"not_picked":["theForsaken:SiphonStrike+1"],"picked":"SKIP","floor":37},{"not_picked":["theForsaken:CreepingInfection+1"],"picked":"SKIP","floor":40},{"not_picked":["theForsaken:RainingSunlight"],"picked":"SKIP","floor":42},{"not_picked":["theForsaken:Purification"],"picked":"SKIP","floor":45},{"not_picked":["theForsaken:Thunderbolt"],"picked":"SKIP","floor":46},{"not_picked":["theForsaken:Parry"],"picked":"SKIP","floor":48}],"player_experience":878203,"relics_obtained":[{"floor":9.0,"key":"MealTicket"},{"floor":13.0,"key":"Bottled Flame"},{"floor":26,"key":"ReplayTheSpireMod:Shallot"},{"floor":28,"key":"theForsaken:Lifeblossom"},{"floor":39,"key":"Pondfish Scales"},{"floor":40,"key":"Bag of Preparation"},{"floor":42,"key":"hubris:ToyBattleship"},{"floor":43,"key":"Chameleon Ring"},{"floor":49,"key":"Shuriken"}],"event_choices":[{"damage_healed":0.0,"max_hp_gain":0.0,"max_hp_loss":0.0,"gold_gain":75.0,"event_name":"betterThird:BetterGoop","player_choice":"Gold","floor":3.0,"gold_loss":0.0,"damage_taken":11.0},{"cards_removed":["theForsaken:TheForsaken_Strike"],"damage_healed":0.0,"max_hp_gain":0.0,"max_hp_loss":0.0,"gold_gain":0.0,"event_name":"Bonfire Elementals","player_choice":"Offered Basic","floor":4.0,"gold_loss":0.0,"damage_taken":0.0},{"damage_healed":0,"gold_gain":0,"player_choice":"Forge","damage_taken":0,"max_hp_gain":0,"max_hp_loss":0,"event_name":"Accursed Blacksmith","floor":19,"gold_loss":0,"cards_upgraded":["theForsaken:WrathOfGod"]},{"damage_healed":0,"gold_gain":0,"player_choice":"Bought 2 Potions","damage_taken":0,"max_hp_gain":0,"max_hp_loss":0,"event_name":"The Woman in Blue","floor":31,"gold_loss":0},{"damage_healed":0,"gold_gain":0,"player_choice":"Fight","damage_taken":0,"max_hp_gain":0,"max_hp_loss":0,"event_name":"MindBloom","floor":39,"gold_loss":0},{"damage_healed":0,"gold_gain":0,"player_choice":"Ignored","damage_taken":0,"max_hp_gain":0,"max_hp_loss":0,"event_name":"betterThird:BetterPortal","floor":47,"gold_loss":0}],"is_beta":false,"boss_relics":[{"not_picked":["theForsaken:ScalesOfTruth","Runic Dome"],"picked":"Replay:Grab Bag"},{"not_picked":["Fusion Hammer","ReplayTheSpireMod:Onyx Gauntlets"],"picked":"theForsaken:PaleLantern"},{"not_picked":["Painkiller Herb","Replay:Bronze Core"],"picked":"Busted Crown"},{"not_picked":["hubris:BlackHole","Pandora\u0027s Box"],"picked":"Astrolabe"},{"not_picked":["Replay:Drink Me","hubris:HollowSoul"],"picked":"Runic Pyramid"},{"not_picked":["Cursed Key","Replay:Wanted Poster"],"picked":"Philosopher\u0027s Stone"}],"items_purged_floors":[5,22,38],"is_endless":false,"potions_floor_spawned":[7,10,14,16,20,24,28,36,39,40,42,45],"ascension_level":0}}