{"host":"6qo42zgaknezulyg","time":1608719482,"event":{"mods":["2.2 Compatiblity","BaseMod","Colored Map","Highlight Path","Keyboard Shortcuts","Minty Spire (QoL Compilation)","Permanent Neow","Quick Restart","StSLib","SuperFastMode","The Runesmith"],"gold_per_floor":[18,37,37,49,60,60,87,114,139,149,181,181,200,216,216,314,314,334,334,103,123,123,123],"floor_reached":22,"playtime":1058,"items_purged":["Runesmith:Strike_RS"],"score":347,"play_id":"baf7c6b8-20b2-4598-9e93-db7817730204","local_time":"20201223193122","is_ascension_mode":true,"campfire_choices":[{"floor":6.0,"key":"REST"},{"floor":15.0,"key":"REST"}],"circlet_count":0,"master_deck":["Runesmith:Strike_RS","Runesmith:Strike_RS","Runesmith:Defend_RS","Runesmith:Defend_RS","Runesmith:Defend_RS","Runesmith:Defend_RS","Runesmith:CraftFirestone","Runesmith:Fortify+1","Runesmith:ChaoticBlast","Runesmith:BackupBattery+1","Runesmith:HeatedChisel","Runesmith:CraftObretio","Runesmith:FrozenChisel","Runesmith:Superposition","Runesmith:CreatorForm"],"relics":["Runesmith:BrokenRuby","Ginger","Potion Belt","Odd Mushroom","Ancient Tea Set","Vajra","Runic Dome","HandDrill"],"acts_visited":["Exordium","TheCity"],"potions_floor_usage":[],"damage_taken":[{"damage":4.0,"enemies":"2 Louse","floor":1.0,"turns":3.0},{"damage":3.0,"enemies":"Small Slimes","floor":2.0,"turns":3.0},{"damage":3.0,"enemies":"Cultist","floor":4.0,"turns":3.0},{"damage":13.0,"enemies":"Exordium Thugs","floor":5.0,"turns":7.0},{"damage":25.0,"enemies":"3 Sentries","floor":7.0,"turns":9.0},{"damage":14.0,"enemies":"The Mushroom Lair","floor":8.0,"turns":3.0},{"damage":6.0,"enemies":"Exordium Wildlife","floor":10.0,"turns":6.0},{"damage":1.0,"enemies":"Gremlin Nob","floor":11.0,"turns":4.0},{"damage":0.0,"enemies":"3 Louse","floor":13.0,"turns":2.0},{"damage":0.0,"enemies":"Looter","floor":14.0,"turns":3.0},{"damage":0,"enemies":"Hexaghost","floor":16,"turns":10},{"damage":22,"enemies":"3 Byrds","floor":18,"turns":4},{"damage":9,"enemies":"Spheric Guardian","floor":21,"turns":4},{"damage":17,"enemies":"Masked Bandits","floor":22,"turns":3}],"seed_played":"9195622136909253194","potions_obtained":[{"floor":4.0,"key":"Strength Potion"},{"floor":5.0,"key":"BlessingOfTheForge"},{"floor":10.0,"key":"DistilledChaos"},{"floor":11.0,"key":"ColorlessPotion"},{"floor":13.0,"key":"BlessingOfTheForge"},{"floor":21,"key":"BlessingOfTheForge"}],"is_trial":false,"path_per_floor":["M","M","?","M","M","R","E","?","T","M","E","?","M","M","R","B",null,"M","?","$","M","?"],"character_chosen":"RUNESMITH_CLASS","items_purchased":["HandDrill"],"campfire_rested":2,"item_purchase_floors":[20],"current_hp_per_floor":[59,56,42,39,26,47,22,8,8,2,1,1,1,1,22,22,58,36,23,23,14,0,0],"gold":123,"neow_bonus":"ONE_RARE_RELIC","is_daily":false,"chose_seed":false,"campfire_upgraded":0,"win_rate":0.0,"timestamp":1608719482,"path_taken":["M","M","?","M","M","R","E","?","T","M","E","?","?","M","R","BOSS","M","?","$","M","?"],"items_purchased_type":["Relic"],"build_version":"2020-12-22","purchased_purges":1,"victory":false,"max_hp_per_floor":[70,70,70,70,70,70,70,70,70,70,70,70,70,70,70,70,70,70,75,75,75,75,75],"card_choices":[{"not_picked":["Runesmith:RuneHurl","Runesmith:Permafrost"],"picked":"Runesmith:ChaoticBlast","floor":1.0},{"not_picked":["Runesmith:ChiselStab","Runesmith:EnergizedChisel"],"picked":"Runesmith:BackupBattery","floor":2.0},{"not_picked":["Runesmith:CraftMagma","Runesmith:Discharge"],"picked":"Runesmith:HeatedChisel","floor":4.0},{"not_picked":["Runesmith:UnstableHammer","Runesmith:Repurpose"],"picked":"Runesmith:CraftObretio","floor":5.0},{"not_picked":["Runesmith:UnstableHammer","Runesmith:Duplicate","Runesmith:StaticCage"],"picked":"SKIP","floor":7.0},{"not_picked":["Runesmith:EnergizedChisel","Runesmith:ShiftingStrike"],"picked":"Runesmith:FrozenChisel","floor":10.0},{"not_picked":["Runesmith:CraftIncendium","Runesmith:EarthShield","Runesmith:CraftMedicinae"],"picked":"SKIP","floor":11.0},{"not_picked":["Runesmith:Empowerment","Runesmith:CraftProtectio","Runesmith:Refine"],"picked":"SKIP","floor":13.0},{"not_picked":["Runesmith:ChargedHammer","Runesmith:FrozenChisel"],"picked":"Runesmith:Superposition","floor":14.0},{"not_picked":["Runesmith:ArcReactor","Runesmith:LightningRod"],"picked":"Runesmith:CreatorForm","floor":16},{"not_picked":["Runesmith:Overpower+1","Runesmith:HeatExchange+1","Runesmith:HammerThrow+1"],"picked":"SKIP","floor":18},{"not_picked":["Runesmith:ChargedHammer","Runesmith:CraftSpiculum","Runesmith:FrozenChisel"],"picked":"SKIP","floor":21}],"player_experience":753022,"relics_obtained":[{"floor":7.0,"key":"Potion Belt"},{"floor":8.0,"key":"Odd Mushroom"},{"floor":9.0,"key":"Ancient Tea Set"},{"floor":11.0,"key":"Vajra"}],"event_choices":[{"damage_healed":0.0,"max_hp_gain":0.0,"max_hp_loss":0.0,"gold_gain":0.0,"event_name":"Shining Light","player_choice":"Entered Light","floor":3.0,"gold_loss":0.0,"damage_taken":14.0,"cards_upgraded":["Runesmith:Fortify","Runesmith:BackupBattery"]},{"damage_healed":0.0,"max_hp_gain":0.0,"max_hp_loss":0.0,"gold_gain":0.0,"event_name":"Mushrooms","player_choice":"Fought Mushrooms","floor":8.0,"gold_loss":0.0,"damage_taken":0.0},{"cards_removed":["Runesmith:Strike_RS"],"damage_healed":0.0,"max_hp_gain":0.0,"max_hp_loss":0.0,"gold_gain":0.0,"event_name":"Wheel of Change","player_choice":"Card Removal","floor":12.0,"gold_loss":0.0,"damage_taken":0.0},{"damage_healed":0,"gold_gain":0,"player_choice":"Shed Blood","damage_taken":18,"max_hp_gain":5,"max_hp_loss":0,"event_name":"Forgotten Altar","floor":19,"gold_loss":0},{"damage_healed":0,"gold_gain":0,"player_choice":"Fought Bandits","damage_taken":0,"max_hp_gain":0,"max_hp_loss":0,"event_name":"Masked Bandits","floor":22,"gold_loss":0}],"is_beta":false,"boss_relics":[{"not_picked":["Runic Pyramid","Philosopher\u0027s Stone"],"picked":"Runic Dome"}],"items_purged_floors":[20],"is_endless":false,"potions_floor_spawned":[4,5,10,11,13,21],"killed_by":"Masked Bandits","ascension_level":8}}