{"host":"on8kfoejf6vp3cg3","time":1608764556,"event":{"mods":["AchievementEnabler","BaseMod","Better Match","Better Third Choice","Hermit","Minty Spire (QoL Compilation)","StSLib"],"gold_per_floor":[117,127,137,153,118,146,165,165,165,152,163,140,140,168,168,273,273,285,59,73,56,70,104,136,163,215,234,234,250,250,250,250,354,404,415,39,57,57,66,66,101,101,101,136,136,150,161,100,100,100],"floor_reached":51,"playtime":3687,"items_purged":[],"score":975,"play_id":"0929a5f0-3618-4576-8f99-215ee6330043","local_time":"20201223180236","daily_mods":["Insanity","Vintage","Heirloom","Time Dilation","Flight"],"is_ascension_mode":false,"campfire_choices":[{"floor":8,"key":"REST"},{"floor":13,"key":"REST"},{"floor":15,"key":"REST"},{"floor":28,"key":"REST"},{"floor":30,"key":"REST"},{"data":"Electrodynamics","floor":32,"key":"SMITH"},{"floor":40,"key":"DIG"},{"floor":45,"key":"DIG"},{"floor":49,"key":"DIG"}],"circlet_count":0,"master_deck":["Conserve Battery","Streamline","Rebound","Storm","Force Field+1","Consume","Fusion","Rebound","Ball Lightning","Compile Driver","Chill","Streamline","Barrage","Leap","Rebound","Chill+1","Coolheaded","Hello World","Go for the Eyes","Undo","Reinforced Body","Static Discharge","Glacier","Undo","Double Energy+1","Ball Lightning","Redo","Barrage","Reprogram","Beam Cell","Leap","Chaos","Go for the Eyes","Undo","Gash","Recycle","Redo","Hologram","Rip and Tear","Go for the Eyes","Hologram","Leap","Stack","Leap","Ball Lightning","Beam Cell","Hologram","Doom and Gloom","Gash","Ball Lightning","Aggregate","Leap","Turbo","Gash","Sweeping Beam","Electrodynamics+1","Defragment","FTL","Creative AI","Recycle+1","Core Surge","Double Energy+1","Double Energy+1","Gash","White Noise+1","Gash"],"relics":["Cracked Core","Unceasing Top","Juzu Bracelet","Bronze Scales","Question Card","Du-Vu Doll","Bird Faced Urn","Pen Nib","MawBank","Turnip","Akabeko","Pantograph","Membership Card","Lantern","Toxic Egg 2","Toy Ornithopter","Gremlin Horn","Strawberry","The Courier","Anchor","MealTicket","Tiny Chest","Tiny House","CeramicFish","Boot","Sling","FossilizedHelix","Shovel","Blood Vial","Happy Flower","Oddly Smooth Stone","War Paint","Symbiotic Virus","Blue Candle","Ancient Tea Set","Dead Branch","Dream Catcher","Vajra","StrikeDummy"],"acts_visited":["Exordium","TheCity","TheBeyond"],"potions_floor_usage":[16,16,16,33,33,50,50,50],"damage_taken":[{"damage":0,"enemies":"Cultist","floor":1,"turns":2},{"damage":0,"enemies":"Jaw Worm","floor":2,"turns":3},{"damage":15,"enemies":"Small Slimes","floor":3,"turns":3},{"damage":21,"enemies":"Exordium Thugs","floor":4,"turns":4},{"damage":0,"enemies":"Gremlin Nob","floor":6,"turns":3},{"damage":11,"enemies":"Lots of Slimes","floor":7,"turns":3},{"damage":0,"enemies":"Large Slime","floor":11,"turns":4},{"damage":14,"enemies":"Lagavulin","floor":14,"turns":4},{"damage":16,"enemies":"Hexaghost","floor":16,"turns":5},{"damage":5,"enemies":"Shell Parasite","floor":18,"turns":8},{"damage":9,"enemies":"3 Byrds","floor":20,"turns":3},{"damage":13,"enemies":"Centurion and Healer","floor":22,"turns":5},{"damage":9,"enemies":"Book of Stabbing","floor":23,"turns":5},{"damage":35,"enemies":"Gremlin Leader","floor":24,"turns":7},{"damage":11,"enemies":"Book of Stabbing","floor":25,"turns":6},{"damage":21,"enemies":"Snake Plant","floor":27,"turns":3},{"damage":0,"enemies":"Snecko","floor":29,"turns":1},{"damage":45,"enemies":"Collector","floor":33,"turns":10},{"damage":0,"enemies":"Orb Walker","floor":35,"turns":3},{"damage":0,"enemies":"3 Darklings","floor":37,"turns":3},{"damage":0,"enemies":"Giant Head","floor":41,"turns":9},{"damage":3,"enemies":"Nemesis","floor":44,"turns":5},{"damage":0,"enemies":"Spire Growth","floor":46,"turns":4},{"damage":0,"enemies":"Maw","floor":47,"turns":2},{"damage":68,"enemies":"Awakened One","floor":50,"turns":12}],"seed_played":"2977598824268033666","potions_obtained":[{"floor":4,"key":"Swift Potion"},{"floor":6,"key":"SpeedPotion"},{"floor":7,"key":"BlessingOfTheForge"},{"floor":16,"key":"PotionOfCapacity"},{"floor":24,"key":"FairyPotion"},{"floor":25,"key":"LiquidMemories"},{"floor":33,"key":"Energy Potion"},{"floor":34,"key":"EssenceOfSteel"},{"floor":37,"key":"Energy Potion"}],"is_trial":true,"path_per_floor":["M","M","M","M","$","E","M","R","T","$","M","$","R","E","R","B",null,"M","$","M","$","M","E","E","E","T","M","R","M","R","?","R","B",null,"M","$","M","?","?","R","E","T","T","E","R","M","M","$","R","B",null],"character_chosen":"DEFECT","items_purchased":["Aggregate","Turbo","Gash","Membership Card","Lantern","Defragment","Boot","Double Energy+1","Sling","FossilizedHelix","Shovel","Vajra"],"campfire_rested":5,"item_purchase_floors":[5,10,12,19,19,21,36,36,36,36,36,48],"current_hp_per_floor":[75,75,60,39,39,39,28,50,50,50,54,54,75,61,75,63,75,70,70,65,65,56,49,23,18,18,26,50,54,78,78,78,57,87,87,87,87,83,83,83,83,83,83,82,82,83,83,83,83,43],"gold":100,"neow_bonus":"","is_daily":false,"chose_seed":false,"campfire_upgraded":1,"win_rate":0.0,"timestamp":1608764556,"path_taken":["M","M","M","M","$","E","M","R","T","$","M","$","R","E","R","BOSS","M","$","M","$","M","E","E","E","T","M","R","M","R","?","R","BOSS","M","$","M","?","?","R","E","?","T","E","R","M","M","$","R","BOSS"],"items_purchased_type":["Card","Card","Card","Relic","Relic","Card","Relic","Card","Relic","Relic","Relic","Relic"],"build_version":"2020-12-22","purchased_purges":0,"victory":true,"max_hp_per_floor":[75,75,75,75,75,75,75,75,75,75,75,75,75,75,75,75,75,75,75,75,75,75,75,82,82,82,82,82,82,82,82,82,82,87,87,87,87,83,83,83,83,83,83,83,83,83,83,83,83,83],"card_choices":[{"not_picked":["Rip and Tear","Stack","Streamline"],"picked":"Leap","floor":6},{"not_picked":["Thunder Strike","Hologram","Go for the Eyes"],"picked":"Sweeping Beam","floor":14},{"not_picked":["Hyperbeam","Reboot","Biased Cognition"],"picked":"Electrodynamics","floor":16},{"not_picked":["Compile Driver+1","Force Field+1","Sweeping Beam"],"picked":"FTL","floor":23},{"not_picked":["Reprogram+1","Consume+1","Streamline"],"picked":"Creative AI","floor":24},{"not_picked":["Cold Snap","Redo+1","Barrage+1"],"picked":"Recycle+1","floor":25},{"not_picked":["Biased Cognition","Multi-Cast+1","Creative AI"],"picked":"Core Surge","floor":33},{"not_picked":["Melter","Sunder+1","Compile Driver+1"],"picked":"Double Energy+1","floor":34},{"not_picked":["Compile Driver+1","Coolheaded+1","Amplify+1"],"picked":"White Noise+1","floor":41},{"not_picked":["Capacitor","Loop","Static Discharge+1"],"picked":"Gash","floor":44}],"player_experience":260606,"relics_obtained":[{"floor":1,"key":"Juzu Bracelet"},{"floor":2,"key":"Bronze Scales"},{"floor":3,"key":"Question Card"},{"floor":4,"key":"Du-Vu Doll"},{"floor":6,"key":"Bird Faced Urn"},{"floor":7,"key":"Pen Nib"},{"floor":9,"key":"MawBank"},{"floor":11,"key":"Turnip"},{"floor":14,"key":"Akabeko"},{"floor":18,"key":"Pantograph"},{"floor":20,"key":"Toxic Egg 2"},{"floor":22,"key":"Toy Ornithopter"},{"floor":23,"key":"Gremlin Horn"},{"floor":24,"key":"Strawberry"},{"floor":25,"key":"The Courier"},{"floor":26,"key":"Anchor"},{"floor":27,"key":"MealTicket"},{"floor":29,"key":"Tiny Chest"},{"floor":35,"key":"CeramicFish"},{"floor":37,"key":"Blood Vial"},{"floor":40,"key":"Happy Flower"},{"floor":41,"key":"Oddly Smooth Stone"},{"floor":42,"key":"War Paint"},{"floor":43,"key":"Symbiotic Virus"},{"floor":44,"key":"Blue Candle"},{"floor":45,"key":"Ancient Tea Set"},{"floor":46,"key":"Dead Branch"},{"floor":47,"key":"Dream Catcher"},{"floor":49,"key":"StrikeDummy"}],"event_choices":[{"damage_healed":0,"gold_gain":0,"player_choice":"Ignored","damage_taken":0,"max_hp_gain":0,"max_hp_loss":0,"event_name":"The Mausoleum","floor":31,"gold_loss":0},{"damage_healed":0,"gold_gain":0,"player_choice":"Max HP","damage_taken":0,"max_hp_gain":0,"max_hp_loss":4,"event_name":"Winding Halls","floor":38,"gold_loss":0},{"damage_healed":0,"gold_gain":0,"player_choice":"Copied","damage_taken":0,"max_hp_gain":0,"max_hp_loss":0,"event_name":"Duplicator","floor":39,"gold_loss":0,"cards_obtained":["Gash"]}],"is_beta":false,"boss_relics":[{"not_picked":["Ectoplasm","Sozu","Fusion Hammer"]},{"not_picked":["Snecko Eye","Calling Bell"],"picked":"Tiny House"}],"items_purged_floors":[],"is_endless":false,"potions_floor_spawned":[4,6,7,16,20,24,25,33,37,41,46,47],"ascension_level":0}}