{"host":"vvaf77k5q4hdboei","time":1608690269,"event":{"mods":["BaseMod","Block Reminder","Curses Come First","DeckTracker","Hubris","Marisa????????","Minty Spire (QoL Compilation)","Quick Restart","Rare Cards Sparkle","Replay The Spire","Shade Mod","StSLib","The Cursed","The Hierophant","The Marked","The Necromancer","The Servant 0.9.4","The Wild Card"],"gold_per_floor":[119,129,201,276,276,276,303,303,303,303,303,321,336,362,362,459,459,473,473,71,71,81,81,81],"floor_reached":23,"playtime":1279,"items_purged":[],"score":222,"play_id":"fec4248d-9997-4b5f-bb0f-432aa7465fb6","local_time":"20201223002429","is_ascension_mode":false,"campfire_choices":[{"data":"theMarked:SoldierOfQuellstein","floor":6.0,"key":"SMITH"},{"data":"theMarked:Electrocute","floor":8.0,"key":"SMITH"},{"data":"theMarked:MysticalArsenal","floor":11.0,"key":"SMITH"},{"floor":15.0,"key":"REST"}],"circlet_count":0,"master_deck":["theMarked:Defend","theMarked:Defend","theMarked:Defend+1","theMarked:Defend","theMarked:SoldierOfQuellstein+1","theMarked:CreepingChasm","theMarked:Static","theMarked:MysticalArsenal+1","theMarked:Electrocute+1","theMarked:Challenge","theMarked:BanishingStrike","theMarked:BindingBlade+1","theMarked:BindingBlade","theMarked:Overcharge","Bite","Bite","Bite","Bite","Bite","theMarked:WardOff"],"relics":["theMarked:ArtifactOfAir","ReplayTheSpireMod:TigerMarble","hubris:OldNail","MealTicket","Peace Pipe","hubris:Towel","Meat on the Bone","Black Star","ReplayTheSpireMod:Ninjato","War Paint","hubris:BottledHeart"],"acts_visited":["Exordium","TheCity"],"potions_floor_usage":[16,16,16,23],"damage_taken":[{"damage":4.0,"enemies":"Jaw Worm","floor":1.0,"turns":5.0},{"damage":0.0,"enemies":"2 Louse","floor":2.0,"turns":3.0},{"damage":17.0,"enemies":"3 Sentries","floor":7.0,"turns":5.0},{"damage":0.0,"enemies":"Small Slimes","floor":12.0,"turns":3.0},{"damage":0.0,"enemies":"2 Fungi Beasts","floor":13.0,"turns":2.0},{"damage":28.0,"enemies":"Gremlin Nob","floor":14.0,"turns":4.0},{"damage":16,"enemies":"Slime Boss","floor":16,"turns":5},{"damage":0,"enemies":"Spheric Guardian","floor":18,"turns":1},{"damage":0,"enemies":"Chosen","floor":22,"turns":3},{"damage":6,"enemies":"Gremlin Leader","floor":23,"turns":3}],"seed_played":"9197356169625898004","potions_obtained":[{"floor":1.0,"key":"Explosive Potion"},{"floor":3.0,"key":"CultistPotion"},{"floor":3.0,"key":"SteroidPotion"},{"floor":16,"key":"SteroidPotion"},{"floor":22,"key":"PowerPotion"}],"is_trial":false,"path_per_floor":["M","M","?","?","T","R","E","R","T","?","R","M","M","E","R","B",null,"M","?","$","?","M","E"],"character_chosen":"THE_DEFAULT","items_purchased":["ReplayTheSpireMod:Ninjato","War Paint"],"campfire_rested":1,"item_purchase_floors":[20,20],"current_hp_per_floor":[73,73,73,62,62,62,45,45,45,45,45,45,45,17,40,36,77,77,53,53,1,1,0,0],"gold":81,"neow_bonus":"TEN_PERCENT_HP_BONUS","is_daily":false,"chose_seed":false,"campfire_upgraded":3,"win_rate":0.0,"timestamp":1608690269,"path_taken":["M","M","?","?","?","R","E","R","T","?","R","M","M","E","R","BOSS","M","?","$","?","M","E"],"items_purchased_type":["Relic","Relic"],"build_version":"2020-12-13","purchased_purges":0,"victory":false,"max_hp_per_floor":[77,77,77,77,77,77,77,77,77,77,77,77,77,77,77,77,77,77,53,53,1,1,1,1],"card_choices":[{"not_picked":["theMarked:MysticalArsenal","theMarked:HeightenedSenses"],"picked":"theMarked:CreepingChasm","floor":1.0},{"not_picked":["theMarked:ParalyzingBlade","theMarked:ElectricStrings"],"picked":"theMarked:Static","floor":2.0},{"not_picked":["theMarked:Frustration","theMarked:Overthink"],"picked":"theMarked:MysticalArsenal","floor":3.0},{"not_picked":["theMarked:Frustration","theMarked:Aftermath"],"picked":"theMarked:Electrocute","floor":7.0},{"not_picked":["theMarked:HeightenedSenses","theMarked:RepellingDischarge"],"picked":"theMarked:Challenge","floor":12.0},{"not_picked":["theMarked:ResourceFulStrike","theMarked:TakeCover"],"picked":"theMarked:BanishingStrike","floor":13.0},{"not_picked":["theMarked:MaelstromOfLightning","theMarked:WastefulAttack"],"picked":"theMarked:BindingBlade","floor":14.0},{"not_picked":["theMarked:Challenge","theMarked:MuscleMemory"],"picked":"theMarked:BindingBlade","floor":16},{"not_picked":["theMarked:SwordAndMagic","theMarked:CreepingChasm+1"],"picked":"theMarked:Overcharge","floor":18},{"not_picked":["theMarked:PowerFlow","theMarked:HeightenedSenses"],"picked":"theMarked:WardOff","floor":22}],"player_experience":17743,"relics_obtained":[{"floor":3.0,"key":"ReplayTheSpireMod:TigerMarble"},{"floor":5.0,"key":"hubris:OldNail"},{"floor":7.0,"key":"MealTicket"},{"floor":9.0,"key":"Peace Pipe"},{"floor":14.0,"key":"Meat on the Bone"}],"event_choices":[{"damage_healed":0.0,"max_hp_gain":0.0,"max_hp_loss":0.0,"gold_gain":75.0,"event_name":"World of Goop","player_choice":"Gather Gold","floor":4.0,"gold_loss":0.0,"damage_taken":11.0},{"damage_healed":0,"gold_gain":0,"player_choice":"Became a vampire","damage_taken":0,"max_hp_gain":0,"max_hp_loss":24,"event_name":"Vampires","floor":19,"gold_loss":0,"cards_obtained":["Bite","Bite","Bite","Bite","Bite"]}],"is_beta":false,"boss_relics":[{"not_picked":["Ectoplasm","Empty Cage"],"picked":"Black Star"}],"items_purged_floors":[],"is_endless":false,"potions_floor_spawned":[1,12,14,16,22],"killed_by":"Gremlin Leader","ascension_level":0}}