{"host":"69rply1jf2d1wbmp","time":1608715498,"event":{"mods":["BaseMod","Minty Spire (QoL Compilation)","Quick Restart"],"gold_per_floor":[419,90,38,213,213,249,296,339,377,407,457,469,481,508,520,657,669,706,718,88,112,12,46,46,46,46,80,99,99,99,139,139,258,258,276,276,339,40,85,128,163,163,163,206,230,230,230,245,245,245],"floor_reached":51,"playtime":1690,"items_purged":["Thunderclap"],"score":893,"play_id":"314f7269-8a20-4857-ae17-5f2450ef67ba","local_time":"20201223042458","daily_mods":["SealedDeck","Heirloom","Flight"],"is_ascension_mode":false,"campfire_choices":[{"data":"Trip","floor":13,"key":"SMITH"},{"floor":15,"key":"REST"},{"data":"Flame Barrier","floor":24,"key":"SMITH"},{"data":"Rampage","floor":25,"key":"SMITH"},{"floor":29,"key":"REST"},{"data":"Demon Form","floor":30,"key":"SMITH"},{"data":"1","floor":32,"key":"LIFT"},{"floor":42,"key":"REST"},{"data":"2","floor":46,"key":"LIFT"},{"data":"3","floor":47,"key":"LIFT"},{"floor":49,"key":"REST"}],"circlet_count":0,"master_deck":["Cleave","Battle Trance","Ghostly Armor","Pommel Strike","Cleave+1","Whirlwind","Rampage+1","Flame Barrier+1","Shrug It Off","Shrug It Off","Trip+1","Anger","Feed+1","Sword Boomerang+1","Body Slam+1","Flame Barrier"],"relics":["Burning Blood","Old Coin","Bronze Scales","Golden Idol","MawBank","Bag of Preparation","Regal Pillow","Boot","Vajra","Runic Cube","Nunchaku","StoneCalendar","Strawberry","Potion Belt","Red Mask","Girya","Black Star","Charon\u0027s Ashes","Toolbox","Letter Opener","Matryoshka","Akabeko","Pantograph","Happy Flower","Oddly Smooth Stone","Whetstone","Blood Vial","Omamori","Pen Nib"],"acts_visited":["Exordium","TheCity","TheBeyond"],"potions_floor_usage":[16,26,33,33,33,33,41,41,44,44,50,50],"damage_taken":[{"damage":0,"enemies":"Jaw Worm","floor":1,"turns":3},{"damage":18,"enemies":"Gremlin Nob","floor":6,"turns":4},{"damage":16,"enemies":"Lagavulin","floor":7,"turns":5},{"damage":7,"enemies":"3 Sentries","floor":8,"turns":4},{"damage":2,"enemies":"Small Slimes","floor":10,"turns":2},{"damage":20,"enemies":"Lagavulin","floor":11,"turns":4},{"damage":0,"enemies":"Cultist","floor":14,"turns":2},{"damage":30,"enemies":"Hexaghost","floor":16,"turns":6},{"damage":0,"enemies":"3 Byrds","floor":18,"turns":2},{"damage":10,"enemies":"2 Thieves","floor":21,"turns":3},{"damage":25,"enemies":"Slavers","floor":23,"turns":4},{"damage":34,"enemies":"Masked Bandits","floor":27,"turns":4},{"damage":0,"enemies":"Cultist and Chosen","floor":28,"turns":3},{"damage":29,"enemies":"Book of Stabbing","floor":31,"turns":4},{"damage":18,"enemies":"Automaton","floor":33,"turns":5},{"damage":0,"enemies":"Orb Walker","floor":35,"turns":2},{"damage":0,"enemies":"Mind Bloom Boss Battle","floor":37,"turns":3},{"damage":3,"enemies":"3 Shapes","floor":39,"turns":2},{"damage":54,"enemies":"Giant Head","floor":40,"turns":7},{"damage":27,"enemies":"Nemesis","floor":41,"turns":5},{"damage":17,"enemies":"Giant Head","floor":44,"turns":5},{"damage":0,"enemies":"Sphere and 2 Shapes","floor":48,"turns":2},{"damage":42,"enemies":"Donu and Deca","floor":50,"turns":6}],"seed_played":"-4725601696868608428","potions_obtained":[{"floor":8,"key":"SpeedPotion"},{"floor":18,"key":"FearPotion"},{"floor":28,"key":"Block Potion"},{"floor":37,"key":"Strength Potion"},{"floor":41,"key":"EssenceOfSteel"}],"is_trial":true,"path_per_floor":["M","$","$","?","?","E","E","E","T","M","E","?","R","M","R","B",null,"M","?","$","M","$","E","R","R","T","?","M","R","R","E","R","B",null,"M","?","?","$","M","E","E","R","T","E","T","R","R","M","R","B",null],"character_chosen":"IRONCLAD","items_purchased":["Bronze Scales","Shrug It Off","PowerPotion","Trip","SkillPotion","Demon Form","Nunchaku","StoneCalendar","EntropicBrew","Toolbox","PowerPotion","ColorlessPotion","Strength Potion"],"campfire_rested":4,"item_purchase_floors":[2,2,2,2,3,20,20,20,22,38,38,38,38],"current_hp_per_floor":[80,80,80,80,80,68,58,57,57,61,47,47,47,53,80,56,80,80,80,80,76,76,64,64,64,64,39,45,87,87,64,64,52,90,93,93,93,93,93,45,24,66,66,55,55,55,55,67,97,61],"gold":245,"neow_bonus":"","is_daily":false,"chose_seed":false,"campfire_upgraded":4,"win_rate":0.0,"timestamp":1608715498,"path_taken":["M","$","$","?","?","E","E","E","T","?","E","?","R","M","R","BOSS","M","?","$","?","$","E","R","R","T","?","M","R","R","E","R","BOSS","M","?","?","$","M","E","E","R","T","E","?","R","R","?","R","BOSS"],"items_purchased_type":["Relic","Card","Potion","Card","Potion","Card","Relic","Relic","Potion","Relic","Potion","Potion","Potion"],"build_version":"2020-12-22","purchased_purges":1,"victory":true,"max_hp_per_floor":[80,80,80,80,80,80,80,80,80,80,80,80,80,80,80,80,80,80,80,80,80,80,87,87,87,87,90,90,90,90,90,90,90,90,93,93,93,93,93,93,93,93,93,93,93,93,93,97,97,97],"card_choices":[{"not_picked":["Twin Strike","True Grit","Wild Strike"],"picked":"SKIP","floor":1},{"not_picked":["Dropkick","Battle Trance"],"picked":"Anger","floor":6},{"not_picked":["Anger","Sword Boomerang","Iron Wave"],"picked":"SKIP","floor":7},{"not_picked":["Shrug It Off","Pummel","Rage"],"picked":"SKIP","floor":8},{"not_picked":["Fire Breathing","Sword Boomerang","Sentinel"],"picked":"SKIP","floor":10},{"not_picked":["Evolve","Bloodletting","Dropkick"],"picked":"SKIP","floor":11},{"not_picked":["Immolate","Body Slam","Whirlwind"],"picked":"SKIP","floor":14},{"not_picked":["Juggernaut","Impervious"],"picked":"Feed","floor":16},{"not_picked":["Fire Breathing","Body Slam"],"picked":"Sword Boomerang+1","floor":18},{"not_picked":["Flex","Shrug It Off","Pommel Strike"],"picked":"SKIP","floor":21},{"not_picked":["Entrench","Sentinel+1","Twin Strike"],"picked":"SKIP","floor":23},{"not_picked":["Intimidate","Shrug It Off","Entrench"],"picked":"SKIP","floor":28},{"not_picked":["Limit Break","Whirlwind+1","Havoc"],"picked":"SKIP","floor":31},{"not_picked":["Sever Soul+1","Heavy Blade+1"],"picked":"Body Slam+1","floor":35},{"not_picked":["Entrench","Clash","Cleave+1"],"picked":"SKIP","floor":39},{"not_picked":["Clash","Blood for Blood+1","Havoc+1"],"picked":"SKIP","floor":40},{"not_picked":["Barricade","Thunderclap","Headbutt"],"picked":"SKIP","floor":41},{"not_picked":["Reckless Charge","Thunderclap+1","Heavy Blade"],"picked":"SKIP","floor":44},{"not_picked":["Clothesline+1","Body Slam+1"],"picked":"Flame Barrier","floor":48}],"player_experience":395252,"relics_obtained":[{"floor":6,"key":"MawBank"},{"floor":7,"key":"Bag of Preparation"},{"floor":8,"key":"Regal Pillow"},{"floor":9,"key":"Boot"},{"floor":11,"key":"Vajra"},{"floor":23,"key":"Strawberry"},{"floor":26,"key":"Potion Belt"},{"floor":27,"key":"Red Mask"},{"floor":31,"key":"Girya"},{"floor":37,"key":"Charon\u0027s Ashes"},{"floor":40,"key":"Letter Opener"},{"floor":40,"key":"Matryoshka"},{"floor":41,"key":"Akabeko"},{"floor":41,"key":"Pantograph"},{"floor":43,"key":"Happy Flower"},{"floor":43,"key":"Oddly Smooth Stone"},{"floor":44,"key":"Whetstone"},{"floor":44,"key":"Blood Vial"},{"floor":45,"key":"Omamori"},{"floor":45,"key":"Pen Nib"}],"event_choices":[{"damage_healed":0,"gold_gain":175,"player_choice":"AGREE","damage_taken":0,"max_hp_gain":0,"max_hp_loss":0,"event_name":"Liars Game","floor":4,"gold_loss":0,"cards_obtained":["Doubt"]},{"damage_healed":0,"gold_gain":0,"player_choice":"Take Wound","damage_taken":0,"relics_obtained":["Golden Idol"],"max_hp_gain":0,"max_hp_loss":0,"event_name":"Golden Idol","floor":5,"gold_loss":0,"cards_obtained":["Injury"]},{"cards_removed":["Injury","Doubt"],"damage_healed":0,"gold_gain":0,"player_choice":"Removed Curses","damage_taken":0,"max_hp_gain":0,"max_hp_loss":0,"event_name":"Fountain of Cleansing","floor":12,"gold_loss":0},{"damage_healed":0,"gold_gain":0,"player_choice":"Ignored","damage_taken":0,"max_hp_gain":0,"max_hp_loss":0,"event_name":"NoteForYourself","floor":19,"gold_loss":0},{"damage_healed":0,"gold_gain":0,"player_choice":"Fought Bandits","damage_taken":0,"max_hp_gain":0,"max_hp_loss":0,"event_name":"Masked Bandits","floor":27,"gold_loss":0},{"cards_removed":["Demon Form"],"damage_healed":0,"gold_gain":0,"player_choice":"Removed Power","damage_taken":0,"max_hp_gain":0,"max_hp_loss":0,"event_name":"Falling","floor":36,"gold_loss":0},{"damage_healed":0,"gold_gain":0,"player_choice":"Fight","damage_taken":0,"max_hp_gain":0,"max_hp_loss":0,"event_name":"MindBloom","floor":37,"gold_loss":0}],"is_beta":false,"boss_relics":[{"not_picked":["Coffee Dripper","Astrolabe"],"picked":"Runic Cube"},{"not_picked":["Tiny House","Velvet Choker"],"picked":"Black Star"}],"items_purged_floors":[20],"is_endless":false,"potions_floor_spawned":[8,11,16,18,23,28,31,37,39,40,41],"ascension_level":0}}