{"host":"j204k34h42bd6fas","time":1608702575,"event":{"mods":["Aspiration","BaseMod","Colored Map","Colored Powertips","Conspire","Hubris","Infinite Spire","Mimic Mod","Minty Spire (QoL Compilation)","Rare Cards Sparkle","Relic Stats","Replay The Spire","Say the Spire","StSLib","The Cursed"],"gold_per_floor":[119,41,41,41,54,54,27,27,27,62,62,90,142,159,159,264,264,282,282,282,301,321,348,364,364,364,364,380,380,427,427,427,546,546,573,573,595,595,601,601],"floor_reached":39,"playtime":1154,"items_purged":[],"score":540,"play_id":"d0373abf-d9d5-469d-842d-3baf12c0e63b","local_time":"20201223004935","is_ascension_mode":true,"campfire_choices":[{"data":"Second Wind","floor":6,"key":"SMITH"},{"data":"Havoc","floor":8,"key":"SMITH"},{"data":"Feel No Pain","floor":11,"key":"SMITH"},{"data":"Infernal Blade","floor":15,"key":"SMITH"},{"data":"Searing Blow","floor":25,"key":"SMITH"},{"data":"Searing Blow+1","floor":25,"key":"SMITH"},{"data":"Searing Blow+2","floor":27,"key":"SMITH"},{"data":"Searing Blow+3","floor":27,"key":"SMITH"},{"floor":29,"key":"DIG"},{"data":"Searing Blow+4","floor":32,"key":"SMITH"},{"data":"Searing Blow+5","floor":32,"key":"SMITH"}],"circlet_count":0,"master_deck":["Strike_R","Strike_R","Strike_R","Strike_R","Strike_R","Defend_R","Defend_R","Defend_R","Bash","Infernal Blade+1","Feel No Pain+1","Second Wind+1","Havoc+1","Immolate+1","Carnage","Eclipse+1","Intimidate+1","CurseOfTheBell","ReplayTheSpireMod:Strike From Hell","hubris:ReadiedAction","Searing Blow+7","Bloodletting","ReplayTheSpireMod:Stacked+1","Rampage+1","Demonic Infusion+1","Fiend Fire+1","Searing Blow+7"],"relics":["Burning Blood","NeowsBlessing","hubris:Towel","hubris:Icosahedron","Bottled Tornado","Golden Egg","hubris:Metronome","Boot","Ring of Chaos","hubris:HerbalPaste","Calling Bell","Omamori","Gremlin Horn","Replay:Multitool","Replay:Arrowhead","Mummified Hand","Replay:Bandana","infinitespire:Golems Mask","conspire:RoyalGoblet"],"acts_visited":["Exordium","TheCity","TheBeyond"],"potions_floor_usage":[23,23,33,33,33],"damage_taken":[{"damage":0,"enemies":"Cultist","floor":1,"turns":1},{"damage":0,"enemies":"Jaw Worm","floor":5,"turns":1},{"damage":0,"enemies":"Gremlin Nob","floor":10,"turns":1},{"damage":23,"enemies":"3 Sentries","floor":12,"turns":5},{"damage":7,"enemies":"Small Slimes","floor":14,"turns":3},{"damage":106,"enemies":"Hexaghost","floor":16,"turns":11},{"damage":8,"enemies":"Shell Parasite","floor":18,"turns":4},{"damage":2,"enemies":"Spheric Guardian","floor":21,"turns":4},{"damage":29,"enemies":"Cultist and Chosen","floor":22,"turns":6},{"damage":15,"enemies":"Gremlin Leader","floor":23,"turns":3},{"damage":15,"enemies":"Snecko","floor":24,"turns":5},{"damage":0,"enemies":"3 Cultists","floor":28,"turns":2},{"damage":13,"enemies":"Slavers","floor":30,"turns":3},{"damage":47,"enemies":"conspire:MysteriousRune","floor":33,"turns":8},{"damage":6,"enemies":"Orb Walker","floor":35,"turns":2},{"damage":50,"enemies":"3 Shapes","floor":37,"turns":5},{"damage":68,"enemies":"Transient","floor":39,"turns":5}],"seed_played":"-7827572063493261948","potions_obtained":[{"floor":1,"key":"FairyPotion"},{"floor":10,"key":"Toxic Potion"},{"floor":16,"key":"FearPotion"},{"floor":18,"key":"DuplicationPotion"},{"floor":22,"key":"Cursed Concoction"},{"floor":23,"key":"Cursed Concoction"},{"floor":30,"key":"Dexterity Potion"}],"is_trial":false,"path_per_floor":["M","$","?","?","M","R","$","R","T","E","R","E","T","M","R","B",null,"M","AVR","?","M","M","E","M","R","T","R","M","R","E","?","R","B",null,"M","?","M","?","M"],"character_chosen":"IRONCLAD","items_purchased":["Feel No Pain","Havoc"],"campfire_rested":0,"item_purchase_floors":[2,7],"current_hp_per_floor":[80,80,80,80,80,80,80,80,80,80,80,63,63,62,62,12,80,78,78,78,80,60,56,53,53,53,53,62,62,60,44,44,9,80,80,80,39,39,0,0],"gold":601,"neow_bonus":"THREE_ENEMY_KILL","is_daily":false,"chose_seed":false,"campfire_upgraded":10,"win_rate":0.0,"timestamp":1608702575,"path_taken":["M","?","?","?","M","R","?","R","T","E","R","E","?","M","R","BOSS","M","AVR","?","M","M","E","M","R","T","R","M","R","E","?","R","BOSS","M","?","?","?","M"],"items_purchased_type":["Card","Card"],"build_version":"2020-12-22","purchased_purges":0,"victory":false,"max_hp_per_floor":[80,80,80,80,80,80,80,80,80,80,80,80,80,80,80,80,80,80,80,80,80,80,80,80,80,80,80,80,80,80,80,80,80,80,80,80,80,80,80,80],"relic_stats":{"Gremlin Horn":[9,9],"counters":[17,69],"Mummified Hand":[9],"Boot":[23],"obtain_stats":[{"Golden Egg":10,"hubris:Metronome":12,"NeowsBlessing":0,"Gremlin Horn":19,"conspire:RoyalGoblet":34,"Ring of Chaos":17,"Omamori":19,"Replay:Multitool":19,"hubris:Towel":3,"Bottled Tornado":9,"Boot":13,"Burning Blood":0,"Replay:Arrowhead":23,"Calling Bell":19,"Replay:Bandana":29,"hubris:Icosahedron":4,"hubris:HerbalPaste":19,"Mummified Hand":26,"infinitespire:Golems Mask":30},{"Golden Egg":3,"hubris:Metronome":4,"NeowsBlessing":0,"Gremlin Horn":7,"conspire:RoyalGoblet":14,"Ring of Chaos":6,"Omamori":7,"Replay:Multitool":7,"hubris:Towel":1,"Bottled Tornado":2,"Boot":4,"Burning Blood":0,"Replay:Arrowhead":10,"Calling Bell":7,"Replay:Bandana":12,"hubris:Icosahedron":1,"hubris:HerbalPaste":7,"Mummified Hand":11,"infinitespire:Golems Mask":13},{"Golden Egg":3,"hubris:Metronome":8,"NeowsBlessing":0,"Gremlin Horn":26,"conspire:RoyalGoblet":57,"Ring of Chaos":22,"Omamori":26,"Replay:Multitool":26,"hubris:Towel":1,"Bottled Tornado":2,"Boot":8,"Burning Blood":0,"Replay:Arrowhead":39,"Calling Bell":26,"Replay:Bandana":46,"hubris:Icosahedron":1,"hubris:HerbalPaste":26,"Mummified Hand":44,"infinitespire:Golems Mask":49}],"Burning Blood":73},"card_choices":[{"not_picked":["Perfected Strike","hubris:ReadiedAction"],"picked":"Infernal Blade","floor":1},{"not_picked":["ReplayTheSpireMod:Stacked","Carnage"],"picked":"Second Wind","floor":5},{"not_picked":["Body Slam","Replay:Undeath\u0027s Touch"],"picked":"Immolate","floor":10},{"not_picked":["Shrug It Off","Clothesline"],"picked":"Carnage","floor":12},{"not_picked":["Heavy Blade","Iron Wave","Blood for Blood"],"picked":"SKIP","floor":14},{"not_picked":["Double Tap","Demon Form"],"picked":"Eclipse","floor":16},{"not_picked":["Headbutt","Life Link"],"picked":"Intimidate+1","floor":18},{"not_picked":["Headbutt","Twin Strike"],"picked":"ReplayTheSpireMod:Strike From Hell","floor":21},{"not_picked":["Body Slam","Perfected Strike+1"],"picked":"hubris:ReadiedAction","floor":22},{"not_picked":["Battle Trance","Thunderclap"],"picked":"Searing Blow","floor":23},{"not_picked":["Twin Strike","Replay:Undeath\u0027s Touch"],"picked":"Bloodletting","floor":24},{"not_picked":["Twin Strike","infinitespire:OneForAll"],"picked":"ReplayTheSpireMod:Stacked+1","floor":28},{"not_picked":["Clothesline","Disarm"],"picked":"Rampage+1","floor":30},{"not_picked":["Limit Break","Impervious"],"picked":"Demonic Infusion","floor":33},{"not_picked":["Armaments+1","ReplayTheSpireMod:Muscle Training+1"],"picked":"Fiend Fire","floor":35},{"not_picked":["Clash+1","Armaments","Fire Breathing"],"picked":"SKIP","floor":37}],"player_experience":285049,"relics_obtained":[{"floor":9,"key":"Bottled Tornado"},{"floor":10,"key":"Golden Egg"},{"floor":12,"key":"hubris:Metronome"},{"floor":13,"key":"Boot"},{"floor":19,"key":"Omamori"},{"floor":19,"key":"Gremlin Horn"},{"floor":19,"key":"Replay:Multitool"},{"floor":23,"key":"Replay:Arrowhead"},{"floor":26,"key":"Mummified Hand"},{"floor":29,"key":"Replay:Bandana"},{"floor":30,"key":"infinitespire:Golems Mask"}],"event_choices":[{"cards_removed":["Defend_R"],"damage_healed":0,"gold_gain":0,"player_choice":"Elegance","damage_taken":0,"max_hp_gain":0,"max_hp_loss":0,"event_name":"Back to Basics","floor":20,"gold_loss":0},{"damage_healed":0,"gold_gain":0,"player_choice":"Obtained Book","damage_taken":16,"max_hp_gain":0,"max_hp_loss":0,"event_name":"Cursed Tome","floor":31,"gold_loss":0},{"damage_healed":0,"gold_gain":0,"player_choice":"Upgraded","damage_taken":0,"max_hp_gain":0,"max_hp_loss":0,"event_name":"Upgrade Shrine","floor":36,"gold_loss":0,"cards_upgraded":["Searing Blow"]},{"damage_healed":0,"gold_gain":0,"player_choice":"Copied","damage_taken":0,"max_hp_gain":0,"max_hp_loss":0,"event_name":"Duplicator","floor":38,"gold_loss":0,"cards_obtained":["Searing Blow"]}],"is_beta":false,"boss_relics":[{"not_picked":["conspire:SeveredTorchhead","Snecko Eye"],"picked":"Ring of Chaos"},{"not_picked":["Pandora\u0027s Box","hubris:Stopwatch"],"picked":"conspire:RoyalGoblet"}],"items_purged_floors":[],"is_endless":false,"potions_floor_spawned":[1,10,16,18,22,23,30],"killed_by":"Transient","ascension_level":4}}