{"host":"qbnk2vkaq38efxaz","time":1608685667,"event":{"mods":["BaseMod","Minty Spire (QoL Compilation)"],"gold_per_floor":[119,135,153,171,181,208,218,218,269,288,320,320,332,187,187,286,286,299,312,22,22,37,51,80,94,145,164,164,180,180,194,194,298,348,360,360,1,1,54,65,65,0,0,16,16,43,56,56,56],"floor_reached":48,"playtime":3894,"items_purged":["Heel Hook","Strike_G","Strike_G"],"score":600,"play_id":"2ee6c99e-128c-4072-aa83-259cd00fa98e","local_time":"20201222170747","is_ascension_mode":true,"campfire_choices":[{"floor":8,"key":"REST"},{"data":"After Image","floor":12,"key":"SMITH"},{"floor":15,"key":"REST"},{"floor":28,"key":"REST"},{"floor":30,"key":"REST"},{"floor":32,"key":"REST"},{"floor":41,"key":"REST"},{"floor":45,"key":"REST"}],"circlet_count":0,"master_deck":["Strike_G","Strike_G","Strike_G","Defend_G","Defend_G","Defend_G","Defend_G","Defend_G","Survivor","Neutralize","Deadly Poison","Flying Knee","Dash","After Image+1","Terror","Deadly Poison","Poisoned Stab","Bane","Deadly Poison","Bouncing Flask","Corpse Explosion+1","Crippling Poison+1","Noxious Fumes","Sadistic Nature","Sadistic Nature","Bane+1","Noxious Fumes"],"relics":["Ring of the Snake","The Specimen","Boot","Prayer Wheel","Busted Crown","Molten Egg 2","Tiny House","Potion Belt","Mango","Red Mask","Orichalcum","MealTicket"],"acts_visited":["Exordium","TheCity","TheBeyond"],"potions_floor_usage":[11,11,16,16,24,24,33,33,46],"damage_taken":[{"damage":3,"enemies":"Cultist","floor":1,"turns":6},{"damage":12,"enemies":"Jaw Worm","floor":2,"turns":5},{"damage":0,"enemies":"2 Louse","floor":3,"turns":2},{"damage":0,"enemies":"2 Fungi Beasts","floor":4,"turns":5},{"damage":6,"enemies":"Large Slime","floor":5,"turns":9},{"damage":9,"enemies":"3 Sentries","floor":6,"turns":13},{"damage":12,"enemies":"Exordium Wildlife","floor":7,"turns":7},{"damage":3,"enemies":"Looter","floor":10,"turns":3},{"damage":23,"enemies":"Lagavulin","floor":11,"turns":6},{"damage":6,"enemies":"Exordium Thugs","floor":13,"turns":3},{"damage":23,"enemies":"The Guardian","floor":16,"turns":7},{"damage":6,"enemies":"Shell Parasite","floor":18,"turns":4},{"damage":5,"enemies":"Chosen","floor":19,"turns":4},{"damage":15,"enemies":"Centurion and Healer","floor":22,"turns":4},{"damage":8,"enemies":"3 Cultists","floor":23,"turns":3},{"damage":21,"enemies":"Slavers","floor":24,"turns":2},{"damage":1,"enemies":"Cultist and Chosen","floor":25,"turns":3},{"damage":11,"enemies":"Centurion and Healer","floor":27,"turns":4},{"damage":14,"enemies":"Snake Plant","floor":29,"turns":3},{"damage":4,"enemies":"3 Cultists","floor":31,"turns":3},{"damage":32,"enemies":"Champ","floor":33,"turns":8},{"damage":25,"enemies":"3 Darklings","floor":35,"turns":4},{"damage":28,"enemies":"2 Orb Walkers","floor":39,"turns":4},{"damage":5,"enemies":"3 Shapes","floor":40,"turns":3},{"damage":21,"enemies":"3 Darklings","floor":44,"turns":3},{"damage":37,"enemies":"Reptomancer","floor":46,"turns":5},{"damage":19,"enemies":"Maw","floor":47,"turns":5},{"damage":29,"enemies":"Spire Growth","floor":48,"turns":3}],"seed_played":"-4573031294817717017","potions_obtained":[{"floor":1,"key":"Regen Potion"},{"floor":7,"key":"BlessingOfTheForge"},{"floor":10,"key":"Energy Potion"},{"floor":11,"key":"Fruit Juice"},{"floor":13,"key":"AttackPotion"},{"floor":18,"key":"LiquidBronze"},{"floor":22,"key":"PowerPotion"},{"floor":27,"key":"Explosive Potion"},{"floor":29,"key":"AttackPotion"},{"floor":31,"key":"Block Potion"},{"floor":34,"key":"Ancient Potion"},{"floor":40,"key":"Ancient Potion"},{"floor":47,"key":"BlessingOfTheForge"}],"is_trial":false,"path_per_floor":["M","M","M","M","M","E","M","R","T","M","E","R","M","$","R","B",null,"M","M","$","?","M","M","E","M","T","M","R","M","R","M","R","B",null,"M","?","$","?","?","M","R","?","T","M","R","E","M","M"],"character_chosen":"THE_SILENT","items_purchased":["Bouncing Flask","Sadistic Nature","Potion Belt","Noxious Fumes"],"campfire_rested":7,"item_purchase_floors":[14,20,37,37],"current_hp_per_floor":[74,62,62,62,56,47,35,58,58,55,51,51,45,45,69,46,82,76,71,71,71,56,48,27,26,26,15,39,25,49,45,69,37,87,62,62,62,62,48,43,72,72,72,51,80,43,24,0,0],"gold":56,"neow_bonus":"TEN_PERCENT_HP_BONUS","is_daily":false,"chose_seed":false,"campfire_upgraded":1,"win_rate":0.0,"timestamp":1608685667,"path_taken":["M","M","M","M","M","E","?","R","T","M","E","R","M","?","R","BOSS","M","M","$","?","?","M","E","M","T","M","R","M","R","M","R","BOSS","M","?","$","?","?","M","R","?","T","M","R","E","?","M"],"items_purchased_type":["Card","Card","Relic","Card"],"build_version":"2020-12-13","purchased_purges":3,"victory":false,"max_hp_per_floor":[77,77,77,77,77,77,77,77,77,77,82,82,82,82,82,82,82,82,82,82,82,82,82,82,82,82,82,82,82,82,82,82,82,87,87,87,87,83,97,97,97,97,97,97,97,97,97,97,97],"card_choices":[{"not_picked":["Tactician","Prepared"],"picked":"Deadly Poison","floor":1},{"not_picked":["Prepared","Dagger Throw"],"picked":"Flying Knee","floor":2},{"not_picked":["Dagger Throw","Predator"],"picked":"Dash","floor":3},{"not_picked":["Acrobatics","PiercingWail"],"picked":"Heel Hook","floor":4},{"not_picked":["Deadly Poison","Sucker Punch"],"picked":"After Image","floor":5},{"not_picked":["Prepared","Tactician"],"picked":"Terror","floor":6},{"not_picked":["Well Laid Plans","Flechettes"],"picked":"Deadly Poison","floor":7},{"not_picked":["Caltrops","Accuracy"],"picked":"Poisoned Stab","floor":10},{"not_picked":["Escape Plan","Flechettes"],"picked":"Bane","floor":11},{"not_picked":["Cloak And Dagger","Prepared"],"picked":"Deadly Poison","floor":13},{"not_picked":["Dagger Spray","Slice","Malaise"],"picked":"SKIP","floor":13},{"not_picked":["Envenom","Unload"],"picked":"Corpse Explosion","floor":16},{"not_picked":[],"picked":"Crippling Poison+1","floor":18},{"not_picked":["Dodge and Roll"],"picked":"SKIP","floor":18},{"not_picked":[],"picked":"Noxious Fumes","floor":19},{"not_picked":["Dagger Spray+1"],"picked":"SKIP","floor":19},{"not_picked":["Reflex"],"picked":"SKIP","floor":22},{"not_picked":["Deadly Poison"],"picked":"SKIP","floor":22},{"not_picked":["Underhanded Strike+1"],"picked":"SKIP","floor":23},{"not_picked":["Dodge and Roll+1"],"picked":"SKIP","floor":23},{"not_picked":["Deadly Poison"],"picked":"SKIP","floor":24},{"not_picked":["Sucker Punch+1"],"picked":"SKIP","floor":25},{"not_picked":["All Out Attack+1"],"picked":"SKIP","floor":25},{"not_picked":["Deadly Poison"],"picked":"SKIP","floor":27},{"not_picked":["Skewer+1"],"picked":"SKIP","floor":27},{"not_picked":["Bullet Time"],"picked":"SKIP","floor":29},{"not_picked":["Infinite Blades"],"picked":"SKIP","floor":29},{"not_picked":["Sucker Punch+1"],"picked":"SKIP","floor":31},{"not_picked":["Slice+1"],"picked":"SKIP","floor":31},{"not_picked":[],"picked":"Bane+1","floor":34},{"not_picked":["Masterful Stab+1"],"picked":"SKIP","floor":35},{"not_picked":["Riddle With Holes+1"],"picked":"SKIP","floor":35},{"not_picked":["Dash+1"],"picked":"SKIP","floor":40},{"not_picked":["Acrobatics"],"picked":"SKIP","floor":40},{"not_picked":["Cloak And Dagger"],"picked":"SKIP","floor":44},{"not_picked":["Sucker Punch+1"],"picked":"SKIP","floor":44},{"not_picked":["Choke+1"],"picked":"SKIP","floor":46},{"not_picked":["Sucker Punch+1"],"picked":"SKIP","floor":47},{"not_picked":["Deflect"],"picked":"SKIP","floor":47}],"player_experience":61059,"relics_obtained":[{"floor":6,"key":"The Specimen"},{"floor":9,"key":"Boot"},{"floor":11,"key":"Prayer Wheel"},{"floor":24,"key":"Molten Egg 2"},{"floor":39,"key":"Mango"},{"floor":43,"key":"Orichalcum"},{"floor":46,"key":"MealTicket"}],"event_choices":[{"damage_healed":0,"gold_gain":0,"player_choice":"Copied","damage_taken":0,"max_hp_gain":0,"max_hp_loss":0,"event_name":"Duplicator","floor":21,"gold_loss":0,"cards_obtained":["Sadistic Nature"]},{"damage_healed":0,"gold_gain":0,"player_choice":"Memory 1","damage_taken":0,"max_hp_gain":0,"max_hp_loss":0,"event_name":"SensoryStone","floor":36,"gold_loss":0},{"damage_healed":0,"gold_gain":0,"player_choice":"Max HP","damage_taken":0,"max_hp_gain":0,"max_hp_loss":4,"event_name":"Winding Halls","floor":38,"gold_loss":0},{"damage_healed":0,"gold_gain":0,"player_choice":"Fight","damage_taken":0,"max_hp_gain":0,"max_hp_loss":0,"event_name":"Mysterious Sphere","floor":39,"gold_loss":0},{"damage_healed":0,"gold_gain":0,"player_choice":"Paid","damage_taken":0,"relics_obtained":["Red Mask"],"max_hp_gain":0,"max_hp_loss":0,"event_name":"Tomb of Lord Red Mask","floor":42,"gold_loss":65}],"is_beta":false,"boss_relics":[{"not_picked":["Sozu","Fusion Hammer"],"picked":"Busted Crown"},{"not_picked":["Runic Dome","HoveringKite"],"picked":"Tiny House"}],"items_purged_floors":[14,20,37],"is_endless":false,"potions_floor_spawned":[1,7,10,11,13,18,22,27,29,31,40,47],"killed_by":"Spire Growth","ascension_level":3}}