{"host":"qw1m3zcvi888b4j7","time":1608702745,"event":{"mods":["AchievementEnabler","Act Like it!","BaseMod","Block Reminder","Colored Map","Colored Powertips","Curses Come First","DeckTracker","Hermit","Highlight Path","Hubris","Minty Spire (QoL Compilation)","Quick Restart","Rare Cards Sparkle","Relic Sorter","Relic Stats","Replay The Spire","StSLib","SuperFastMode","The Blue Laboratory","The Cursed","The Servant 0.9.4","everything is the same but u backflip on backflip"],"gold_per_floor":[109,128,147,147,160,160,185,185,257,257,227,239,257,257,257,2,78,178,178,193,209,221,234,253,253,279,292,374,387,387,34,34,34,34],"floor_reached":33,"playtime":1341,"items_purged":["Regret"],"score":337,"play_id":"70ebbb0d-5144-4e12-873c-6945b692ba1d","local_time":"20201223065225","is_ascension_mode":true,"campfire_choices":[{"data":"1","floor":6,"key":"LIFT"},{"floor":8,"key":"REST"},{"data":"2","floor":10,"key":"LIFT"},{"data":"3","floor":25,"key":"LIFT"},{"floor":30,"key":"REST"},{"floor":32,"key":"RECALL"}],"circlet_count":0,"master_deck":["Strike_R","Strike_R","Strike_R","Strike_R","Strike_R","Defend_R+1","Defend_R","Defend_R+1","Defend_R","Bash","Rampage","Headbutt","Cleave","Flame Barrier","Metallicize","Bloodletting","Wild Strike","hubris:ReadiedAction","Juggernaut","Blood for Blood","Shrug It Off+1","Cleave","hubris:CleavingFinish","Cleave","Metallicize","True Grit+1","Wild Strike","Flex","ReplayTheSpireMod:Limb From Limb","Twin Strike","Warcry","Inflame","Jack Of All Trades"],"relics":["Black Blood","NeowsBlessing","Girya","Replay:Rubber Ducky","Sundial","Simple Rune","Charon\u0027s Ashes","BargainBundle","Anchor"],"acts_visited":["Exordium","TheCity"],"potions_floor_usage":[18,18,20,29,33],"damage_taken":[{"damage":0,"enemies":"Jaw Worm","floor":1,"turns":1},{"damage":0,"enemies":"2 Louse","floor":2,"turns":1},{"damage":0,"enemies":"Cultist","floor":3,"turns":1},{"damage":33,"enemies":"Gremlin Gang","floor":5,"turns":5},{"damage":36,"enemies":"Lagavulin","floor":7,"turns":6},{"damage":15,"enemies":"Red Slaver","floor":12,"turns":4},{"damage":16,"enemies":"Lots of Slimes","floor":13,"turns":4},{"damage":0,"enemies":"Slime Boss","floor":18,"turns":7},{"damage":21,"enemies":"2 Thieves","floor":20,"turns":4},{"damage":19,"enemies":"Spheric Guardian","floor":21,"turns":4},{"damage":3,"enemies":"Centurion and Healer","floor":22,"turns":7},{"damage":36,"enemies":"Shelled Parasite and Fungi","floor":23,"turns":5},{"damage":5,"enemies":"Snecko","floor":24,"turns":5},{"damage":50,"enemies":"Slavers","floor":26,"turns":4},{"damage":10,"enemies":"Snake Plant","floor":27,"turns":4},{"damage":11,"enemies":"Cultist and Chosen","floor":29,"turns":4},{"damage":47,"enemies":"Gremlin Leader","floor":33,"turns":5}],"seed_played":"6198155790338492001","potions_obtained":[{"floor":7,"key":"blueLaboratory:ExaltedPotion"},{"floor":11,"key":"Cursed Concoction"},{"floor":11,"key":"SneckoOil"},{"floor":18,"key":"Adrenaline Potion"},{"floor":21,"key":"FearPotion"},{"floor":26,"key":"SteroidPotion"},{"floor":27,"key":"SneckoOil"}],"is_trial":false,"path_per_floor":["M","M","M","?","M","R","E","R","T","R","?","M","M","PTL","PTL","$","R_BF","B",null,"M","M","M","M","M","R","E","M","T","M","R","$","R","E"],"character_chosen":"IRONCLAD","items_purchased":["Simple Rune","hubris:ReadiedAction","BargainBundle","Flex","ReplayTheSpireMod:Limb From Limb","Twin Strike","Warcry","Inflame","Jack Of All Trades","Swift Potion","Anchor","blueLaboratory:ArtificerPotion"],"campfire_rested":2,"item_purchase_floors":[16,16,31,31,31,31,31,31,31,31,31,31],"current_hp_per_floor":[80,80,80,80,53,53,23,47,47,47,47,38,28,28,28,28,28,34,80,71,64,73,49,56,56,18,20,20,21,45,45,45,0,0],"gold":34,"neow_bonus":"THREE_ENEMY_KILL","is_daily":false,"chose_seed":false,"campfire_upgraded":0,"win_rate":0.0,"timestamp":1608702745,"path_taken":["M","M","M","?","M","R","E","R","T","R","?","M","?","PTL","PTL","$","R_BF","BOSS","M","M","M","M","M","R","E","M","T","?","R","$","R","E"],"items_purchased_type":["Relic","Card","Relic","Card","Card","Card","Card","Card","Card","Potion","Relic","Potion"],"build_version":"2020-12-13","purchased_purges":1,"victory":false,"max_hp_per_floor":[80,80,80,80,80,80,80,80,80,80,80,80,80,80,80,80,80,80,80,80,80,80,80,80,80,80,80,80,80,80,80,80,80,80],"relic_stats":{"counters":[17,71],"Sundial":[4],"Black Blood":126,"Charon\u0027s Ashes":[6],"obtain_stats":[{"Girya":4,"BargainBundle":31,"Anchor":31,"NeowsBlessing":0,"Sundial":9,"Black Blood":19,"Simple Rune":16,"Charon\u0027s Ashes":26,"Burning Blood":0,"Replay:Rubber Ducky":7},{"Girya":3,"BargainBundle":16,"Anchor":16,"NeowsBlessing":0,"Sundial":5,"Black Blood":8,"Simple Rune":7,"Charon\u0027s Ashes":14,"Burning Blood":0,"Replay:Rubber Ducky":5},{"Girya":3,"BargainBundle":66,"Anchor":66,"NeowsBlessing":0,"Sundial":14,"Black Blood":29,"Simple Rune":22,"Charon\u0027s Ashes":58,"Burning Blood":0,"Replay:Rubber Ducky":14}]},"card_choices":[{"not_picked":["Thunderclap","Warcry"],"picked":"Rampage","floor":1},{"not_picked":["Second Wind","Body Slam"],"picked":"Headbutt","floor":2},{"not_picked":["Blood for Blood","Body Slam"],"picked":"Cleave","floor":3},{"not_picked":["Searing Blow","Cleave"],"picked":"Flame Barrier","floor":5},{"not_picked":["Immolate","Massacre"],"picked":"Metallicize","floor":7},{"not_picked":["Replay:Undeath\u0027s Touch","Intimidate"],"picked":"Bloodletting","floor":12},{"not_picked":["Clothesline","Run Through"],"picked":"Wild Strike","floor":13},{"not_picked":["Brutality","Reaper"],"picked":"Juggernaut","floor":18},{"not_picked":["Wild Strike","Cleave+1"],"picked":"Blood for Blood","floor":20},{"not_picked":["Thunderclap","Brutality"],"picked":"Shrug It Off+1","floor":21},{"not_picked":["Havoc","ReplayTheSpireMod:Corrosion Curse"],"picked":"Cleave","floor":22},{"not_picked":["Iron Wave","Perfected Strike"],"picked":"hubris:CleavingFinish","floor":23},{"not_picked":["Headbutt","Heavy Blade+1"],"picked":"Cleave","floor":24},{"not_picked":["Blood for Blood+1","Headbutt"],"picked":"Metallicize","floor":26},{"not_picked":["Havoc+1","Infernal Blade"],"picked":"True Grit+1","floor":27},{"not_picked":["Uppercut","Feel No Pain"],"picked":"Wild Strike","floor":29}],"player_experience":126172,"relics_obtained":[{"floor":7,"key":"Replay:Rubber Ducky"},{"floor":9,"key":"Sundial"},{"floor":26,"key":"Charon\u0027s Ashes"}],"event_choices":[{"damage_healed":0,"gold_gain":0,"player_choice":"Box","damage_taken":0,"relics_obtained":["Girya"],"max_hp_gain":0,"max_hp_loss":0,"event_name":"Big Fish","floor":4,"gold_loss":0,"cards_obtained":["Regret"]},{"damage_healed":0,"gold_gain":0,"player_choice":"Bought 2 Potions","damage_taken":0,"max_hp_gain":0,"max_hp_loss":0,"event_name":"The Woman in Blue","floor":11,"gold_loss":0}],"is_beta":false,"boss_relics":[{"not_picked":["Philosopher\u0027s Stone","hubris:TerracottaHorce"],"picked":"Black Blood"}],"items_purged_floors":[16],"is_endless":false,"potions_floor_spawned":[7,12,18,21,26,27],"killed_by":"Gremlin Leader","ascension_level":1}}