{"host":"rwzz6mk6bpmb57ql","time":1608766356,"event":{"mods":["AchievementEnabler","BaseMod","BetterRewards","Colored Map","Highlight Path","Hubris","Minty Spire (QoL Compilation)","Replay The Spire","StSLib"],"gold_per_floor":[6513,6513,6513,6533,6592,6592,6620,6642,6642,6657,6671,6681,6716,5979,5979,6083,6083,5967,5983,5004,5019,5036,5036,5061,5061,5086,5086,5097,5125,5125,4450,4450,4550,4550,4550,4173,4173,4190,4208,4235,4235,4269,4269,3904,3935,3955,3969,3969,3969,3969,3969,3969,3213,3241,3241],"floor_reached":56,"playtime":3696,"items_purged":["Defend_G","hubris:Gluttony","Defend_G"],"score":1907,"play_id":"ab083baa-d8e1-474f-b60a-03e24492f3e3","local_time":"20201223173236","is_ascension_mode":true,"campfire_choices":[{"floor":6,"key":"RECALL"},{"data":"Madness","floor":15,"key":"SMITH"},{"data":"Adrenaline","floor":23,"key":"SMITH"},{"data":"Replay:Bag of Tricks","floor":25,"key":"SMITH"},{"data":"Finisher","floor":32,"key":"SMITH"},{"data":"Prepared","floor":41,"key":"SMITH"},{"data":"ReplayTheSpireMod:Brewmster","floor":49,"key":"SMITH"},{"data":"Glass Knife","floor":52,"key":"SMITH"}],"circlet_count":0,"master_deck":["Strike_G","Survivor","Neutralize","Dodge and Roll","Heel Hook","Glass Knife+1","Underhanded Strike","Dagger Throw","Prepared+1","Flying Knee","Adrenaline+1","Dagger Throw+1","Flying Knee","Madness+1","Secret Technique","Replay:Bag of Tricks+1","Underhanded Strike","Finisher+1","Slice","Underhanded Strike","Underhanded Strike","Underhanded Strike","Outmaneuver+1","Slice","Terror+1","Slice+1","hubris:SlightOfHand+1","Venomology+1","All Out Attack","Catalyst+1","ReplayTheSpireMod:Brewmster+1"],"relics":["Ring of the Snake","SacredBark","Potion Belt","HornCleat","Regal Pillow","Oddly Smooth Stone","Odd Mushroom","Replay:Wax Seal","ReplayTheSpireMod:ShopPack","ReplayTheSpireMod:Lightbulb","Art of War","Kintsugi","Toxic Egg 2","hubris:EmptyBottle","Basket Of Snakes","Blue Doll","Gremlin Food","Red Mask","Unceasing Top","Orrery","Anchor","Bronze Scales","Philosopher\u0027s Stone","Pen Nib","Centennial Puzzle","Turnip","Replay:Rubber Ducky","Mirror","Lantern","Orichalcum","ReplayTheSpireMod:TigerMarble","hubris:FunFungus","Strawberry","Medical Kit","Snake Skull"],"acts_visited":["Exordium","TheCity","TheBeyond","TheEnding"],"potions_floor_usage":[7,7,8,11,13,16,21,21,24,24,28,28,29,33,35,37,38,38,40,40,42,42,42,42,45,45,46,46,50,50,50,50,54,54,54,54,54,54,54,54,55,55,55,55,55,55,55,55,55,55,55,55,55,55,55,55,55,55,55,55,55,55,55],"damage_taken":[{"damage":4,"enemies":"Jaw Worm","floor":1,"turns":4},{"damage":0,"enemies":"2 Louse","floor":4,"turns":3},{"damage":0,"enemies":"3 Sentries","floor":7,"turns":9},{"damage":0,"enemies":"The Mushroom Lair","floor":8,"turns":3},{"damage":12,"enemies":"Small Slimes","floor":10,"turns":2},{"damage":5,"enemies":"Gremlin Gang","floor":11,"turns":3},{"damage":0,"enemies":"Looter","floor":12,"turns":3},{"damage":0,"enemies":"Gremlin Nob","floor":13,"turns":2},{"damage":23,"enemies":"Fading Forest","floor":16,"turns":11},{"damage":10,"enemies":"2 Thieves","floor":18,"turns":4},{"damage":17,"enemies":"Shell Parasite","floor":19,"turns":5},{"damage":2,"enemies":"Snake Plant","floor":21,"turns":3},{"damage":8,"enemies":"Cultist and Chosen","floor":22,"turns":2},{"damage":0,"enemies":"Slavers","floor":24,"turns":4},{"damage":0,"enemies":"Shelled Parasite and Fungi","floor":28,"turns":1},{"damage":0,"enemies":"Masked Bandits","floor":29,"turns":2},{"damage":6,"enemies":"hubris:MusketHawk","floor":33,"turns":3},{"damage":0,"enemies":"3 Shapes","floor":35,"turns":1},{"damage":0,"enemies":"3 Darklings","floor":37,"turns":1},{"damage":10,"enemies":"Sphere and 2 Shapes","floor":38,"turns":6},{"damage":0,"enemies":"Jaw Worm Horde","floor":39,"turns":2},{"damage":0,"enemies":"Giant Head","floor":40,"turns":3},{"damage":0,"enemies":"R_Hoarder","floor":42,"turns":3},{"damage":0,"enemies":"Reptomancer","floor":45,"turns":2},{"damage":0,"enemies":"3 Darklings","floor":46,"turns":2},{"damage":2,"enemies":"4 Shapes","floor":47,"turns":2},{"damage":0,"enemies":"Donu and Deca","floor":50,"turns":2},{"damage":0,"enemies":"Shield and Spear","floor":54,"turns":3},{"damage":4,"enemies":"The Heart","floor":55,"turns":2}],"seed_played":"-1323900393822903211","potions_obtained":[{"floor":4,"key":"PowerPotion"},{"floor":5,"key":"Strength Potion"},{"floor":5,"key":"ColorlessPotion"},{"floor":7,"key":"AttackPotion"},{"floor":10,"key":"AttackPotion"},{"floor":12,"key":"Adrenaline Potion"},{"floor":19,"key":"EssenceOfSteel"},{"floor":24,"key":"Toxic Potion"},{"floor":28,"key":"SkillPotion"},{"floor":33,"key":"SmokeBomb"},{"floor":39,"key":"Elixir"},{"floor":40,"key":"LifebloodPotion"},{"floor":45,"key":"DuplicationPotion"},{"floor":47,"key":"Strength Potion"}],"is_trial":false,"path_per_floor":["M","?","?","M","?","R","E","?","T","M","M","M","E","$","R","B",null,"M","M","$","M","M","R","E","R","T","?","M","?","T","$","R","B",null,"M","$","M","M","M","E","R","E","T","$","E","M","M","?","R","B",null,"R","$","E","B",null],"character_chosen":"THE_SILENT","items_purchased":["Dagger Throw+1","ReplayTheSpireMod:ShopPack","ReplayTheSpireMod:Lightbulb","Art of War","Flying Knee","Madness","Toxic Egg 2","hubris:EmptyBottle","Basket Of Snakes","SkillPotion","ColorlessPotion","Slice","Underhanded Strike","Orrery","Anchor","Bronze Scales","Explosive Potion","ColorlessPotion","Pen Nib","Centennial Puzzle","All Out Attack","Lantern","Orichalcum","DuplicationPotion","EntropicBrew","ColorlessPotion","hubris:FunFungus","Strawberry","Medical Kit"],"campfire_rested":0,"item_purchase_floors":[14,14,14,14,14,14,20,20,20,20,20,20,20,31,31,31,31,31,36,36,36,44,44,44,53,53,53,53,53],"current_hp_per_floor":[136,136,124,124,89,89,89,89,89,77,72,72,72,72,72,57,140,130,113,113,111,103,103,103,103,103,84,84,84,84,84,84,78,140,140,140,140,130,130,130,130,130,130,130,130,130,128,128,128,128,140,140,147,147,143],"gold":3241,"neow_bonus":"REMOVE_TWO","is_daily":false,"chose_seed":false,"campfire_upgraded":7,"win_rate":0.0,"timestamp":1608766356,"path_taken":["M","?","?","M","?","R","E","?","T","M","M","M","E","$","R","BOSS","M","M","$","M","M","R","E","R","T","?","?","?","?","$","R","BOSS","M","$","M","M","M","E","R","E","T","$","E","M","M","?","R","BOSS","R","$","E","BOSS"],"items_purchased_type":["Card","Relic","Relic","Relic","Card","Card","Relic","Relic","Relic","Potion","Potion","Card","Card","Relic","Relic","Relic","Potion","Potion","Relic","Relic","Card","Relic","Relic","Potion","Potion","Potion","Relic","Relic","Relic"],"build_version":"2020-12-22","purchased_purges":3,"victory":true,"max_hp_per_floor":[140,140,140,140,140,140,140,140,140,140,140,140,140,140,140,140,140,140,140,140,140,140,140,140,140,140,140,140,140,140,140,140,140,140,140,140,140,140,140,140,140,140,140,140,140,140,140,140,140,140,140,140,147,147,147],"card_choices":[{"not_picked":["hubris:SlightOfHand","Prepared"],"picked":"Dodge and Roll","floor":1},{"not_picked":["Dash","Skewer"],"picked":"Heel Hook","floor":4},{"not_picked":["Slice","Choke"],"picked":"Glass Knife","floor":5},{"not_picked":["Blade Dance","Bane"],"picked":"Underhanded Strike","floor":7},{"not_picked":["Quick Slash","Sucker Punch"],"picked":"Dagger Throw","floor":8},{"not_picked":["Cloak And Dagger","Bouncing Flask"],"picked":"Prepared","floor":10},{"not_picked":["Dagger Throw","Glass Knife"],"picked":"Flying Knee","floor":11},{"not_picked":["Quick Slash","Dodge and Roll","Cloak And Dagger"],"picked":"SKIP","floor":12},{"not_picked":["Sneak Up","Replay:Poison Smokescreen"],"picked":"Adrenaline","floor":13},{"not_picked":["Violence","ReplayUltimateDefense"],"picked":"Secret Technique","floor":14},{"not_picked":["Storm of Steel","A Thousand Cuts"],"picked":"Replay:Bag of Tricks","floor":16},{"not_picked":["Well Laid Plans+1","Blur"],"picked":"Underhanded Strike","floor":18},{"not_picked":["Toxin Wave","Quick Slash"],"picked":"Finisher","floor":19},{"not_picked":["hubris:SlightOfHand+1","Poisoned Stab"],"picked":"Underhanded Strike","floor":21},{"not_picked":["Blade Dance+1","Prepared+1"],"picked":"Underhanded Strike","floor":22},{"not_picked":["Quick Slash","Unload"],"picked":"Outmaneuver+1","floor":24},{"not_picked":["hubris:Sniper+1","Deadly Poison+1"],"picked":"Slice","floor":28},{"not_picked":["Tactician+1","Leg Sweep+1"],"picked":"Terror+1","floor":31},{"not_picked":["Dagger Spray","hubris:TrickCloak+1"],"picked":"Slice+1","floor":31},{"not_picked":["Underhanded Strike","Storm of Steel+1"],"picked":"hubris:SlightOfHand+1","floor":31},{"not_picked":["Burst+1","Malaise+1"],"picked":"Venomology+1","floor":33},{"not_picked":["Underhanded Strike","ReplayTheSpireMod:Tripwire+1"],"picked":"Catalyst+1","floor":38},{"not_picked":["Infinite Blades","Underhanded Strike+1","Dagger Throw"],"picked":"SKIP","floor":39},{"not_picked":["Flying Knee+1","Deflect+1","Cloak And Dagger+1"],"picked":"SKIP","floor":40},{"not_picked":["Backflip+1","PiercingWail+1","Dagger Spray"],"picked":"SKIP","floor":42},{"not_picked":["Tools of the Trade","Hidden Blade+1","Acrobatics+1"],"picked":"SKIP","floor":45},{"not_picked":["Bane","All Out Attack","Cloak And Dagger+1"],"picked":"SKIP","floor":46},{"not_picked":["Well Laid Plans+1","ReplayTheSpireMod:Tripwire+1","Calculated Gamble+1"],"picked":"SKIP","floor":47},{"not_picked":["Survey Options+1","Replay:Parry"],"picked":"ReplayTheSpireMod:Brewmster","floor":48},{"not_picked":["Acrobatics+1","Blade Dance+1","ReplayTheSpireMod:Scrap Shanks"],"picked":"SKIP","floor":54}],"player_experience":110424,"relics_obtained":[{"floor":5,"key":"Regal Pillow"},{"floor":7,"key":"Oddly Smooth Stone"},{"floor":8,"key":"Odd Mushroom"},{"floor":13,"key":"Replay:Wax Seal"},{"floor":24,"key":"Blue Doll"},{"floor":26,"key":"Gremlin Food"},{"floor":29,"key":"Red Mask"},{"floor":30,"key":"Unceasing Top"},{"floor":40,"key":"Turnip"},{"floor":42,"key":"Replay:Rubber Ducky"},{"floor":43,"key":"Mirror"},{"floor":45,"key":"ReplayTheSpireMod:TigerMarble"},{"floor":54,"key":"Snake Skull"}],"event_choices":[{"damage_healed":0,"gold_gain":0,"player_choice":"Success","damage_taken":12,"relics_obtained":["HornCleat"],"max_hp_gain":0,"max_hp_loss":0,"event_name":"Scrap Ooze","floor":3,"gold_loss":0},{"damage_healed":0,"gold_gain":0,"player_choice":"Fought Mushrooms","damage_taken":0,"max_hp_gain":0,"max_hp_loss":0,"event_name":"Mushrooms","floor":8,"gold_loss":0},{"damage_healed":0,"gold_gain":0,"player_choice":"POTION POTION ","damage_taken":19,"max_hp_gain":0,"max_hp_loss":0,"event_name":"Knowing Skull","floor":27,"potions_obtained":["GamblersBrew","Flashbang"],"gold_loss":0,"cards_obtained":[]},{"damage_healed":0,"gold_gain":0,"player_choice":"Fought Bandits","damage_taken":0,"max_hp_gain":0,"max_hp_loss":0,"event_name":"Masked Bandits","floor":29,"gold_loss":0},{"damage_healed":0,"gold_gain":0,"player_choice":"Memory 1","damage_taken":0,"max_hp_gain":0,"max_hp_loss":0,"event_name":"SensoryStone","floor":48,"gold_loss":0}],"is_beta":false,"boss_relics":[{"not_picked":["Runic Pyramid","Abe\u0027s Treasure"],"picked":"Kintsugi"},{"not_picked":["Replay:Bronze Core","SacredBark"],"picked":"Philosopher\u0027s Stone"}],"items_purged_floors":[14,20,31],"is_endless":false,"potions_floor_spawned":[4,7,10,12,19,24,28,33,39,40,45,47],"ascension_level":3}}