{"host":"gww6ffkzfofersck","time":1608715107,"event":{"mods":["Astrologer","BaseMod","ChefMod","Colored Powertips","Conspire","Downfall","Ekko","Fiend Mod","Hermit","Highlight Path","Infinite Spire","Ironclad Rager","Minty Spire (QoL Compilation)","Pikachu Mod","Potionbrewer","Quick Restart","Replay The Spire","Shedinja","Shop Mod","StSLib","The Blackbeard","The Hierophant","The Necromancer","TheVacant","Wandering Minibosses"],"gold_per_floor":[99,99,99,155,166,91,114,114,114,114,146,161,161,191,202,202,202,202],"floor_reached":16,"playtime":638,"items_purged":[],"score":106,"play_id":"8528db75-9539-4fe9-9943-95805b1af890","local_time":"20201223041827","is_ascension_mode":false,"campfire_choices":[{"floor":1,"key":"RECALL"},{"data":"champ:BerserkerStyle","floor":6,"key":"SMITH"},{"data":"champ:Taunt","floor":8,"key":"SMITH"}],"circlet_count":0,"master_deck":["champ:Strike","champ:Strike","champ:Strike","champ:Strike","champ:Defend","champ:Defend","champ:Defend+1","champ:Defend","champ:Execute","champ:Taunt+1","champ:SkillfulDodge+1","champ:RisingSlash","champ:BerserkerStyle+1","champ:Encircle","champ:BringItOn","champ:EndlessRage","champ:SwordThrow","champ:BerserkerStyle"],"relics":["champ:ChampionCrown","downfall:HeartsMalice","Bag of Marbles","downfall:HeartBlessingRed","Bronze Scales","Ice Cream","conspire:Dentures"],"acts_visited":["Exordium"],"potions_floor_usage":[],"damage_taken":[{"damage":0,"enemies":"Small Slimes","floor":2,"turns":1},{"damage":0,"enemies":"2 Louse","floor":3,"turns":1},{"damage":0,"enemies":"3 Sentries","floor":4,"turns":1},{"damage":8,"enemies":"Cultist","floor":5,"turns":3},{"damage":41,"enemies":"Lagavulin","floor":11,"turns":5},{"damage":8,"enemies":"Blue Slaver","floor":12,"turns":3},{"damage":42,"enemies":"Gremlin Nob","floor":14,"turns":4},{"damage":4,"enemies":"2 Fungi Beasts","floor":15,"turns":2},{"damage":57,"enemies":"downfall:Defect","floor":16,"turns":5}],"seed_played":"-5975039575659362073","potions_obtained":[{"floor":4,"key":"Block Potion"},{"floor":5,"key":"Cursed Concoction"},{"floor":12,"key":"LiquidMemories"}],"is_trial":false,"path_per_floor":["R","M","M","?","M","R","T","R","?","?","E","M","?","E","M","B"],"character_chosen":"THE_CHAMP","items_purchased":[],"campfire_rested":0,"item_purchase_floors":[],"current_hp_per_floor":[90,90,90,90,90,90,90,90,90,90,68,66,66,46,45,0,0,0],"gold":202,"neow_bonus":"THREE_ENEMY_KILL","is_daily":false,"chose_seed":false,"campfire_upgraded":2,"win_rate":0.0,"timestamp":1608715107,"path_taken":["R","M","M","?","M","R","T","R","?","?","E","?","?","E","M","BOSS"],"items_purchased_type":[],"build_version":"2020-12-22","purchased_purges":0,"victory":false,"max_hp_per_floor":[90,90,90,90,90,90,90,90,90,90,90,90,90,90,90,90,90,90],"card_choices":[{"not_picked":["champ:FanOfKnives","champ:BringItOn"],"picked":"champ:SkillfulDodge","floor":2},{"not_picked":["champ:Backstep","champ:PerfectedStrike"],"picked":"champ:RisingSlash","floor":3},{"not_picked":["champ:FightOn","champ:BerserkersShout"],"picked":"champ:BerserkerStyle","floor":4},{"not_picked":["champ:TornadoPunch","champ:HeartStrike"],"picked":"champ:Encircle","floor":5},{"not_picked":["champ:DeathBlow","champ:RapidStrikes"],"picked":"champ:BringItOn","floor":11},{"not_picked":["champ:BladeFlurry","champ:StanceDance"],"picked":"champ:EndlessRage","floor":12},{"not_picked":["champ:FanOfKnives","champ:BerserkersShout"],"picked":"champ:SwordThrow","floor":14},{"not_picked":["champ:Encircle","champ:EndlessRage"],"picked":"champ:BerserkerStyle","floor":15}],"player_experience":223176,"relics_obtained":[{"floor":4,"key":"Bag of Marbles"},{"floor":7,"key":"Bronze Scales"},{"floor":11,"key":"Ice Cream"},{"floor":14,"key":"conspire:Dentures"}],"event_choices":[],"is_beta":false,"boss_relics":[],"items_purged_floors":[],"is_endless":false,"potions_floor_spawned":[4,5,12,15],"killed_by":"downfall:Defect","ascension_level":0}}