{"host":"5fasz840ryq7obdf","time":1608725468,"event":{"mods":["AchievementEnabler","BaseMod","Bestiary","Better Altar","Better Skull","Better Third Choice","BetterRewards","Block Reminder","Colored Powertips","Curses Come First","Minty Spire (QoL Compilation)","Quick Restart","Relic Stats","Shop Mod","Spicy Shops","StSLib"],"gold_per_floor":[112,128,28,47,63,63,81,114,114,134,168,8,38,38,38,119,119,136,153,10,19,37,37,76,91,154,178,214,214,14,55,55,142,142,167,0,19,19,37,102,102,144,153,153,177,213,246,273,273,273],"floor_reached":51,"playtime":2427,"items_purged":["Strike_P"],"score":2109,"play_id":"81f2776f-655e-44fa-9546-273cc13a89e3","local_time":"20201223121108","is_ascension_mode":true,"campfire_choices":[{"data":"Omniscience","floor":6.0,"key":"SMITH"},{"data":"Eruption","floor":15.0,"key":"SMITH"},{"data":"Ragnarok","floor":23.0,"key":"SMITH"},{"data":"TalkToTheHand","floor":32.0,"key":"SMITH"},{"data":"CrushJoints","floor":41.0,"key":"SMITH"},{"data":"Indignation","floor":44.0,"key":"SMITH"},{"floor":49.0,"key":"REST"}],"circlet_count":0,"master_deck":["AscendersBane","Strike_P","Strike_P","Defend_P","Defend_P","Defend_P","Defend_P","Eruption+1","Vigilance","Omniscience+1","TalkToTheHand+1","TalkToTheHand","DeceiveReality","Brilliance","Protect","Sanctity","LikeWater","ReachHeaven","EmptyBody+1","Devotion","Blasphemy","Wallop","Ragnarok+1","ReachHeaven","Consecrate+1","Pain","CrushJoints+1","Decay","WreathOfFlame+1","SandsOfTime","Wish","Indignation+1","Madness","Madness","WaveOfTheHand+1","Alpha","Shame","WreathOfFlame","SignatureMove+1","Clumsy","Sadistic Nature","The Bomb","Madness"],"relics":["PureWater","Membership Card","Bag of Marbles","Happy Flower","Oddly Smooth Stone","OrangePellets","Meat on the Bone","Yang","Tiny Chest","Odd Mushroom","Vajra","HandDrill","Ancient Tea Set","Bottled Flame","CeramicFish","Cursed Key","Shuriken","InkBottle","Juzu Bracelet","Potion Belt","Ice Cream","Darkstone Periapt","Black Star","Red Mask","Pen Nib","Molten Egg 2","Centennial Puzzle","War Paint","Bronze Scales","Nunchaku","Art of War"],"acts_visited":["Exordium","TheCity","TheBeyond"],"potions_floor_usage":[50,50,50],"damage_taken":[{"damage":0.0,"enemies":"Cultist","floor":1.0,"turns":3.0},{"damage":0.0,"enemies":"Small Slimes","floor":2.0,"turns":2.0},{"damage":0.0,"enemies":"Jaw Worm","floor":4.0,"turns":1.0},{"damage":0.0,"enemies":"3 Louse","floor":5.0,"turns":3.0},{"damage":0.0,"enemies":"Gremlin Gang","floor":7.0,"turns":3.0},{"damage":2.0,"enemies":"Lagavulin","floor":8.0,"turns":7.0},{"damage":0.0,"enemies":"The Mushroom Lair","floor":10.0,"turns":2.0},{"damage":0.0,"enemies":"Gremlin Nob","floor":11.0,"turns":1.0},{"damage":22.0,"enemies":"3 Sentries","floor":13.0,"turns":7.0},{"damage":0.0,"enemies":"Slime Boss","floor":16.0,"turns":1.0},{"damage":0.0,"enemies":"2 Thieves","floor":18.0,"turns":1.0},{"damage":0.0,"enemies":"3 Byrds","floor":19.0,"turns":1.0},{"damage":0.0,"enemies":"Snake Plant","floor":22.0,"turns":1.0},{"damage":0.0,"enemies":"Gremlin Leader","floor":24.0,"turns":1.0},{"damage":0.0,"enemies":"Snecko","floor":25.0,"turns":1.0},{"damage":0.0,"enemies":"Centurion and Healer","floor":27.0,"turns":1.0},{"damage":18.0,"enemies":"Book of Stabbing","floor":31.0,"turns":2.0},{"damage":0.0,"enemies":"Champ","floor":33.0,"turns":1.0},{"damage":3.0,"enemies":"Orb Walker","floor":35.0,"turns":1.0},{"damage":0.0,"enemies":"3 Darklings","floor":37.0,"turns":1.0},{"damage":18.0,"enemies":"Giant Head","floor":40.0,"turns":5.0},{"damage":0.0,"enemies":"Reptomancer","floor":42.0,"turns":1.0},{"damage":0.0,"enemies":"Jaw Worm Horde","floor":45.0,"turns":1.0},{"damage":0.0,"enemies":"Giant Head","floor":46.0,"turns":2.0},{"damage":58,"enemies":"Awakened One","floor":50,"turns":7}],"seed_played":"-1120147231269824299","potions_obtained":[{"floor":1.0,"key":"Energy Potion"},{"floor":4.0,"key":"Energy Potion"},{"floor":8.0,"key":"Weak Potion"},{"floor":11.0,"key":"BottledMiracle"},{"floor":40.0,"key":"ColorlessPotion"},{"floor":42.0,"key":"ColorlessPotion"}],"is_trial":false,"path_per_floor":["M","M","$","M","M","R","M","E","T","?","E","$","E","T","R","B",null,"M","M","$","?","M","R","E","M","T","M","T","?","$","E","R","B",null,"M","?","M","$","?","E","R","E","T","R","M","E","T","?","R","B",null],"character_chosen":"WATCHER","items_purchased":["Membership Card","Bag of Marbles","Happy Flower","Oddly Smooth Stone","Omniscience","OrangePellets","TalkToTheHand","Meat on the Bone","Brilliance","Protect","HandDrill","Ancient Tea Set","Shuriken","Ice Cream","WreathOfFlame"],"campfire_rested":1,"item_purchase_floors":[0,0,0,0,0,0,0,0,3,3,12,12,20,30,30],"current_hp_per_floor":[42,42,42,42,42,42,42,40,40,40,40,40,30,30,30,42,58,58,58,58,58,58,58,58,58,58,58,58,58,58,40,40,40,57,54,54,54,54,43,37,37,37,43,43,43,43,49,39,61,15],"gold":273,"neow_bonus":"","is_daily":false,"chose_seed":false,"campfire_upgraded":6,"win_rate":0.0,"timestamp":1608725468,"path_taken":["M","M","$","M","?","R","?","E","T","?","E","$","E","?","R","BOSS","M","M","$","?","M","R","E","M","T","M","?","?","$","E","R","BOSS","M","?","M","$","?","E","R","E","T","R","M","E","?","?","R","BOSS"],"items_purchased_type":["Relic","Relic","Relic","Relic","Card","Relic","Card","Relic","Card","Card","Relic","Relic","Relic","Relic","Card"],"build_version":"2020-12-22","purchased_purges":1,"victory":true,"max_hp_per_floor":[63,63,63,63,63,63,63,63,63,63,63,63,63,63,63,63,63,63,63,63,63,63,63,63,63,63,63,63,63,63,63,63,63,63,63,63,63,63,63,63,63,63,69,69,69,69,75,75,75,75],"relic_stats":{"Darkstone Periapt":12,"Happy Flower":[19],"counters":[25,57],"CeramicFish":189,"Yang":[88],"Pen Nib":[2],"Juzu Bracelet":0,"War Paint":["EmptyBody","WreathOfFlame"],"Cursed Key":4,"OrangePellets":[1],"Centennial Puzzle":[3],"Nunchaku":[1],"Shuriken":[12],"Bronze Scales":[24],"Tiny Chest":2,"HandDrill":[8],"Black Star":3,"Art of War":[2],"obtain_stats":[{"Ice Cream":30,"Darkstone Periapt":31,"CeramicFish":14,"Vajra":11,"Yang":8,"Juzu Bracelet":26,"Ancient Tea Set":12,"Cursed Key":17,"Centennial Puzzle":42,"Nunchaku":46,"Tiny Chest":9,"HandDrill":12,"Red Mask":36,"InkBottle":24,"Potion Belt":28,"Happy Flower":0,"Oddly Smooth Stone":0,"Pen Nib":40,"Odd Mushroom":10,"War Paint":42,"OrangePellets":0,"Bottled Flame":13,"Shuriken":20,"Bronze Scales":43,"Molten Egg 2":40,"Bag of Marbles":0,"Black Star":34,"Art of War":46,"Membership Card":0,"PureWater":0,"Meat on the Bone":0},{"Ice Cream":16,"Darkstone Periapt":17,"CeramicFish":9,"Vajra":8,"Yang":6,"Juzu Bracelet":15,"Ancient Tea Set":8,"Cursed Key":10,"Centennial Puzzle":22,"Nunchaku":24,"Tiny Chest":6,"HandDrill":8,"Red Mask":19,"InkBottle":14,"Potion Belt":16,"Happy Flower":0,"Oddly Smooth Stone":0,"Pen Nib":21,"Odd Mushroom":7,"War Paint":22,"OrangePellets":0,"Bottled Flame":9,"Shuriken":12,"Bronze Scales":22,"Molten Egg 2":21,"Bag of Marbles":0,"Black Star":18,"Art of War":24,"Membership Card":0,"PureWater":0,"Meat on the Bone":0},{"Ice Cream":36,"Darkstone Periapt":38,"CeramicFish":29,"Vajra":22,"Yang":19,"Juzu Bracelet":35,"Ancient Tea Set":22,"Cursed Key":30,"Centennial Puzzle":47,"Nunchaku":50,"Tiny Chest":19,"HandDrill":22,"Red Mask":40,"InkBottle":34,"Potion Belt":36,"Happy Flower":0,"Oddly Smooth Stone":0,"Pen Nib":46,"Odd Mushroom":21,"War Paint":47,"OrangePellets":0,"Bottled Flame":29,"Shuriken":32,"Bronze Scales":47,"Molten Egg 2":46,"Bag of Marbles":0,"Black Star":39,"Art of War":50,"Membership Card":0,"PureWater":0,"Meat on the Bone":0}],"InkBottle":[8],"Meat on the Bone":60},"card_choices":[{"not_picked":["ClearTheMind","ThirdEye"],"picked":"TalkToTheHand","floor":1.0},{"not_picked":["ThirdEye","EmptyFist"],"picked":"DeceiveReality","floor":2.0},{"not_picked":["Evaluate","ThirdEye"],"picked":"Sanctity","floor":4.0},{"not_picked":["JustLucky","EmptyMind"],"picked":"LikeWater","floor":5.0},{"not_picked":["JustLucky","EmptyFist"],"picked":"ReachHeaven","floor":7.0},{"not_picked":["DeceiveReality","ThirdEye"],"picked":"EmptyBody","floor":8.0},{"not_picked":["Consecrate","Evaluate"],"picked":"Devotion","floor":10.0},{"not_picked":["PathToVictory","Meditate"],"picked":"Blasphemy","floor":11.0},{"not_picked":["Consecrate","EmptyBody"],"picked":"Wallop","floor":13.0},{"not_picked":["MasterReality","Scrawl"],"picked":"Ragnarok","floor":16.0},{"not_picked":["EmptyFist","BowlingBash","SashWhip"],"picked":"SKIP","floor":18.0},{"not_picked":["Prostrate","FollowUp","EmptyFist"],"picked":"SKIP","floor":19.0},{"not_picked":["SashWhip","Nirvana","CutThroughFate"],"picked":"SKIP","floor":22.0},{"not_picked":["Evaluate","EmptyFist"],"picked":"Consecrate+1","floor":24.0},{"not_picked":["Vengeance","FearNoEvil","ThirdEye"],"picked":"SKIP","floor":25.0},{"not_picked":["EmptyFist","FollowUp"],"picked":"CrushJoints","floor":27.0},{"not_picked":["MasterReality","FollowUp"],"picked":"SandsOfTime","floor":31.0},{"not_picked":["SpiritShield","Establishment"],"picked":"Wish","floor":33.0},{"not_picked":["MentalFortress","Consecrate"],"picked":"Indignation","floor":35.0},{"not_picked":["Wireheading","FollowUp","Evaluate"],"picked":"SKIP","floor":37.0},{"not_picked":["SignatureMove+1","EmptyFist+1"],"picked":"WaveOfTheHand+1","floor":40.0},{"not_picked":["PathToVictory","Evaluate"],"picked":"Alpha","floor":42.0},{"not_picked":["Prostrate","ThirdEye"],"picked":"WreathOfFlame","floor":45.0},{"not_picked":["CrushJoints+1","Evaluate+1"],"picked":"SignatureMove+1","floor":46.0},{"not_picked":["Jack Of All Trades","PanicButton"],"picked":"Sadistic Nature","floor":48.0},{"not_picked":["PanicButton","Violence"],"picked":"The Bomb","floor":48.0},{"not_picked":["Forethought","Impatience"],"picked":"Madness","floor":48.0}],"player_experience":980336,"relics_obtained":[{"floor":8.0,"key":"Yang"},{"floor":9.0,"key":"Tiny Chest"},{"floor":10.0,"key":"Odd Mushroom"},{"floor":11.0,"key":"Vajra"},{"floor":13.0,"key":"Bottled Flame"},{"floor":14.0,"key":"CeramicFish"},{"floor":24.0,"key":"InkBottle"},{"floor":26.0,"key":"Juzu Bracelet"},{"floor":28.0,"key":"Potion Belt"},{"floor":31.0,"key":"Darkstone Periapt"},{"floor":40.0,"key":"Pen Nib"},{"floor":40.0,"key":"Molten Egg 2"},{"floor":42.0,"key":"Centennial Puzzle"},{"floor":42.0,"key":"War Paint"},{"floor":43.0,"key":"Bronze Scales"},{"floor":46.0,"key":"Nunchaku"},{"floor":46.0,"key":"Art of War"}],"event_choices":[{"damage_healed":0.0,"max_hp_gain":0.0,"max_hp_loss":0.0,"gold_gain":0.0,"event_name":"Mushrooms","player_choice":"Fought Mushrooms","floor":10.0,"gold_loss":0.0,"damage_taken":0.0},{"damage_healed":0.0,"max_hp_gain":0.0,"max_hp_loss":0.0,"gold_gain":0.0,"cards_transformed":["Strike_P"],"event_name":"Transmorgrifier","player_choice":"Transformed","floor":21.0,"gold_loss":0.0,"damage_taken":0.0,"cards_obtained":["ReachHeaven"]},{"damage_healed":0.0,"max_hp_gain":0.0,"max_hp_loss":0.0,"gold_gain":0.0,"event_name":"Vampires","player_choice":"Ignored","floor":29.0,"gold_loss":0.0,"damage_taken":0.0},{"damage_healed":0.0,"max_hp_gain":0.0,"max_hp_loss":0.0,"gold_gain":0.0,"event_name":"Tomb of Lord Red Mask","player_choice":"Paid","floor":36.0,"gold_loss":167.0,"damage_taken":0.0,"relics_obtained":["Red Mask"]},{"damage_healed":0.0,"max_hp_gain":0.0,"max_hp_loss":0.0,"gold_gain":0.0,"event_name":"Winding Halls","player_choice":"Embrace Madness","floor":39.0,"gold_loss":0.0,"damage_taken":11.0,"cards_obtained":["Madness","Madness"]},{"damage_healed":0.0,"max_hp_gain":0.0,"max_hp_loss":0.0,"gold_gain":0.0,"event_name":"SensoryStone","player_choice":"Memory 3","floor":48.0,"gold_loss":0.0,"damage_taken":10.0}],"is_beta":false,"boss_relics":[{"not_picked":["Busted Crown","Fusion Hammer"],"picked":"Cursed Key"},{"not_picked":["Empty Cage","Runic Dome"],"picked":"Black Star"}],"items_purged_floors":[12],"is_endless":false,"potions_floor_spawned":[1,4,8,11,13,16,22,25,27,40,42,45],"ascension_level":19}}