{"host":"c78wly9r9u34kc2l","time":1608705797,"event":{"mods":["AchievementEnabler","Aspiration","BaseMod","Better Altar","Better Skull","Better Third Choice","BetterRewards","Card Forge","Colored Powertips","Conspire","Displayed Cursed Tome","Highlight Path","Hubris","Infinite Spire","Mimic Mod","Minty Spire (QoL Compilation)","Permanent Neow","Quick Restart","Replay The Spire","Shop Mod","Spicy Shops","Spikes Relics","StSLib"],"gold_per_floor":[115,125,140,152,162,162,182,210,210,228,228,262,262,295,295,370,370,388,404,404,195,43,75,75,107,132,52,52,32,32,68,68,140,140,150,167,178,212,226,259,259,275,313,326,352,352,40,69,69,69,69,69,69,0,35,35],"floor_reached":57,"playtime":4641,"items_purged":[],"score":3954,"play_id":"da6020df-dd7e-4547-916f-8cdbdd3e1396","local_time":"20201223074317","is_ascension_mode":true,"campfire_choices":[{"floor":6.0,"key":"RECALL"},{"data":"infinitespire:OneForAll","floor":11.0,"key":"SMITH"},{"data":"Shrug It Off","floor":13.0,"key":"SMITH"},{"floor":15.0,"key":"REST"},{"floor":30.0,"key":"REST"},{"floor":41,"key":"REST"},{"data":"Pot Of Greed","floor":46,"key":"SMITH"},{"data":"Pot Of Greed","floor":49,"key":"SMITH"},{"floor":53,"key":"REST"}],"circlet_count":0,"master_deck":["AscendersBane","Strike_R+1","Strike_R+1","Strike_R+1","Strike_R+1","Strike_R+1","Defend_R+1","Defend_R+1","Defend_R+1","Defend_R+1","Bash+1","Dark Embrace+1","Warcry+1","Havoc+1","Bandage Up+1","Cleave+1","infinitespire:OneForAll+1","Shrug It Off+1","Iron Wave+1","Pommel Strike+1","Sword Boomerang+1","Limit Break+1","ReplayTheSpireMod:Strike From Hell+1","Run Through+1","Feel No Pain+1","Offering+1","Sword Boomerang+1","Havoc+1","Evolve+1","Shrug It Off+1","Feel No Pain+1","Iron Wave+1","Demon Form+1","Pot Of Greed+1","Pot Of Greed+1","Limit Break+1","Pot Of Greed+1","Clothesline+1","Twin Strike+1","Flex+1","Wild Strike+1","Intimidate+1","Iron Wave+1","Infernal Blade+1","Cleave+1","ReplayTheSpireMod:Muscle Training+1","Panache+1","Metallicize+1","Pot Of Greed+1","True Grit+1"],"relics":["Burning Blood","Hammer of Thor","Seething Fire","Anvil of the Gods","MerchantsRug","Dead Branch","ClockworkSouvenir","Replay:Wax Seal","SnailShell","hubris:ChampionShield","Mark of Pain","Frozen Eye","Pet Ghost","infinitespire:ShieldingShard","Grinning Jar","Cursed Key","infinitespire:Bottled Soul","Lantern","BicycleWheel","hubris:CuriousFeather","Membership Card","aspiration:HatOfInfinitePower","hubris:MedicalManual","Mummified Hand","Medical Kit","hubris:SlimyHat"],"acts_visited":["Exordium","TheCity","TheBeyond","TheEnding"],"potions_floor_usage":[],"damage_taken":[{"damage":1.0,"enemies":"Jaw Worm","floor":1.0,"turns":3.0},{"damage":17.0,"enemies":"2 Louse","floor":2.0,"turns":3.0},{"damage":7.0,"enemies":"conspire:RoseBush","floor":3.0,"turns":2.0},{"damage":6.0,"enemies":"Exordium Thugs","floor":4.0,"turns":3.0},{"damage":4.0,"enemies":"conspire:2 RoseBushes","floor":5.0,"turns":5.0},{"damage":0.0,"enemies":"Lots of Slimes","floor":7.0,"turns":4.0},{"damage":1.0,"enemies":"Gremlin Nob","floor":8.0,"turns":3.0},{"damage":0.0,"enemies":"Blue Slaver","floor":10.0,"turns":2.0},{"damage":9.0,"enemies":"3 Sentries","floor":12.0,"turns":4.0},{"damage":15.0,"enemies":"Replay:BlueRogue","floor":14.0,"turns":3.0},{"damage":87.0,"enemies":"Fading Forest","floor":16.0,"turns":13.0},{"damage":6.0,"enemies":"conspire:FuzzyDice","floor":18.0,"turns":4.0},{"damage":6.0,"enemies":"Chosen","floor":19.0,"turns":3.0},{"damage":23.0,"enemies":"Slavers","floor":23.0,"turns":3.0},{"damage":14.0,"enemies":"conspire:SneckoGhost","floor":25.0,"turns":5.0},{"damage":14.0,"enemies":"Centurion and Healer","floor":27.0,"turns":4.0},{"damage":29.0,"enemies":"hubris:MusketHawk","floor":33.0,"turns":6.0},{"damage":6.0,"enemies":"3 Darklings","floor":35.0,"turns":5.0},{"damage":0.0,"enemies":"Orb Walker","floor":36.0,"turns":2.0},{"damage":20.0,"enemies":"Jaw Worm Horde","floor":37.0,"turns":5.0},{"damage":26.0,"enemies":"conspire:MimicChest","floor":38.0,"turns":6.0},{"damage":23,"enemies":"Sphere and 2 Shapes","floor":39,"turns":6},{"damage":1,"enemies":"R_Hoarder","floor":40,"turns":5},{"damage":3,"enemies":"Transient","floor":42,"turns":6},{"damage":13,"enemies":"3 Darklings","floor":43,"turns":7},{"damage":0,"enemies":"3 Darklings","floor":44,"turns":2},{"damage":0,"enemies":"Nemesis","floor":45,"turns":3},{"damage":0,"enemies":"Giant Head","floor":48,"turns":2},{"damage":9,"enemies":"Awakened One","floor":50,"turns":8},{"damage":23,"enemies":"Donu and Deca","floor":51,"turns":4},{"damage":2,"enemies":"Shield and Spear","floor":55,"turns":3},{"damage":55,"enemies":"The Heart","floor":56,"turns":6}],"seed_played":"-4811337293272487434","potions_obtained":[{"floor":2.0,"key":"LiquidBronze"},{"floor":7.0,"key":"Block Potion"},{"floor":42,"key":"Elixir"}],"is_trial":false,"path_per_floor":["M","M","M","M","M","R","M","E","T","M","R","E","R","E","R","B",null,"M","M","?","$","$","E","?","E","T","M","AVR","?","R","$","R","B",null,"M","M","M","?","M","E","R","M","MIM","M","E","R","$","E","R","B","B",null,"R","$","E","B",null],"character_chosen":"IRONCLAD","items_purchased":["MerchantsRug","Dead Branch","ClockworkSouvenir","Strange Spoon","Replay:Wax Seal","PreservedInsect","SnailShell","Dark Embrace","Warcry","Havoc","Bandage Up","Frozen Eye","Evolve","Shrug It Off","Feel No Pain","Pet Ghost","Membership Card","aspiration:HatOfInfinitePower","Panache","hubris:MedicalManual","Mummified Hand","Medical Kit"],"campfire_rested":4,"item_purchase_floors":[0,0,0,0,0,0,0,0,0,0,0,21,21,21,22,22,47,47,47,54,54,54],"current_hp_per_floor":[73,64,63,69,75,75,75,75,75,75,75,72,72,69,75,8,58,64,64,64,64,64,53,53,51,51,45,45,45,67,67,67,52,69,75,75,67,55,40,53,75,75,68,75,75,75,75,75,75,75,58,71,75,75,75,32],"gold":35,"neow_bonus":"","is_daily":false,"chose_seed":false,"campfire_upgraded":4,"win_rate":0.0,"timestamp":1608705797,"path_taken":["M","M","M","M","M","R","M","E","T","M","R","E","R","E","R","BOSS","M","M","?","?","$","E","?","E","T","?","AVR","?","R","$","R","BOSS","M","M","?","?","M","E","R","M","MIM","?","E","R","$","E","R","BOSS","BOSS","R","$","E","BOSS"],"items_purchased_type":["Relic","Relic","Relic","Relic","Relic","Relic","Relic","Card","Card","Card","Card","Relic","Card","Card","Card","Relic","Relic","Relic","Card","Relic","Relic","Relic"],"build_version":"2020-12-22","purchased_purges":0,"victory":true,"max_hp_per_floor":[75,75,75,75,75,75,75,75,75,75,75,75,75,75,75,75,75,75,75,75,75,75,75,75,75,75,75,75,75,75,75,75,75,75,75,75,75,75,75,75,75,75,75,75,75,75,75,75,75,75,75,75,75,75,75,75],"card_choices":[{"not_picked":["Sword Boomerang","Havoc"],"picked":"Cleave","floor":1.0},{"not_picked":["ReplayTheSpireMod:LeadingStrike","Abandon"],"picked":"infinitespire:OneForAll","floor":2.0},{"not_picked":["hubris:ReadiedAction","Fire Breathing"],"picked":"Shrug It Off","floor":3.0},{"not_picked":["Body Slam","Anger"],"picked":"Iron Wave","floor":4.0},{"not_picked":["hubris:CleavingFinish","hubris:ReadiedAction"],"picked":"Pommel Strike","floor":5.0},{"not_picked":["Reckless Charge","Run Through"],"picked":"Sword Boomerang","floor":7.0},{"not_picked":["Inflame","ReplayTheSpireMod:Stacked"],"picked":"Limit Break","floor":8.0},{"not_picked":["Heavy Blade","hubris:ReadiedAction"],"picked":"ReplayTheSpireMod:Strike From Hell","floor":10.0},{"not_picked":["Clash","conspire:Purge"],"picked":"Run Through","floor":12.0},{"not_picked":["Warcry","Burning Pact"],"picked":"Feel No Pain","floor":14.0},{"not_picked":["hubris:StunningStrike","conspire:HitWhereItHurts"],"picked":"Offering","floor":16.0},{"not_picked":["Run Through","Havoc"],"picked":"Sword Boomerang+1","floor":18.0},{"not_picked":["Hemokinesis","Invigoration"],"picked":"Havoc","floor":19.0},{"not_picked":["ReplayTheSpireMod:Strike From Hell","Perfected Strike"],"picked":"Iron Wave","floor":23.0},{"not_picked":["Perfected Strike+1","Searing Blow"],"picked":"Demon Form","floor":25.0},{"not_picked":["Fire Breathing","Perfected Strike","Heavy Blade"],"picked":"SKIP","floor":27.0},{"not_picked":["Exhume","hubris:StunningStrike"],"picked":"Limit Break","floor":33.0},{"not_picked":["infinitespire:OneForAll","Perfected Strike"],"picked":"Clothesline","floor":35.0},{"not_picked":["Flex","Flame Barrier"],"picked":"Twin Strike","floor":36.0},{"not_picked":["Perfected Strike","Run Through+1"],"picked":"Flex","floor":37.0},{"not_picked":["Armaments","Entrench"],"picked":"Wild Strike","floor":38.0},{"not_picked":["Thunderclap","Run Through"],"picked":"Intimidate+1","floor":39},{"not_picked":["ReplayTheSpireMod:Strike From Hell","conspire:ExplosiveBarrier","Bludgeon"],"picked":"SKIP","floor":40},{"not_picked":["Armaments","Headbutt"],"picked":"Iron Wave","floor":42},{"not_picked":["Headbutt+1","Thunderclap+1"],"picked":"Infernal Blade","floor":43},{"not_picked":["ReplayTheSpireMod:Strike From Hell","Anger"],"picked":"Cleave+1","floor":44},{"not_picked":["Heavy Blade+1","Iron Wave"],"picked":"ReplayTheSpireMod:Muscle Training+1","floor":45},{"not_picked":["Cleave+1","Fire Breathing"],"picked":"Metallicize+1","floor":48},{"not_picked":["Anger+1","Perfected Strike"],"picked":"True Grit+1","floor":55}],"player_experience":764890,"relics_obtained":[{"floor":8.0,"key":"Boot"},{"floor":12.0,"key":"Replay:Bottled Flurry"},{"floor":14.0,"key":"hubris:ChampionShield"},{"floor":23.0,"key":"infinitespire:ShieldingShard"},{"floor":25.0,"key":"Blood Vial"},{"floor":26.0,"key":"Grinning Jar"},{"floor":40,"key":"Lantern"},{"floor":43,"key":"BicycleWheel"},{"floor":45,"key":"hubris:CuriousFeather"},{"floor":48,"key":"Omamori"},{"floor":55,"key":"hubris:SlimyHat"}],"event_choices":[{"damage_healed":0.0,"max_hp_gain":0.0,"max_hp_loss":0.0,"gold_gain":0.0,"event_name":"Beggar","player_choice":"Ignored","floor":24.0,"gold_loss":0.0,"damage_taken":0.0},{"damage_healed":0.0,"max_hp_gain":0.0,"max_hp_loss":0.0,"gold_gain":0.0,"event_name":"The Woman in Blue","player_choice":"Bought 1 Potion","floor":29.0,"gold_loss":0.0,"damage_taken":0.0},{"cards_removed":["Pot Of Greed"],"damage_healed":0.0,"max_hp_gain":0.0,"max_hp_loss":0.0,"gold_gain":0.0,"event_name":"WeMeetAgain","player_choice":"Gave Card","floor":32.0,"gold_loss":0.0,"damage_taken":0.0,"relics_obtained":["infinitespire:Bottled Soul"]}],"is_beta":false,"boss_relics":[{"not_picked":["Tiny House","Painkiller Herb"],"picked":"Mark of Pain"},{"not_picked":["hubris:RunicObelisk","aspiration:PoetsPen"],"picked":"Runic Pyramid"}],"items_purged_floors":[],"is_endless":false,"potions_floor_spawned":[2,4,7,10,16,25,27,33,39,40,42,44,45,48],"ascension_level":20}}