{"host":"g8bj5uairaafp22z","time":1608764612,"event":{"mods":["AchievementEnabler","BaseMod","BetterRewards","Card Forge","Colored Powertips","Minty Spire (QoL Compilation)","Quick Restart","StSLib"],"gold_per_floor":[115,173,173,248,268,268,268,268,268,302,302,319,332,362,362,457,457,476,495,495,517,30,72,84,123,171,207,207,223,250,250,250,354,354,373,402,402,429,441,441,472,499,508,508,730,743,743,53,53,53,53,53,53,87,87],"floor_reached":56,"playtime":2653,"items_purged":[],"score":1310,"play_id":"bf9d651f-c1c7-4056-8137-09e2557237d8","local_time":"20201224000332","is_ascension_mode":false,"campfire_choices":[{"floor":6.0,"key":"REST"},{"floor":8.0,"key":"RECALL"},{"floor":15.0,"key":"REST"},{"data":"1","floor":32.0,"key":"LIFT"},{"floor":40.0,"key":"REST"},{"data":"2","floor":44.0,"key":"LIFT"},{"data":"3","floor":47.0,"key":"LIFT"},{"floor":49.0,"key":"REST"},{"floor":52.0,"key":"REST"}],"circlet_count":0,"master_deck":["Defend_G+1","Defend_G+1","Defend_G+1","Defend_G+1","Defend_G+1","Survivor+1","Neutralize+1","Adrenaline+1","Catalyst+1","Venomology+1","Envenom+1","Corpse Explosion+1","Bouncing Flask+1","Bane+1","After Image+1","Noxious Fumes+1","A Thousand Cuts+1","Crippling Poison+1","Deadly Poison+1","Poisoned Stab+1","Dagger Spray+1","Tools of the Trade+1","Sadistic Nature+1","Bane+1","Terror+1","Riddle With Holes+1","Corpse Explosion+1","CurseOfTheBell","Deadly Poison+1","Deflect+1","Tools of the Trade+1","Mayhem+1","A Thousand Cuts+1","Adrenaline+1","Crippling Poison+1","Venomology+1","Burst+1","Bouncing Flask+1","Sadistic Nature+1","Burst+1"],"relics":["Hammer of Thor","Seething Fire","Anvil of the Gods","SacredBark","Paper Crane","Toy Ornithopter","Odd Mushroom","Calling Bell","CeramicFish","Toxic Egg 2","Peace Pipe","Girya","Dead Branch","Ninja Scroll","Red Mask","Tingsha","Cursed Key","Ornamental Fan","Kunai","Pantograph","StoneCalendar","DollysMirror","TungstenRod"],"acts_visited":["Exordium","TheCity","TheBeyond","TheEnding"],"potions_floor_usage":[54,55],"damage_taken":[{"damage":7.0,"enemies":"Jaw Worm","floor":1.0,"turns":2.0},{"damage":0.0,"enemies":"2 Louse","floor":5.0,"turns":1.0},{"damage":0.0,"enemies":"Gremlin Nob","floor":10.0,"turns":2.0},{"damage":7.0,"enemies":"Small Slimes","floor":12.0,"turns":2.0},{"damage":7.0,"enemies":"3 Louse","floor":13.0,"turns":2.0},{"damage":5.0,"enemies":"The Mushroom Lair","floor":14.0,"turns":3.0},{"damage":1.0,"enemies":"The Guardian","floor":16.0,"turns":4.0},{"damage":6.0,"enemies":"2 Thieves","floor":18.0,"turns":3.0},{"damage":2.0,"enemies":"Shell Parasite","floor":19.0,"turns":4.0},{"damage":9.0,"enemies":"Centurion and Healer","floor":21.0,"turns":5.0},{"damage":6.0,"enemies":"Book of Stabbing","floor":23.0,"turns":4.0},{"damage":0.0,"enemies":"3 Cultists","floor":24.0,"turns":3.0},{"damage":19.0,"enemies":"Gremlin Leader","floor":25.0,"turns":6.0},{"damage":0.0,"enemies":"Masked Bandits","floor":27.0,"turns":3.0},{"damage":0.0,"enemies":"Sentry and Sphere","floor":29.0,"turns":3.0},{"damage":3.0,"enemies":"Slavers","floor":30.0,"turns":4.0},{"damage":15.0,"enemies":"Champ","floor":33.0,"turns":6.0},{"damage":0.0,"enemies":"3 Shapes","floor":35.0,"turns":2.0},{"damage":15.0,"enemies":"3 Darklings","floor":36.0,"turns":3.0},{"damage":6.0,"enemies":"Jaw Worm Horde","floor":38.0,"turns":3.0},{"damage":9.0,"enemies":"Spire Growth","floor":39.0,"turns":4.0},{"damage":12.0,"enemies":"Nemesis","floor":41.0,"turns":5.0},{"damage":8.0,"enemies":"Writhing Mass","floor":42.0,"turns":4.0},{"damage":0.0,"enemies":"Maw","floor":46.0,"turns":5.0},{"damage":38.0,"enemies":"Awakened One","floor":50.0,"turns":7.0},{"damage":3,"enemies":"Shield and Spear","floor":54,"turns":3},{"damage":24,"enemies":"The Heart","floor":55,"turns":6}],"seed_played":"-2947539615149366722","potions_obtained":[{"floor":1.0,"key":"GhostInAJar"},{"floor":10.0,"key":"Ancient Potion"},{"floor":24.0,"key":"PowerPotion"},{"floor":27.0,"key":"Energy Potion"},{"floor":41.0,"key":"DuplicationPotion"},{"floor":46.0,"key":"DistilledChaos"}],"is_trial":false,"path_per_floor":["M","?","$","?","M","R","?","R","T","E","?","M","M","?","R","B",null,"M","M","?","M","$","E","M","E","T","?","?","M","E","?","R","B",null,"M","M","?","M","M","R","E","M","T","R","?","M","R","$","R","B",null,"R","$","E","B",null],"character_chosen":"THE_SILENT","items_purchased":["Girya","Mayhem","Pantograph","StoneCalendar","DollysMirror"],"campfire_rested":5,"item_purchase_floors":[22,22,48,48,48],"current_hp_per_floor":[63,63,63,52,52,70,70,70,70,70,70,63,56,51,70,69,70,64,62,49,75,75,69,74,56,56,66,75,75,75,75,75,60,75,75,60,60,54,45,67,63,65,65,65,65,72,72,72,72,49,72,72,72,72,53],"gold":87,"neow_bonus":"BOSS_RELIC","is_daily":false,"chose_seed":false,"campfire_upgraded":0,"win_rate":0.0,"timestamp":1608764612,"path_taken":["M","?","$","?","M","R","?","R","T","E","?","?","M","?","R","BOSS","M","M","?","M","$","E","M","E","T","?","?","M","E","?","R","BOSS","M","M","?","?","M","R","E","M","T","R","?","M","R","$","R","BOSS","R","$","E","BOSS"],"items_purchased_type":["Relic","Card","Relic","Relic","Relic"],"build_version":"2020-12-22","purchased_purges":0,"victory":true,"max_hp_per_floor":[70,70,70,70,70,70,70,70,70,70,70,70,70,70,70,70,70,70,70,75,75,75,75,75,75,75,75,75,75,75,75,75,75,75,75,75,75,75,75,75,75,75,75,75,72,72,72,72,72,72,72,72,72,72,72],"card_choices":[{"not_picked":["PiercingWail","Deadly Poison"],"picked":"Bane","floor":1.0},{"not_picked":["Heel Hook","Slice","Acrobatics"],"picked":"SKIP","floor":5.0},{"not_picked":["Predator","Blade Dance"],"picked":"Terror","floor":10.0},{"not_picked":["Cloak And Dagger","Bane","Expertise"],"picked":"SKIP","floor":12.0},{"not_picked":["Dagger Throw","Outmaneuver","Masterful Stab"],"picked":"SKIP","floor":13.0},{"not_picked":["Backflip","Expertise"],"picked":"Riddle With Holes","floor":14.0},{"not_picked":["Unload","Malaise"],"picked":"Corpse Explosion","floor":16.0},{"not_picked":["Dagger Spray","Blade Dance+1"],"picked":"Deadly Poison+1","floor":18.0},{"not_picked":["Skewer","Quick Slash"],"picked":"Deflect+1","floor":19.0},{"not_picked":["Prepared+1","Well Laid Plans"],"picked":"Tools of the Trade","floor":21.0},{"not_picked":["Sucker Punch+1","Tactician+1"],"picked":"A Thousand Cuts","floor":23.0},{"not_picked":["Flying Knee","Backflip+1","Leg Sweep+1"],"picked":"SKIP","floor":24.0},{"not_picked":["Blade Dance+1","Terror+1"],"picked":"Adrenaline+1","floor":25.0},{"not_picked":["Underhanded Strike","Dodge and Roll+1"],"picked":"Crippling Poison+1","floor":27.0},{"not_picked":["Dagger Throw","Skewer","Masterful Stab"],"picked":"SKIP","floor":29.0},{"not_picked":["Terror+1","Deadly Poison+1","Unload"],"picked":"SKIP","floor":30.0},{"not_picked":["Burst+1","Doppelganger+1"],"picked":"Venomology+1","floor":33.0},{"not_picked":["Sucker Punch+1","Slice","Dagger Throw"],"picked":"SKIP","floor":35.0},{"not_picked":["Sucker Punch+1","Poisoned Stab+1"],"picked":"Burst+1","floor":36.0},{"not_picked":["Acrobatics+1","Quick Slash+1"],"picked":"Bouncing Flask+1","floor":38.0},{"not_picked":["Backflip+1","Terror+1","Dodge and Roll+1"],"picked":"SKIP","floor":39.0},{"not_picked":["Dagger Spray+1","Deflect+1","Acrobatics+1"],"picked":"SKIP","floor":41.0},{"not_picked":["Blur+1","Cloak And Dagger+1","Quick Slash+1"],"picked":"SKIP","floor":42.0},{"not_picked":["Bane","Choke+1","Quick Slash+1"],"picked":"SKIP","floor":46.0},{"not_picked":["Grand Finale","Catalyst+1"],"picked":"Burst+1","floor":54}],"player_experience":472079,"relics_obtained":[{"floor":9.0,"key":"Paper Crane"},{"floor":10.0,"key":"Toy Ornithopter"},{"floor":14.0,"key":"Odd Mushroom"},{"floor":17.0,"key":"CeramicFish"},{"floor":17.0,"key":"Toxic Egg 2"},{"floor":17.0,"key":"Peace Pipe"},{"floor":23.0,"key":"Dead Branch"},{"floor":25.0,"key":"Ninja Scroll"},{"floor":27.0,"key":"Red Mask"},{"floor":30.0,"key":"Tingsha"},{"floor":41.0,"key":"Ornamental Fan"},{"floor":43.0,"key":"Kunai"},{"floor":54,"key":"TungstenRod"}],"event_choices":[{"damage_healed":0.0,"max_hp_gain":0.0,"max_hp_loss":0.0,"gold_gain":58.0,"event_name":"Golden Wing","player_choice":"Gained Gold","floor":2.0,"gold_loss":0.0,"damage_taken":0.0},{"damage_healed":0.0,"max_hp_gain":0.0,"max_hp_loss":0.0,"gold_gain":75.0,"event_name":"World of Goop","player_choice":"Gather Gold","floor":4.0,"gold_loss":0.0,"damage_taken":11.0},{"damage_healed":0.0,"max_hp_gain":0.0,"max_hp_loss":0.0,"gold_gain":0.0,"event_name":"The Cleric","player_choice":"Leave","floor":7.0,"gold_loss":0.0,"damage_taken":0.0},{"damage_healed":0.0,"max_hp_gain":0.0,"max_hp_loss":0.0,"gold_gain":0.0,"event_name":"The Woman in Blue","player_choice":"Bought 0 Potions","floor":11.0,"gold_loss":0.0,"damage_taken":0.0},{"damage_healed":0.0,"max_hp_gain":0.0,"max_hp_loss":0.0,"gold_gain":0.0,"event_name":"Mushrooms","player_choice":"Fought Mushrooms","floor":14.0,"gold_loss":0.0,"damage_taken":0.0},{"damage_healed":0.0,"max_hp_gain":5.0,"max_hp_loss":0.0,"gold_gain":0.0,"event_name":"Forgotten Altar","player_choice":"Shed Blood","floor":20.0,"gold_loss":0.0,"damage_taken":18.0},{"damage_healed":0.0,"max_hp_gain":0.0,"max_hp_loss":0.0,"gold_gain":0.0,"event_name":"Masked Bandits","player_choice":"Fought Bandits","floor":27.0,"gold_loss":0.0,"damage_taken":0.0},{"damage_healed":25.0,"max_hp_gain":0.0,"max_hp_loss":0.0,"gold_gain":0.0,"event_name":"The Library","player_choice":"Heal","floor":28.0,"gold_loss":0.0,"damage_taken":0.0},{"damage_healed":0.0,"max_hp_gain":0.0,"max_hp_loss":0.0,"gold_gain":0.0,"event_name":"Back to Basics","player_choice":"Simplicity","floor":31.0,"gold_loss":0.0,"damage_taken":0.0,"cards_upgraded":[]},{"damage_healed":0.0,"max_hp_gain":0.0,"max_hp_loss":0.0,"gold_gain":0.0,"event_name":"Upgrade Shrine","player_choice":"Upgraded","floor":37.0,"gold_loss":0.0,"damage_taken":0.0,"cards_upgraded":["A Thousand Cuts"]},{"damage_healed":0.0,"max_hp_gain":0.0,"max_hp_loss":0.0,"gold_gain":222.0,"event_name":"Tomb of Lord Red Mask","player_choice":"Wore Mask","floor":45.0,"gold_loss":0.0,"damage_taken":0.0}],"is_beta":false,"boss_relics":[{"not_picked":["Pandora\u0027s Box","Sozu"],"picked":"Calling Bell"},{"not_picked":["Astrolabe","Empty Cage"],"picked":"Cursed Key"}],"items_purged_floors":[],"is_endless":false,"potions_floor_spawned":[1,10,14,16,23,24,27,33,41,42,46],"ascension_level":0}}