{"host":"wonp23fsqqcu31ie","time":1608699925,"event":{"mods":["2.2 Compatiblity","AchievementEnabler","Aspiration","BaseMod","Bestiary","Better Altar","Better Match","Better Sensory Stone","Better Skull","Better Third Choice","BetterRewards","Block Reminder","Colored Map","Colored Powertips","Conspire","DeckTracker","Displayed Cursed Tome","Downfall","Hermit","Highlight Path","Hubris","Minty Spire (QoL Compilation)","Permanent Neow","Quick Restart","Rare Cards Sparkle","Relic Stats","Replay The Spire","Shade Mod","Shop Mod","StSLib","SuperFastMode","The Animator","The Cursed","The Dragon Tamer","The Gatherer","The Necromancer","The Runesmith","The Servant 0.9.4"],"gold_per_floor":[115,65,28,28,43,79,79,99,99,136,182,48,48,86,86,210,210,226,226,260,12,47,47,86,86,86,103,157,157,157,157],"floor_reached":30,"playtime":859,"items_purged":[],"score":315,"play_id":"11a78205-453a-4e35-997f-56ecdeec450b","local_time":"20201223160525","is_ascension_mode":true,"campfire_choices":[{"floor":13,"key":"REST"},{"floor":15,"key":"REST"},{"floor":23,"key":"REST"},{"floor":25,"key":"REST"}],"circlet_count":0,"master_deck":["hermit:Strike_Hermit","hermit:Strike_Hermit","hermit:Strike_Hermit","hermit:Strike_Hermit","hermit:Defend_Hermit","hermit:Defend_Hermit","hermit:Defend_Hermit","hermit:Defend_Hermit","hermit:Snapshot","hermit:Covet","hermit:HighCaliber","conspire:SpireCoStock","hermit:Showdown","Eclipse+1","hermit:Headshot","hermit:FromBeyond","hermit:TrackingShot","hermit:Malice","hermit:Scavenge","hermit:Brawl","hermit:Roughhouse","hermit:Ricochet","hermit:GhostlyPresence","hermit:Quickdraw","hermit:FlashPowder","hermit:FlashPowder","hermit:BigShot+1"],"relics":["hermit:Momento","Gremlin Horn","aspiration:FrozenJewel","Kunai","MerchantsRug","ClockworkSouvenir","Blood Vial","hubris:ScarierMask","HandDrill","ReplayTheSpireMod:Ninjato","The Courier","MutagenicStrength"],"acts_visited":["Exordium","TheCity"],"potions_floor_usage":[6,7,11,11,11,16,20,21,22,22,22,28,28],"damage_taken":[{"damage":0,"enemies":"Jaw Worm","floor":1,"turns":5},{"damage":0,"enemies":"2 Louse","floor":5,"turns":3},{"damage":17,"enemies":"3 Sentries","floor":6,"turns":6},{"damage":0,"enemies":"Cultist","floor":8,"turns":2},{"damage":7,"enemies":"Red Slaver","floor":10,"turns":2},{"damage":13,"enemies":"Lagavulin","floor":11,"turns":6},{"damage":14,"enemies":"Gremlin Nob","floor":14,"turns":3},{"damage":32,"enemies":"The Guardian","floor":16,"turns":10},{"damage":13,"enemies":"Chosen","floor":18,"turns":6},{"damage":25,"enemies":"3 Byrds","floor":20,"turns":4},{"damage":39,"enemies":"Snake Plant","floor":22,"turns":5},{"damage":1,"enemies":"Slavers","floor":24,"turns":7},{"damage":0,"enemies":"Sentry and Sphere","floor":27,"turns":2},{"damage":67,"enemies":"Book of Stabbing","floor":28,"turns":10},{"damage":28,"enemies":"Gremlin Leader","floor":30,"turns":4}],"seed_played":"6929937059502146583","potions_obtained":[{"floor":1,"key":"SkillPotion"},{"floor":7,"key":"Fruit Juice"},{"floor":7,"key":"Toxic Potion"},{"floor":7,"key":"Strength Potion"},{"floor":10,"key":"Explosive Potion"},{"floor":14,"key":"BlessingOfTheForge"},{"floor":16,"key":"GamblersBrew"},{"floor":22,"key":"PowerPotion"},{"floor":24,"key":"Regen Potion"},{"floor":28,"key":"Explosive Potion"}],"is_trial":false,"path_per_floor":["M","?","$","?","M","E","?","M","T","M","E","$","R","E","R","B",null,"M","?","M","$","M","R","E","R","T","M","E","?","E"],"character_chosen":"HERMIT","items_purchased":["hermit:Showdown","MerchantsRug","ClockworkSouvenir","HandDrill","EntropicBrew"],"campfire_rested":4,"item_purchase_floors":[3,12,12,21,21],"current_hp_per_floor":[75,75,75,52,52,35,40,40,40,33,20,20,44,30,54,24,80,67,71,48,48,23,47,48,72,72,74,23,23,0,0],"gold":157,"neow_bonus":"NOSTALGIA","is_daily":false,"chose_seed":false,"campfire_upgraded":0,"win_rate":0.0,"timestamp":1608699925,"path_taken":["M","?","$","?","M","E","?","?","T","M","E","?","R","E","R","BOSS","M","?","M","$","?","R","E","R","T","M","E","?","E"],"items_purchased_type":["Card","Relic","Relic","Relic","Potion"],"build_version":"2020-12-13","purchased_purges":0,"victory":false,"max_hp_per_floor":[75,75,75,75,75,75,80,80,80,80,80,80,80,80,80,80,80,80,80,80,80,80,80,80,80,80,80,80,80,80,80],"relic_stats":{"Blood Vial":14,"Gremlin Horn":[3,3],"counters":[15,75],"HandDrill":[8],"Kunai":[12],"obtain_stats":[{"MerchantsRug":12,"ReplayTheSpireMod:Ninjato":24,"Gremlin Horn":6,"aspiration:Nostalgia":0,"The Courier":28,"aspiration:FrozenJewel":9,"ClockworkSouvenir":12,"Blood Vial":14,"MutagenicStrength":29,"hubris:ScarierMask":17,"animator:LivingPicture":0,"HandDrill":21,"Kunai":11,"hermit:Momento":0,"hubris:BottledRain":4},{"MerchantsRug":6,"ReplayTheSpireMod:Ninjato":12,"Gremlin Horn":3,"aspiration:Nostalgia":0,"The Courier":14,"aspiration:FrozenJewel":4,"ClockworkSouvenir":6,"Blood Vial":7,"MutagenicStrength":14,"hubris:ScarierMask":8,"animator:LivingPicture":0,"HandDrill":10,"Kunai":6,"hermit:Momento":0,"hubris:BottledRain":1},{"MerchantsRug":24,"ReplayTheSpireMod:Ninjato":59,"Gremlin Horn":14,"aspiration:Nostalgia":0,"The Courier":71,"aspiration:FrozenJewel":16,"ClockworkSouvenir":24,"Blood Vial":27,"MutagenicStrength":71,"hubris:ScarierMask":37,"animator:LivingPicture":0,"HandDrill":47,"Kunai":24,"hermit:Momento":0,"hubris:BottledRain":5}]},"card_choices":[{"not_picked":["hermit:Cheat","hermit:Desperado"],"picked":"hermit:HighCaliber","floor":1},{"not_picked":["hermit:GhostlyPresence","hermit:WideOpen"],"picked":"hermit:Headshot","floor":5},{"not_picked":["hermit:Coalescence","hermit:Glare"],"picked":"hermit:FromBeyond","floor":6},{"not_picked":["hermit:Cheat","hermit:ShadowCloak"],"picked":"hermit:TrackingShot","floor":8},{"not_picked":["hermit:CalledShot","hermit:TrackingShot"],"picked":"hermit:Malice","floor":10},{"not_picked":["hermit:BodyArmor","hermit:Dive"],"picked":"hermit:Scavenge","floor":11},{"not_picked":["hermit:Desperado","hermit:CursedWeapon"],"picked":"hermit:Brawl","floor":14},{"not_picked":["hermit:Purgatory","hermit:OverwhelmingPower"],"picked":"hermit:Roughhouse","floor":16},{"not_picked":["hermit:BodyArmor","hermit:SprayPray"],"picked":"hermit:Ricochet","floor":18},{"not_picked":["hermit:Ricochet","hermit:ItchyTrigger"],"picked":"hermit:GhostlyPresence","floor":20},{"not_picked":["hermit:HoleUp+1","hermit:Glare"],"picked":"hermit:Quickdraw","floor":22},{"not_picked":["hermit:Desperado","hermit:Ricochet"],"picked":"hermit:FlashPowder","floor":24},{"not_picked":["hermit:Quickdraw","hermit:HighCaliber"],"picked":"hermit:FlashPowder","floor":27},{"not_picked":["hermit:Coalescence","hermit:SprayPray"],"picked":"hermit:BigShot+1","floor":28}],"player_experience":386020,"relics_obtained":[{"floor":6,"key":"Gremlin Horn"},{"floor":9,"key":"aspiration:FrozenJewel"},{"floor":11,"key":"Kunai"},{"floor":14,"key":"Blood Vial"},{"floor":24,"key":"ReplayTheSpireMod:Ninjato"},{"floor":28,"key":"The Courier"}],"event_choices":[{"damage_healed":0,"gold_gain":0,"player_choice":"Invest 1","damage_taken":0,"max_hp_gain":0,"max_hp_loss":0,"event_name":"conspire:Investor","floor":2,"gold_loss":0},{"damage_healed":0,"gold_gain":0,"player_choice":"Got Potions","damage_taken":0,"max_hp_gain":0,"max_hp_loss":0,"event_name":"Lab","floor":7,"gold_loss":0},{"damage_healed":4,"gold_gain":0,"player_choice":"LEAVE ","damage_taken":0,"relics_obtained":[],"max_hp_gain":0,"max_hp_loss":0,"event_name":"betterSkull:BetterSkull","floor":19,"gold_loss":0,"cards_upgraded":[]},{"damage_healed":0,"gold_gain":0,"player_choice":"Inject Mutagens","damage_taken":0,"relics_obtained":["MutagenicStrength"],"max_hp_gain":0,"max_hp_loss":0,"event_name":"Drug Dealer","floor":29,"gold_loss":0}],"is_beta":false,"boss_relics":[{"not_picked":["hubris:TerracottaHorce","Replay:Drink Me"],"picked":"hubris:ScarierMask"}],"items_purged_floors":[],"is_endless":false,"potions_floor_spawned":[1,10,14,16,22,24,28],"killed_by":"Gremlin Leader","ascension_level":2}}