{"host":"s7tmyr5e6xvpia4b","time":1608728441,"event":{"mods":["ATMod(°¢èªMod)","BaseMod","Bestiary","Better Synergies","BshForSts","Curses Come First","GifTheSpireLib","Minty Spire (QoL Compilation)","Replay The Spire","StSLib","The Blue Laboratory","[IsaacMod]ÒÔÈö¼âËþ","noobMod","¡¾ÒÅÎï¿¨ÅÆ¡¿REMEMod"],"gold_per_floor":[110,110,120,140,110,141,141,171,171,171,201,234,184,201,201,296,296,308,407,425,441,87,113,113,124,124,124,158,209,242,259,259,356,356,376,395,447,467,480,480,513,527,527,345,699,699,731,731,731,742,742,742],"floor_reached":53,"playtime":3110,"items_purged":["Defend_R","Defend_R","Strike_R"],"score":1264,"play_id":"bf38e320-6644-491d-9d90-b1f5f3af578e","local_time":"20201223210041","is_ascension_mode":true,"campfire_choices":[{"data":"Warcry","floor":7,"key":"SMITH"},{"data":"Shrug It Off","floor":10,"key":"SMITH"},{"data":"AT_TearsDenial","floor":15,"key":"SMITH"},{"data":"Armaments","floor":24,"key":"SMITH"},{"data":"ReplayTheSpireMod:Strike From Hell","floor":27,"key":"SMITH"},{"data":"Fire Breathing","floor":32,"key":"SMITH"},{"data":"REME_Cut","floor":40,"key":"SMITH"},{"data":"AT_DiedThrough","floor":46,"key":"SMITH"},{"data":"Body Slam","floor":51,"key":"SMITH"}],"circlet_count":0,"master_deck":["Strike_R+1","Strike_R+1","Defend_R","Defend_R","Bash","AT_TearsDenial+1","AT_DiedThrough+1","Fire Breathing+1","REME_Scribble","Warcry+1","REME_Cut+1","ReplayTheSpireMod:Strike From Hell+1","Shrug It Off+1","Brutality+1","Headbutt","Cleave","Dual Wield+1","Armaments+1","True Grit+1","Barricade+1","Body Slam+1","AT_Dispersion+1","Metallicize+1","Evolve","AT_GerminateFire+1","Clash","Wild Strike","Dark Embrace+1"],"relics":["Burning Blood","AT_ATBox","ice","HushsDoor","REME_ComplimentaryCards","NeowsBlessing","NineVolt","Golden Egg","Champion Belt","Gremlin Horn","AT_ForceNature","EdensBlessing","ChewingGum","GuppysTail","SatanicBible","Whetstone","Bottled Lightning","Replay:Bottled Snecko","YumHeart","REME_HandOfSuture","Charon\u0027s Ashes","Sozu","D6","AnarchistCookbook","ReplayTheSpireMod:Ninjato","BloodBag","Another Sword"],"acts_visited":["Exordium","TheCity","TheBeyond"],"potions_floor_usage":[5],"damage_taken":[{"damage":0.0,"enemies":"Small Slimes","floor":1.0,"turns":1.0},{"damage":0.0,"enemies":"2 Louse","floor":3.0,"turns":1.0},{"damage":0.0,"enemies":"Cultist","floor":4.0,"turns":1.0},{"damage":18,"enemies":"Looter","floor":5,"turns":4},{"damage":62,"enemies":"3 Sentries","floor":6,"turns":6},{"damage":19,"enemies":"Replay:BlueRogue","floor":8,"turns":7},{"damage":14,"enemies":"3 Sentries","floor":12,"turns":4},{"damage":6,"enemies":"Large Slime","floor":14,"turns":5},{"damage":38,"enemies":"Slime Boss","floor":16,"turns":8},{"damage":1,"enemies":"Shell Parasite","floor":18,"turns":3},{"damage":2,"enemies":"Spheric Guardian","floor":20,"turns":5},{"damage":1,"enemies":"Snecko","floor":21,"turns":3},{"damage":17,"enemies":"Gremlin Leader","floor":23,"turns":3},{"damage":13,"enemies":"Cultist and Chosen","floor":25,"turns":3},{"damage":11,"enemies":"Slavers","floor":28,"turns":5},{"damage":0,"enemies":"REME_1_Revenger","floor":30,"turns":2},{"damage":3,"enemies":"Sentry and Sphere","floor":31,"turns":3},{"damage":3,"enemies":"Pondfish","floor":33,"turns":4},{"damage":0,"enemies":"Orb Walker","floor":35,"turns":3},{"damage":1,"enemies":"3 Darklings","floor":36,"turns":2},{"damage":28,"enemies":"2 Orb Walkers","floor":37,"turns":3},{"damage":1,"enemies":"Jaw Worm Horde","floor":38,"turns":3},{"damage":0,"enemies":"Writhing Mass","floor":39,"turns":3},{"damage":1,"enemies":"Giant Head","floor":41,"turns":4},{"damage":0,"enemies":"3 Darklings","floor":42,"turns":1},{"damage":65,"enemies":"Mind Bloom Boss Battle","floor":45,"turns":3},{"damage":1,"enemies":"Nemesis","floor":47,"turns":3},{"damage":21,"enemies":"Sphere and 2 Shapes","floor":50,"turns":3},{"damage":7,"enemies":"Donu and Deca","floor":52,"turns":4}],"seed_played":"6437682793227373359","potions_obtained":[{"floor":4.0,"key":"blueLaboratory:HummingbirdPotion"},{"floor":8,"key":"blueLaboratory:FruitPunch"},{"floor":14,"key":"blueLaboratory:SmithPotion"},{"floor":18,"key":"SteroidPotion"},{"floor":28,"key":"Languid Potion"},{"floor":31,"key":"blueLaboratory:StoneskinPotion"}],"is_trial":false,"path_per_floor":["M","?","M","M","M","E","R","E","T","R","?","E","?","M","R","B",null,"M","?","M","M","$","E","R","M","T","R","E","?","E","M","R","B",null,"M","M","?","M","M","R","E","M","T","$","?","R","E","PTL","PTL","M","R","B",null],"character_chosen":"IRONCLAD","items_purchased":["GuppysTail","SatanicBible","Dual Wield","Bottled Lightning","Dark Embrace"],"campfire_rested":0,"item_purchase_floors":[17,17,22,22,44],"current_hp_per_floor":[80,73,79,80,70,16,16,87,87,87,87,81,81,83,83,53,76,81,81,86,89,89,80,80,75,99,99,96,89,95,100,100,117,124,128,130,135,140,146,146,150,151,151,151,81,81,88,88,88,75,75,76],"gold":742,"neow_bonus":"THREE_ENEMY_KILL","is_daily":false,"chose_seed":false,"campfire_upgraded":9,"win_rate":0.0,"timestamp":1608728441,"path_taken":["M","?","?","M","M","E","R","E","T","R","?","E","?","M","R","BOSS","M","?","?","M","$","E","R","M","T","R","E","?","E","M","R","BOSS","M","?","?","M","M","R","E","M","T","$","?","R","E","PTL","PTL","?","R","BOSS"],"items_purchased_type":["Relic","Relic","Card","Relic","Card"],"build_version":"2020-12-22","purchased_purges":3,"victory":true,"max_hp_per_floor":[80,80,80,80,82,84,84,87,87,87,87,93,93,97,97,101,76,81,81,86,89,89,95,95,99,99,99,108,108,108,112,112,124,124,128,130,135,140,146,146,150,151,151,151,166,166,169,169,169,174,174,180],"card_choices":[{"not_picked":["Shrug It Off","Wild Strike"],"picked":"Fire Breathing","floor":1.0},{"not_picked":["AT_IchimonjiDouble","Shockwave"],"picked":"REME_Scribble","floor":3.0},{"not_picked":["ReplayTheSpireMod:Strike From Hell","Perfected Strike"],"picked":"Warcry","floor":4.0},{"not_picked":["ReplayTheSpireMod:LeadingStrike","Carnage"],"picked":"REME_Cut","floor":5},{"not_picked":["Entrench","Twin Strike"],"picked":"ReplayTheSpireMod:Strike From Hell","floor":6},{"not_picked":["AT_DiedThrough","AT_IchimonjiDouble"],"picked":"Shrug It Off","floor":8},{"not_picked":["AT_BodySlamDance","Combust","Shrug It Off"],"picked":"SKIP","floor":12},{"not_picked":["ReplayTheSpireMod:Stacked","Massacre","Fiend Fire"],"picked":"SKIP","floor":14},{"not_picked":["Reaper","Limit Break"],"picked":"Brutality","floor":16},{"not_picked":["Run Through","Anger"],"picked":"Headbutt","floor":18},{"not_picked":["AT_BodySlamDance","REME_SingleHolding","Havoc"],"picked":"SKIP","floor":20},{"not_picked":["Whirlwind","Run Through+1"],"picked":"Cleave","floor":21},{"not_picked":["AT_IchimonjiDouble+1","Offering"],"picked":"Armaments","floor":23},{"not_picked":["Replay:Undeath\u0027s Touch","Body Slam"],"picked":"True Grit+1","floor":25},{"not_picked":["Blood for Blood","Pommel Strike","Flex"],"picked":"SKIP","floor":28},{"not_picked":["AT_BodySlamDance","Hemokinesis"],"picked":"Barricade","floor":30},{"not_picked":["Feel No Pain","ReplayTheSpireMod:Strike From Hell"],"picked":"Body Slam","floor":31},{"not_picked":["Double Tap","REME_Fury"],"picked":"AT_Dispersion","floor":33},{"not_picked":["Cleave","Flex"],"picked":"Metallicize+1","floor":35},{"not_picked":["Replay:Undeath\u0027s Touch","Anger+1"],"picked":"Evolve","floor":36},{"not_picked":["ReplayReversal","Thunderclap"],"picked":"AT_GerminateFire+1","floor":37},{"not_picked":["REME_Cut","Spot Weakness"],"picked":"Clash","floor":38},{"not_picked":["Thunderclap+1","Brutality","Flame Barrier"],"picked":"SKIP","floor":39},{"not_picked":["Body Slam+1","AT_BodySlamDance+1"],"picked":"Wild Strike","floor":41},{"not_picked":["Shrug It Off+1","Iron Wave+1","Sword Boomerang+1"],"picked":"SKIP","floor":42},{"not_picked":["Wild Strike+1","Clash","AT_GerminateFire"],"picked":"SKIP","floor":47},{"not_picked":["Cleave+1","Anger","Pummel"],"picked":"SKIP","floor":50}],"player_experience":20798,"relics_obtained":[{"floor":6,"key":"Golden Egg"},{"floor":8,"key":"Champion Belt"},{"floor":9,"key":"Gremlin Horn"},{"floor":12,"key":"Damocles"},{"floor":14,"key":"EdensBlessing"},{"floor":18,"key":"Whetstone"},{"floor":23,"key":"Replay:Bottled Snecko"},{"floor":26,"key":"YumHeart"},{"floor":28,"key":"REME_HandOfSuture"},{"floor":30,"key":"Charon\u0027s Ashes"},{"floor":37,"key":"D6"},{"floor":41,"key":"AnarchistCookbook"},{"floor":43,"key":"ReplayTheSpireMod:Ninjato"},{"floor":45,"key":"BloodDonationMachine"},{"floor":47,"key":"Another Sword"}],"event_choices":[{"cards_removed":["Strike_R"],"damage_healed":0.0,"max_hp_gain":0.0,"max_hp_loss":0.0,"gold_gain":0.0,"event_name":"Golden Wing","player_choice":"Card Removal","floor":2.0,"gold_loss":0.0,"damage_taken":7.0},{"damage_healed":0,"gold_gain":30,"player_choice":"Searched \u00273\u0027 times","damage_taken":0,"relics_obtained":["AT_ForceNature"],"max_hp_gain":0,"max_hp_loss":0,"event_name":"Dead Adventurer","floor":11,"gold_loss":0},{"cards_removed":["Strike_R"],"damage_healed":0,"gold_gain":0,"player_choice":"Card Removal","damage_taken":0,"max_hp_gain":0,"max_hp_loss":0,"event_name":"The Cleric","floor":13,"gold_loss":50},{"damage_healed":0,"gold_gain":99,"player_choice":"Stole From Cult","damage_taken":0,"max_hp_gain":0,"max_hp_loss":0,"event_name":"Nest","floor":19,"gold_loss":0},{"damage_healed":0,"gold_gain":0,"player_choice":"Fight","damage_taken":0,"max_hp_gain":0,"max_hp_loss":0,"event_name":"Mysterious Sphere","floor":37,"gold_loss":0},{"damage_healed":0,"gold_gain":0,"player_choice":"Fight","damage_taken":0,"max_hp_gain":0,"max_hp_loss":0,"event_name":"MindBloom","floor":45,"gold_loss":0}],"is_beta":false,"boss_relics":[{"not_picked":["Astrolabe","Black Blood"],"picked":"ChewingGum"},{"not_picked":[]},{"not_picked":["REME_ChargedStone","Velvet Choker"],"picked":"Sozu"},{"not_picked":[]}],"items_purged_floors":[17,22,44],"is_endless":false,"potions_floor_spawned":[4,8,14,18,28,30,31,33,39,41,42,45,50],"ascension_level":4}}