{"host":"52jmisti11ysmja4","time":1608743435,"event":{"mods":["Aspiration","BaseMod","Better Third Choice","Hermit","Koishi","Minty Spire (QoL Compilation)","Remove Card Discount Mod","Shade Mod","StSLib","The Cursed","The Servant 0.9.4","The Vixen"],"gold_per_floor":[111,124,144,144,144,176,192,223,303,343,288,329,342,377,377,484,543,555,577,577,591,613,645,670,704,783,808,315,351,351,370,370,471,471,496,516,516,516,516,555,555,587,587,587,587],"floor_reached":44,"playtime":2814,"items_purged":["TheCursedMod:Strike_TheCursed","TheCursedMod:Strike_TheCursed","TheCursedMod:Strike_TheCursed","TheCursedMod:Strike_TheCursed","TheCursedMod:Defend_TheCursed","TheCursedMod:Defend_TheCursed","TheCursedMod:Defend_TheCursed","TheCursedMod:Defend_TheCursed"],"score":939,"play_id":"b6227582-677b-41ca-bc83-c357a9f7bd0c","local_time":"20201223091035","is_ascension_mode":true,"campfire_choices":[{"data":"TheCursedMod:CircleOfBlood","floor":15.0,"key":"SMITH"},{"data":"TheCursedMod:HellfireBreathing","floor":30.0,"key":"SMITH"},{"data":"TheCursedMod:CircleOfFlame","floor":32.0,"key":"SMITH"},{"floor":41.0,"key":"REST"}],"circlet_count":0,"master_deck":["TheCursedMod:CursedWand+1","TheCursedMod:CleanUpWorkshop","TheCursedMod:Dregs","TheCursedMod:CursedBlade","TheCursedMod:AbyssShockwave+1","TheCursedMod:TacticalStrike","TheCursedMod:CursedShiv","TheCursedMod:CursedShiv","TheCursedMod:SurpriseAttack","TheCursedMod:CircleOfBlood+1","TheCursedMod:WearCloak","TheCursedMod:CircleOfFlame+1","TheCursedMod:SurpriseAttack","TheCursedMod:HellfireBreathing+1","TheCursedMod:CursedShiv+1","TheCursedMod:CircleOfCorruption","TheCursedMod:CircleOfFlame","TheCursedMod:Mangle","TheCursedMod:WearCloak+1","TheCursedMod:WearCloak+1"],"relics":["TheCursedMod:BlackMagic101","Bronze Scales","aspiration:Lifesprig","Toy Ornithopter","aspiration:HiddenCompartment","aspiration:HummingbirdHeart","CeramicFish","Smiling Mask","MealTicket","Tiny House","Tiny Chest","Strawberry","aspiration:StickyExplosives_weak","Shuriken","Incense Burner","StrikeDummy","Singing Bowl","TheCursedMod:Tack","Busted Crown","Dream Catcher","Molten Egg 2","The Courier"],"acts_visited":["Exordium","TheCity","TheBeyond"],"potions_floor_usage":[],"damage_taken":[{"damage":0.0,"enemies":"Cultist","floor":1.0,"turns":3.0},{"damage":2.0,"enemies":"Jaw Worm","floor":2.0,"turns":3.0},{"damage":0.0,"enemies":"2 Louse","floor":3.0,"turns":1.0},{"damage":20.0,"enemies":"Gremlin Nob","floor":6.0,"turns":3.0},{"damage":4.0,"enemies":"Red Slaver","floor":7.0,"turns":2.0},{"damage":9.0,"enemies":"Lagavulin","floor":8.0,"turns":3.0},{"damage":0.0,"enemies":"Gremlin Nob","floor":10.0,"turns":3.0},{"damage":0.0,"enemies":"3 Sentries","floor":12.0,"turns":2.0},{"damage":0.0,"enemies":"Exordium Thugs","floor":13.0,"turns":2.0},{"damage":0.0,"enemies":"Gremlin Nob","floor":14.0,"turns":2.0},{"damage":36.0,"enemies":"Slime Boss","floor":16.0,"turns":5.0},{"damage":0.0,"enemies":"Spheric Guardian","floor":18.0,"turns":2.0},{"damage":0.0,"enemies":"Chosen","floor":19.0,"turns":2.0},{"damage":22.0,"enemies":"Snake Plant","floor":21.0,"turns":3.0},{"damage":2.0,"enemies":"Shelled Parasite and Fungi","floor":22.0,"turns":3.0},{"damage":9.0,"enemies":"Slavers","floor":23.0,"turns":3.0},{"damage":17.0,"enemies":"Book of Stabbing","floor":25.0,"turns":4.0},{"damage":2.0,"enemies":"Slavers","floor":27.0,"turns":2.0},{"damage":0.0,"enemies":"Gremlin Leader","floor":29.0,"turns":3.0},{"damage":0.0,"enemies":"Chosen and Byrds","floor":31.0,"turns":2.0},{"damage":16.0,"enemies":"Automaton","floor":33.0,"turns":5.0},{"damage":0.0,"enemies":"3 Darklings","floor":35.0,"turns":2.0},{"damage":0.0,"enemies":"Orb Walker","floor":36.0,"turns":1.0},{"damage":37.0,"enemies":"Reptomancer","floor":40.0,"turns":4.0},{"damage":66.0,"enemies":"Nemesis","floor":42.0,"turns":5.0},{"damage":0,"enemies":"Giant Head","floor":44,"turns":1}],"seed_played":"-6751396774511686","potions_obtained":[{"floor":3.0,"key":"SkillPotion"},{"floor":6.0,"key":"PowerPotion"},{"floor":7.0,"key":"SteroidPotion"},{"floor":8.0,"key":"AttackPotion"},{"floor":12.0,"key":"TheCursedMod:DregsPotion"},{"floor":17.0,"key":"EntropicBrew"},{"floor":18.0,"key":"SmokeBomb"},{"floor":27.0,"key":"Explosive Potion"},{"floor":31.0,"key":"BlessingOfTheForge"},{"floor":35.0,"key":"TheCursedMod:DregsPotion"}],"is_trial":false,"path_per_floor":["M","M","M","?","?","E","M","E","T","E","$","E","M","E","R","B",null,"M","M","?","M","M","E","T","E","T","E","$","E","R","M","R","B",null,"M","M","$","?","$","E","R","E","T","E"],"character_chosen":"THE_CURSED","items_purchased":["TheCursedMod:WearCloak","StrikeDummy","Singing Bowl"],"campfire_rested":1,"item_purchase_floors":[11,28,28],"current_hp_per_floor":[68,66,66,59,59,39,40,41,41,41,41,58,60,68,68,39,71,80,80,80,58,76,71,78,69,69,67,82,87,87,87,87,73,85,89,91,91,91,91,54,83,27,27,27,27],"gold":587,"neow_bonus":"RANDOM_COMMON_RELIC","is_daily":false,"chose_seed":false,"campfire_upgraded":3,"win_rate":0.0,"timestamp":1608743435,"path_taken":["M","?","M","?","?","E","M","E","T","E","?","E","M","E","R","BOSS","M","M","?","?","M","E","?","E","T","E","$","E","R","M","R","BOSS","M","?","$","?","$","E","R","E","T","E"],"items_purchased_type":["Card","Relic","Relic"],"build_version":"2020-12-22","purchased_purges":8,"victory":false,"max_hp_per_floor":[75,75,75,75,75,75,75,75,75,75,75,75,75,75,75,75,80,80,80,80,80,80,80,87,87,87,87,87,87,87,87,87,89,89,89,91,91,91,91,91,93,95,95,95,95],"card_choices":[{"not_picked":["TheCursedMod:CursedShiv","TheCursedMod:CursedSpellbook"],"picked":"TheCursedMod:CursedBlade","floor":1.0},{"not_picked":["TheCursedMod:Evocation","TheCursedMod:SaltUponWound"],"picked":"TheCursedMod:AbyssShockwave","floor":2.0},{"not_picked":["TheCursedMod:PrepareRite","TheCursedMod:FleshFromBone"],"picked":"TheCursedMod:TacticalStrike","floor":3.0},{"not_picked":["TheCursedMod:Torture","TheCursedMod:SpitefulStrike"],"picked":"TheCursedMod:CursedShiv","floor":6.0},{"not_picked":["TheCursedMod:CircleOfWindfury","TheCursedMod:CursedAmulet"],"picked":"TheCursedMod:CursedShiv","floor":7.0},{"not_picked":["TheCursedMod:CursedBoomerang","TheCursedMod:FleshFromBone"],"picked":"TheCursedMod:SurpriseAttack","floor":8.0},{"not_picked":["TheCursedMod:SoulReap","TheCursedMod:FleshFromBone"],"picked":"TheCursedMod:CircleOfBlood","floor":10.0},{"not_picked":["TheCursedMod:SpreadPlague","TheCursedMod:StingEye"],"picked":"TheCursedMod:CircleOfFlame","floor":12.0},{"not_picked":["TheCursedMod:SmokeScreen","TheCursedMod:SpitefulStrike","TheCursedMod:Stigma"],"picked":"SKIP","floor":13.0},{"not_picked":["TheCursedMod:ReleasedStrength","TheCursedMod:ParallelWorld"],"picked":"TheCursedMod:SurpriseAttack","floor":14.0},{"not_picked":["TheCursedMod:UltimatePain","TheCursedMod:ForbiddenAlchemy"],"picked":"TheCursedMod:StunningStrike","floor":16.0},{"not_picked":["TheCursedMod:SpitefulStrike","TheCursedMod:Obscuration"],"picked":"TheCursedMod:CursedShiv","floor":17.0},{"not_picked":["TheCursedMod:Torture","TheCursedMod:FleshFromBone","TheCursedMod:Hemoplague"],"picked":"SKIP","floor":18.0},{"not_picked":["TheCursedMod:CircleOfFocus","TheCursedMod:AbyssShockwave"],"picked":"TheCursedMod:HellfireBreathing","floor":19.0},{"not_picked":["TheCursedMod:RavingStaff","TheCursedMod:CursedMace","TheCursedMod:SpitefulPlan+1"],"picked":"SKIP","floor":21.0},{"not_picked":["TheCursedMod:PrepareRite","TheCursedMod:VitalStrike"],"picked":"TheCursedMod:CursedShiv+1","floor":22.0},{"not_picked":["TheCursedMod:ManaCirculation","TheCursedMod:Stretching","TheCursedMod:FleshFromBone"],"picked":"SKIP","floor":23.0},{"not_picked":["TheCursedMod:Stigma","TheCursedMod:AshesToAshes"],"picked":"TheCursedMod:CircleOfCorruption","floor":25.0},{"not_picked":["TheCursedMod:Wield","TheCursedMod:Obscuration","TheCursedMod:Stigma+1"],"picked":"SKIP","floor":27.0},{"not_picked":["TheCursedMod:Stretching","TheCursedMod:CircleOfCorruption"],"picked":"TheCursedMod:CircleOfFlame","floor":29.0},{"not_picked":["TheCursedMod:StunningStrike","TheCursedMod:RavingStaff"],"picked":"TheCursedMod:Mangle","floor":31.0},{"not_picked":["TheCursedMod:DemonicPact","TheCursedMod:Neurasthenia","TheCursedMod:DarkBarrier"],"picked":"Singing Bowl","floor":33.0},{"not_picked":[],"picked":"TheCursedMod:WearCloak+1","floor":35.0},{"not_picked":["TheCursedMod:Stretching+1"],"picked":"Singing Bowl","floor":36.0},{"not_picked":[],"picked":"TheCursedMod:WearCloak+1","floor":40.0},{"not_picked":["TheCursedMod:CursedSpellbook+1"],"picked":"Singing Bowl","floor":41.0},{"not_picked":["TheCursedMod:Stretching"],"picked":"Singing Bowl","floor":42.0}],"player_experience":599673,"relics_obtained":[{"floor":6.0,"key":"Toy Ornithopter"},{"floor":8.0,"key":"aspiration:HiddenCompartment"},{"floor":9.0,"key":"aspiration:HummingbirdHeart"},{"floor":10.0,"key":"CeramicFish"},{"floor":12.0,"key":"Smiling Mask"},{"floor":14.0,"key":"MealTicket"},{"floor":23.0,"key":"Tiny Chest"},{"floor":24.0,"key":"Strawberry"},{"floor":25.0,"key":"aspiration:StickyExplosives_weak"},{"floor":26.0,"key":"Shuriken"},{"floor":27.0,"key":"Incense Burner"},{"floor":29.0,"key":"TheCursedMod:Tack"},{"floor":40.0,"key":"Dream Catcher"},{"floor":42.0,"key":"Molten Egg 2"},{"floor":43.0,"key":"The Courier"}],"event_choices":[{"damage_healed":0.0,"max_hp_gain":0.0,"max_hp_loss":0.0,"gold_gain":0.0,"event_name":"betterThird:BetterScrap","player_choice":"Relic ","floor":4.0,"gold_loss":0.0,"damage_taken":7.0,"cards_obtained":["WreathOfFlame"]},{"damage_healed":0.0,"max_hp_gain":0.0,"max_hp_loss":0.0,"gold_gain":0.0,"event_name":"Living Wall","player_choice":"Grow","floor":5.0,"gold_loss":0.0,"damage_taken":0.0,"cards_upgraded":["TheCursedMod:AbyssShockwave"]},{"cards_removed":["TheCursedMod:CursedShiv"],"damage_healed":0.0,"max_hp_gain":0.0,"max_hp_loss":0.0,"gold_gain":0.0,"event_name":"Wheel of Change","player_choice":"Card Removal","floor":20.0,"gold_loss":0.0,"damage_taken":0.0},{"cards_removed":["TheCursedMod:StunningStrike"],"damage_healed":0.0,"max_hp_gain":0.0,"max_hp_loss":0.0,"gold_gain":0.0,"event_name":"Falling","player_choice":"Removed Attack","floor":38.0,"gold_loss":0.0,"damage_taken":0.0}],"is_beta":false,"boss_relics":[{"not_picked":["Ectoplasm","Runic Dome"],"picked":"Tiny House"},{"not_picked":["Runic Pyramid","Cursed Key"],"picked":"Busted Crown"}],"items_purged_floors":[11,11,11,11,11,11,11,11],"is_endless":false,"potions_floor_spawned":[3,6,7,8,12,18,23,25,27,31,35],"killed_by":"Giant Head","ascension_level":6}}