{"host":"3t6uby4o5waaq95r","time":1608753167,"event":{"mods":["AchievementEnabler","BaseMod","Bestiary","Colored Map","Highlight Path","Minty Spire (QoL Compilation)","Permanent Neow","Quick Restart","Random Character Button","SuperFastMode"],"gold_per_floor":[117,67,80,80,80,106,106,124,202,216,291,291,51,65,65,162,162,177,177,177,196,214,214,225,258,258,271,271,286,286,298,298,396,396,413,240,251,265,278,278,278,278],"floor_reached":41,"playtime":1348,"items_purged":["Defend_B","Writhe"],"score":492,"play_id":"e4638f72-2756-4c16-8a99-0879f76a0f90","local_time":"20201223135247","is_ascension_mode":false,"campfire_choices":[{"data":"Scrape","floor":7,"key":"SMITH"},{"data":"Zap","floor":15,"key":"SMITH"},{"floor":23,"key":"REST"},{"floor":28,"key":"REST"},{"floor":32,"key":"REST"},{"floor":40,"key":"REST"}],"circlet_count":0,"master_deck":["Strike_B","Strike_B","Defend_B","Defend_B","Zap+1","Dualcast","Hologram","Scrape+1","Steam Power","Double Energy","Self Repair","Gash","White Noise+1","Deep Breath+1","Double Energy+1","Seek+1","Steam+1","Necronomicurse","Stack+1","Gash","Conserve Battery+1","Gash+1","White Noise+1","Stack+1","Go for the Eyes+1","Buffer","Gash","Sunder","Gash","Steam+1"],"relics":["Cracked Core","NeowsBlessing","Potion Belt","Toxic Egg 2","SacredBark","Necronomicon","InkBottle","StrikeDummy","Blood Vial","Cursed Key"],"acts_visited":["Exordium","TheCity","TheBeyond"],"potions_floor_usage":[16,22,38],"damage_taken":[{"damage":0,"enemies":"Cultist","floor":1,"turns":1},{"damage":0,"enemies":"2 Louse","floor":3,"turns":1},{"damage":0,"enemies":"Gremlin Nob","floor":6,"turns":1},{"damage":0,"enemies":"Small Slimes","floor":8,"turns":3},{"damage":5,"enemies":"2 Fungi Beasts","floor":10,"turns":3},{"damage":9,"enemies":"Blue Slaver","floor":14,"turns":2},{"damage":23,"enemies":"Hexaghost","floor":16,"turns":4},{"damage":10,"enemies":"Chosen","floor":18,"turns":3},{"damage":16,"enemies":"Shell Parasite","floor":21,"turns":4},{"damage":0,"enemies":"Centurion and Healer","floor":22,"turns":5},{"damage":8,"enemies":"Snecko","floor":24,"turns":4},{"damage":41,"enemies":"Gremlin Leader","floor":25,"turns":7},{"damage":11,"enemies":"Chosen and Byrds","floor":27,"turns":6},{"damage":4,"enemies":"Sentry and Sphere","floor":29,"turns":4},{"damage":10,"enemies":"Snecko","floor":31,"turns":5},{"damage":68,"enemies":"Automaton","floor":33,"turns":11},{"damage":0,"enemies":"Orb Walker","floor":35,"turns":3},{"damage":14,"enemies":"3 Darklings","floor":37,"turns":4},{"damage":8,"enemies":"Spire Growth","floor":38,"turns":4},{"damage":46,"enemies":"4 Shapes","floor":39,"turns":6},{"damage":93,"enemies":"Reptomancer","floor":41,"turns":8}],"seed_played":"1469224554983263319","potions_obtained":[{"floor":3,"key":"FearPotion"},{"floor":8,"key":"SteroidPotion"},{"floor":14,"key":"BlessingOfTheForge"},{"floor":18,"key":"BlessingOfTheForge"},{"floor":22,"key":"SpeedPotion"},{"floor":31,"key":"LiquidMemories"},{"floor":33,"key":"GamblersBrew"},{"floor":37,"key":"Fruit Juice"}],"is_trial":false,"path_per_floor":["M","?","M","?","?","E","R","M","T","M","?","?","$","M","R","B",null,"M","?","?","M","M","R","M","E","T","M","R","M","?","M","R","B",null,"M","$","M","M","M","R","E"],"character_chosen":"DEFECT","items_purchased":["White Noise+1","Deep Breath+1","Sunder"],"campfire_rested":4,"item_purchase_floors":[13,13,36],"current_hp_per_floor":[75,75,75,75,75,75,75,75,75,75,64,57,57,55,55,39,75,72,56,42,33,40,64,63,29,29,25,49,52,52,51,75,16,80,80,80,73,84,47,74,0,0],"gold":278,"neow_bonus":"THREE_ENEMY_KILL","is_daily":false,"chose_seed":false,"campfire_upgraded":2,"win_rate":0.0,"timestamp":1608753167,"path_taken":["M","?","M","?","?","E","R","M","T","M","?","?","$","M","R","BOSS","M","?","?","?","M","R","M","E","T","M","R","M","?","M","R","BOSS","M","$","M","M","M","R","E"],"items_purchased_type":["Card","Card","Card"],"build_version":"2020-12-22","purchased_purges":2,"victory":false,"max_hp_per_floor":[75,75,75,75,75,75,75,75,75,75,75,75,75,75,75,75,75,75,75,80,80,80,80,80,80,80,80,80,80,80,80,80,80,80,80,80,80,90,90,90,90,90],"card_choices":[{"not_picked":["Undo","Streamline"],"picked":"Hologram","floor":1},{"not_picked":["Rebound","Glacier"],"picked":"Scrape","floor":3},{"not_picked":["Cold Snap","Streamline"],"picked":"Double Energy","floor":6},{"not_picked":["Force Field","Stack"],"picked":"Self Repair","floor":8},{"not_picked":["Melter","Stack+1"],"picked":"Gash","floor":10},{"not_picked":["Steam Power+1","Cold Snap"],"picked":"Double Energy+1","floor":14},{"not_picked":["Hyperbeam","Echo Form"],"picked":"Seek+1","floor":16},{"not_picked":["Skim+1","Defragment"],"picked":"Steam+1","floor":18},{"not_picked":["Doom and Gloom","Tempest+1"],"picked":"Stack+1","floor":21},{"not_picked":["Melter+1","Skim+1"],"picked":"Gash","floor":22},{"not_picked":["Reinforced Body+1","Auto Shields+1"],"picked":"Conserve Battery+1","floor":24},{"not_picked":["Static Discharge","Doom and Gloom"],"picked":"Gash+1","floor":25},{"not_picked":["Storm","Static Discharge+1"],"picked":"White Noise+1","floor":27},{"not_picked":["Auto Shields+1","Glacier+1"],"picked":"Stack+1","floor":29},{"not_picked":["Blizzard","Stack+1"],"picked":"Go for the Eyes+1","floor":31},{"not_picked":["Rainbow+1","Electrodynamics"],"picked":"Buffer","floor":33},{"not_picked":["Cold Snap+1","Beam Cell+1"],"picked":"Gash","floor":35},{"not_picked":["Compile Driver","Conserve Battery+1","Ball Lightning+1"],"picked":"SKIP","floor":37},{"not_picked":["Beam Cell","Redo+1"],"picked":"Gash","floor":38},{"not_picked":["Rebound","Turbo+1"],"picked":"Steam+1","floor":39}],"player_experience":792860,"relics_obtained":[{"floor":6,"key":"Potion Belt"},{"floor":9,"key":"Toxic Egg 2"},{"floor":19,"key":"Necronomicon"},{"floor":25,"key":"InkBottle"},{"floor":26,"key":"StrikeDummy"}],"event_choices":[{"cards_removed":["Strike_B"],"damage_healed":0,"gold_gain":0,"player_choice":"Card Removal","damage_taken":0,"max_hp_gain":0,"max_hp_loss":0,"event_name":"The Cleric","floor":2,"gold_loss":50},{"damage_healed":0,"gold_gain":0,"player_choice":"Ignored","damage_taken":0,"max_hp_gain":0,"max_hp_loss":0,"event_name":"Shining Light","floor":4,"gold_loss":0},{"damage_healed":0,"gold_gain":0,"cards_transformed":["Defend_B"],"player_choice":"Change","damage_taken":0,"max_hp_gain":0,"max_hp_loss":0,"event_name":"Living Wall","floor":5,"gold_loss":0,"cards_obtained":["Steam Power"]},{"damage_healed":0,"gold_gain":75,"player_choice":"Gather Gold","damage_taken":11,"max_hp_gain":0,"max_hp_loss":0,"event_name":"World of Goop","floor":11,"gold_loss":0},{"cards_removed":["Strike_B"],"damage_healed":0,"gold_gain":0,"player_choice":"Card Removal","damage_taken":7,"max_hp_gain":0,"max_hp_loss":0,"event_name":"Golden Wing","floor":12,"gold_loss":0},{"damage_healed":0,"gold_gain":0,"player_choice":"Obtained Book","damage_taken":16,"max_hp_gain":0,"max_hp_loss":0,"event_name":"Cursed Tome","floor":19,"gold_loss":0},{"damage_healed":0,"gold_gain":0,"player_choice":"Shed Blood","damage_taken":19,"max_hp_gain":5,"max_hp_loss":0,"event_name":"Forgotten Altar","floor":20,"gold_loss":0},{"damage_healed":0,"gold_gain":0,"player_choice":"Opened","damage_taken":0,"relics_obtained":["Blood Vial"],"max_hp_gain":0,"max_hp_loss":0,"event_name":"The Mausoleum","floor":30,"gold_loss":0,"cards_obtained":["Writhe"]}],"is_beta":false,"boss_relics":[{"not_picked":["Black Star","FrozenCore"],"picked":"SacredBark"},{"not_picked":["Coffee Dripper","Runic Pyramid"],"picked":"Cursed Key"}],"items_purged_floors":[13,36],"is_endless":false,"potions_floor_spawned":[3,8,14,18,22,31,33,37],"killed_by":"Reptomancer","ascension_level":0}}