{"host":"7o30bgpqouqblh42","time":1608690990,"event":{"mods":["AchievementEnabler","Aspiration","BaseMod","Colored Map","Downfall","Highlight Path","Minty Spire (QoL Compilation)","StSLib","SuperFastMode"],"gold_per_floor":[99,99,162,162,173,9,63,63,92,17,35,52,63,63,78,178,178,103,103,120,136,136,136,136,61,12,43,43,143,143,154,173,276,276,276,276,276,276],"floor_reached":36,"playtime":2462,"items_purged":[],"score":378,"play_id":"5f55cca7-6ade-47ec-afee-080269e8fee7","local_time":"20201222213630","is_ascension_mode":false,"campfire_choices":[{"floor":1.0,"key":"RECALL"},{"data":"hexamod:StepThrough","floor":8.0,"key":"SMITH"},{"data":"hexamod:RadiantFlame","floor":10.0,"key":"SMITH"},{"data":"hexamod:GhostflameInferno","floor":18.0,"key":"SMITH"},{"data":"hexamod:TimeOfNeed","floor":23.0,"key":"SMITH"},{"data":"hexamod:Rewind","floor":25.0,"key":"SMITH"},{"data":"hexamod:SpectralAdrenaline","floor":28.0,"key":"SMITH"},{"data":"hexamod:FastForward","floor":30.0,"key":"SMITH"},{"data":"hexamod:CrushingStance","floor":35.0,"key":"SMITH"}],"circlet_count":0,"master_deck":["hexamod:Strike+1","hexamod:Strike+1","hexamod:Strike+1","hexamod:Strike+1","hexamod:Defend","hexamod:Defend","hexamod:Defend","hexamod:Defend","hexamod:Sear","hexamod:Float","hexamod:StepThrough+1","hexamod:AdvancingGuard","hexamod:FirstSeal","hexamod:HeatCrush+1","hexamod:RadiantFlame+1","hexamod:FastForward+1","hexamod:ThirdSeal","hexamod:GhostOfSpireFuture","hexamod:GhostflameInferno+1","hexamod:TimeOfNeed+1","CurseOfTheBell","hexamod:Rewind+1","hexamod:AdvancingGuard+1","hexamod:SpectralAdrenaline+1","hexamod:FifthSeal","hexamod:HauntingEcho","hexamod:WildfireWeapon","hexamod:CrushingStance+1"],"relics":["hexamod:SpiritBrand","downfall:HeartsMalice","Lizard Tail","aspiration:Nostalgia","champ:ChampionCrown","downfall:HeartBlessingRed","Calling Bell","Juzu Bracelet","aspiration:DSix","aspiration:FrozenJewel","downfall:HeartBlessingGreen","downfall:RedIOU","downfall:HeartBlessingBlue","Oddly Smooth Stone","downfall:GremlinWheel","aspiration:RunicSpoon"],"acts_visited":["Exordium","TheCity","TheBeyond"],"potions_floor_usage":[],"damage_taken":[{"damage":0.0,"enemies":"Small Slimes","floor":2.0,"turns":1.0},{"damage":0.0,"enemies":"Lagavulin Event","floor":3.0,"turns":1.0},{"damage":0.0,"enemies":"Jaw Worm","floor":4.0,"turns":1.0},{"damage":0.0,"enemies":"2 Louse","floor":5.0,"turns":3.0},{"damage":0.0,"enemies":"downfall:FleeingMerchant","floor":6.0,"turns":4.0},{"damage":30.0,"enemies":"3 Sentries","floor":9.0,"turns":9.0},{"damage":8.0,"enemies":"2 Fungi Beasts","floor":11.0,"turns":3.0},{"damage":6.0,"enemies":"Blue Slaver","floor":12.0,"turns":4.0},{"damage":5.0,"enemies":"Exordium Wildlife","floor":13.0,"turns":4.0},{"damage":0.0,"enemies":"Exordium Thugs","floor":15.0,"turns":3.0},{"damage":34.0,"enemies":"downfall:Watcher","floor":16.0,"turns":9.0},{"damage":4.0,"enemies":"Shell Parasite","floor":20.0,"turns":5.0},{"damage":10.0,"enemies":"Spheric Guardian","floor":21.0,"turns":7.0},{"damage":0.0,"enemies":"downfall:FleeingMerchant","floor":26.0,"turns":4.0},{"damage":38.0,"enemies":"Book of Stabbing","floor":27.0,"turns":6.0},{"damage":31.0,"enemies":"Book of Stabbing","floor":29.0,"turns":4.0},{"damage":10.0,"enemies":"Centurion and Healer","floor":31.0,"turns":7.0},{"damage":3.0,"enemies":"3 Cultists","floor":32.0,"turns":6.0},{"damage":45.0,"enemies":"downfall:Silent","floor":33.0,"turns":7.0},{"damage":0,"enemies":"3 Darklings","floor":36,"turns":1}],"seed_played":"-3825413362515193856","potions_obtained":[{"floor":5.0,"key":"FairyPotion"},{"floor":12.0,"key":"Fire Potion"},{"floor":13.0,"key":"GamblersBrew"},{"floor":16.0,"key":"Ancient Potion"},{"floor":27.0,"key":"Energy Potion"},{"floor":31.0,"key":"SkillPotion"},{"floor":32.0,"key":"Slimebound:ThreeZeroPotion"}],"is_trial":false,"path_per_floor":["R","M","?","M","M","$","T","R","E","R","M","M","M","?","M","B",null,"R","?","M","M","?","R","T","R","$","E","R","?","R","M","M","B",null,"R","M"],"character_chosen":"THE_SPIRIT","items_purchased":["aspiration:Nostalgia","hexamod:SpectralAdrenaline"],"campfire_rested":0,"item_purchase_floors":[6,26],"current_hp_per_floor":[70,70,70,70,70,70,70,70,40,40,39,40,42,42,42,15,70,70,70,70,67,67,67,67,77,77,46,46,15,80,77,80,35,80,80,80,80,80],"gold":276,"neow_bonus":"THREE_ENEMY_KILL","is_daily":false,"chose_seed":false,"campfire_upgraded":8,"win_rate":0.0,"timestamp":1608690990,"path_taken":["R","M","?","M","M","?","T","R","E","R","M","M","M","?","M","BOSS","R","?","M","M","?","R","T","R","?","E","R","?","R","M","M","BOSS","R","M"],"items_purchased_type":["Relic","Card"],"build_version":"2020-12-13","purchased_purges":0,"victory":false,"max_hp_per_floor":[70,70,70,70,70,70,70,70,70,70,70,70,70,70,70,70,70,70,70,70,70,70,70,70,80,80,80,80,80,80,80,80,80,80,80,80,80,80],"card_choices":[{"not_picked":["hexamod:FastForward","hexamod:ShieldOfDarkness"],"picked":"hexamod:StepThrough","floor":2.0},{"not_picked":["hexamod:NightmareGuise","hexamod:ThermalTransfer"],"picked":"hexamod:AdvancingGuard","floor":3.0},{"not_picked":["hexamod:GhostShield","hexamod:Hexaguard"],"picked":"hexamod:FirstSeal","floor":4.0},{"not_picked":["hexamod:Firestarter","hexamod:DynamicBlow"],"picked":"hexamod:HeatCrush","floor":5.0},{"not_picked":["hexamod:InspiringFlames","hexamod:NecessarySacrifice","hexamod:GhostLash"],"picked":"SKIP","floor":6.0},{"not_picked":["hexamod:SwordOfDarkness","hexamod:ShieldOfDarkness"],"picked":"hexamod:RadiantFlame","floor":9.0},{"not_picked":["hexamod:HeatCrush","hexamod:Firestarter"],"picked":"hexamod:FastForward","floor":11.0},{"not_picked":["hexamod:ThermalTransfer","hexamod:PhantomCloak","hexamod:UnleashSpirits"],"picked":"SKIP","floor":12.0},{"not_picked":["hexamod:FastForward","hexamod:AdvancingGuard"],"picked":"hexamod:ThirdSeal","floor":13.0},{"not_picked":["hexamod:FirstSeal","hexamod:EtherealExpedition"],"picked":"hexamod:GhostOfSpireFuture","floor":15.0},{"not_picked":["hexamod:TimeOfNeed","hexamod:EmpoweringStance"],"picked":"hexamod:GhostflameInferno","floor":16.0},{"not_picked":["hexamod:GhostflameInferno","hexamod:TurnItUp"],"picked":"hexamod:TimeOfNeed","floor":16.0},{"not_picked":["hexamod:RadiantFlame","hexamod:GhostLash"],"picked":"hexamod:Rewind","floor":20.0},{"not_picked":["hexamod:GhostShield","hexamod:SpectersWail","hexamod:GhostOfSpirePast"],"picked":"SKIP","floor":20.0},{"not_picked":["hexamod:BacktrackSmack","hexamod:Firestarter"],"picked":"hexamod:AdvancingGuard+1","floor":21.0},{"not_picked":["hexamod:Firestarter","hexamod:PhantomCloak+1"],"picked":"hexamod:BacktrackSmack","floor":21.0},{"not_picked":["hexamod:UnleashSpirits","hexamod:ThermalTransfer+1","hexamod:PhantomFireball"],"picked":"SKIP","floor":26.0},{"not_picked":["hexamod:HeatShield","hexamod:BacktrackSmack","hexamod:SwordOfDarkness"],"picked":"SKIP","floor":26.0},{"not_picked":["hexamod:GhostOfSpirePast","hexamod:HeatMetal+1","hexamod:PhantomFireball"],"picked":"SKIP","floor":27.0},{"not_picked":["hexamod:ShieldOfDarkness","hexamod:EtherealExpedition","hexamod:SwordOfDarkness"],"picked":"SKIP","floor":27.0},{"not_picked":["hexamod:BacktrackSmack","hexamod:SpectersWail"],"picked":"hexamod:FifthSeal","floor":31.0},{"not_picked":["hexamod:BacktrackSmack","hexamod:NightmareGuise"],"picked":"hexamod:HauntingEcho","floor":31.0},{"not_picked":["hexamod:NecessarySacrifice","hexamod:NightmareStrike","hexamod:EmpoweredFlame"],"picked":"SKIP","floor":32.0},{"not_picked":["hexamod:Incineration","hexamod:SearingWound","hexamod:ThermalTransfer"],"picked":"SKIP","floor":32.0},{"not_picked":["hexamod:TurnItUp","hexamod:EmpoweringStance"],"picked":"hexamod:WildfireWeapon","floor":33.0},{"not_picked":["hexamod:GiftsFromTheDead","hexamod:HexaLevel"],"picked":"hexamod:CrushingStance","floor":33.0}],"player_experience":92282,"relics_obtained":[{"floor":3.0,"key":"Lizard Tail"},{"floor":7.0,"key":"Whetstone"},{"floor":9.0,"key":"Regal Pillow"},{"floor":17.0,"key":"Juzu Bracelet"},{"floor":17.0,"key":"aspiration:DSix"},{"floor":17.0,"key":"aspiration:FrozenJewel"},{"floor":27.0,"key":"Oddly Smooth Stone"},{"floor":29.0,"key":"downfall:GremlinWheel"}],"event_choices":[{"cards_removed":["hexamod:BacktrackSmack"],"damage_healed":0.0,"max_hp_gain":0.0,"max_hp_loss":0.0,"gold_gain":0.0,"event_name":"Back to Basics","player_choice":"Elegance","floor":22.0,"gold_loss":0.0,"damage_taken":0.0},{"damage_healed":65.0,"max_hp_gain":0.0,"max_hp_loss":0.0,"gold_gain":0.0,"event_name":"Wheel of Change","player_choice":"Full Heal","floor":30.0,"gold_loss":0.0,"damage_taken":0.0}],"is_beta":false,"boss_relics":[{"not_picked":["Astrolabe","Runic Dome"],"picked":"Calling Bell"},{"not_picked":["Tiny House","Velvet Choker"],"picked":"aspiration:RunicSpoon"}],"items_purged_floors":[],"is_endless":false,"potions_floor_spawned":[5,12,13,16,27,31,32],"killed_by":"3 Darklings","ascension_level":0}}