{"host":"etaq29tqikxfqxk8","time":1608767557,"event":{"mods":["AchievementEnabler","BaseMod","Better Third Choice","BetterRewards","Colored Map","Colored Powertips","Minty Spire (QoL Compilation)","Rare Cards Sparkle","Shop Mod","StSLib","The Bug Knight","yUi"],"gold_per_floor":[113,130,140,153,106,106,106,121,168,168,268,268,284,303,303,399,399,399,28,28,28,28,28,28,28,28,28,28,28,28,28,28,28,28,28,28,28,28,28,28,28,28,28,28,28,28,28,28,28,28,28],"floor_reached":50,"playtime":3389,"items_purged":["Pain"],"score":442,"play_id":"8571edf5-6feb-4688-a5b7-a6baa648baaf","local_time":"20201224005237","is_ascension_mode":false,"campfire_choices":[{"floor":6.0,"key":"REST"},{"data":"Armaments","floor":10.0,"key":"SMITH"},{"data":"Armaments","floor":12.0,"key":"SMITH"},{"floor":15.0,"key":"REST"},{"data":"Barricade","floor":23.0,"key":"SMITH"},{"data":"Perfected Strike","floor":25.0,"key":"SMITH"},{"floor":30.0,"key":"REST"},{"floor":32.0,"key":"REST"},{"floor":40.0,"key":"REST"},{"floor":42.0,"key":"REST"},{"floor":49.0,"key":"REST"}],"circlet_count":0,"master_deck":["Strike_R","Strike_R","Strike_R","Strike_R","Strike_R","Defend_R","Defend_R","Defend_R","Defend_R","Bash","Clothesline","Armaments+1","Heavy Blade","Perfected Strike+1","Armaments+1","Shrug It Off","Anger","Power Through","Barricade+1","Twin Strike+1","Seeing Red+1","Perfected Strike","Body Slam","Armaments+1","Clash","Sword Boomerang+1","Body Slam","Anger","Rampage+1","Flex+1","Perfected Strike+1"],"relics":["Burning Blood","NeowsBlessing","WarpedTongs","MealTicket","Ectoplasm","Incense Burner","Omamori","Fusion Hammer","Bird Faced Urn"],"acts_visited":["Exordium","TheCity","TheBeyond"],"potions_floor_usage":[50,50,50,50,50],"damage_taken":[{"damage":0.0,"enemies":"2 Louse","floor":1.0,"turns":1.0},{"damage":0.0,"enemies":"Cultist","floor":2.0,"turns":1.0},{"damage":0.0,"enemies":"Jaw Worm","floor":3.0,"turns":1.0},{"damage":31.0,"enemies":"Lots of Slimes","floor":4.0,"turns":5.0},{"damage":12.0,"enemies":"2 Fungi Beasts","floor":8.0,"turns":4.0},{"damage":23.0,"enemies":"Exordium Thugs","floor":13.0,"turns":5.0},{"damage":7.0,"enemies":"Looter","floor":14.0,"turns":2.0},{"damage":56.0,"enemies":"Slime Boss","floor":16.0,"turns":12.0},{"damage":24.0,"enemies":"Spheric Guardian","floor":18.0,"turns":5.0},{"damage":11.0,"enemies":"Chosen","floor":21.0,"turns":6.0},{"damage":21.0,"enemies":"Centurion and Healer","floor":24.0,"turns":7.0},{"damage":10.0,"enemies":"Cultist and Chosen","floor":27.0,"turns":7.0},{"damage":17.0,"enemies":"3 Cultists","floor":28.0,"turns":6.0},{"damage":21.0,"enemies":"Snake Plant","floor":29.0,"turns":5.0},{"damage":10.0,"enemies":"Shelled Parasite and Fungi","floor":31.0,"turns":6.0},{"damage":23.0,"enemies":"Champ","floor":33.0,"turns":14.0},{"damage":12.0,"enemies":"3 Shapes","floor":35.0,"turns":5.0},{"damage":11.0,"enemies":"Orb Walker","floor":38.0,"turns":4.0},{"damage":14.0,"enemies":"Jaw Worm Horde","floor":41.0,"turns":6.0},{"damage":9.0,"enemies":"Spire Growth","floor":44.0,"turns":4.0},{"damage":60.0,"enemies":"4 Shapes","floor":45.0,"turns":6.0},{"damage":9.0,"enemies":"Writhing Mass","floor":47.0,"turns":7.0},{"damage":17.0,"enemies":"Transient","floor":48.0,"turns":5.0},{"damage":72,"enemies":"Awakened One","floor":50,"turns":7}],"seed_played":"-1376964249488852704","potions_obtained":[{"floor":3.0,"key":"SteroidPotion"},{"floor":13.0,"key":"LiquidBronze"},{"floor":18.0,"key":"ElixirPotion"},{"floor":38.0,"key":"PowerPotion"},{"floor":41.0,"key":"EntropicBrew"}],"is_trial":false,"path_per_floor":["M","M","M","M","$","R","?","M","T","R","?","R","M","M","R","B",null,"M","$","$","M","?","R","M","R","T","M","M","M","R","M","R","B",null,"M","?","$","M","$","R","M","R","T","M","M","$","M","M","R","B"],"character_chosen":"IRONCLAD","items_purchased":["Armaments","Incense Burner"],"campfire_rested":7,"item_purchase_floors":[5,19],"current_hp_per_floor":[80,80,80,55,55,79,79,73,73,73,73,73,56,55,79,29,80,62,77,80,75,75,75,60,60,60,56,45,30,54,50,74,57,80,74,90,90,85,90,90,82,90,90,87,35,50,49,38,65,0,0],"gold":28,"neow_bonus":"THREE_ENEMY_KILL","is_daily":false,"chose_seed":false,"campfire_upgraded":4,"win_rate":0.0,"timestamp":1608767557,"path_taken":["M","M","M","M","$","R","?","?","T","R","?","R","M","M","R","BOSS","M","?","$","M","?","R","M","R","T","?","M","M","R","M","R","BOSS","M","?","$","M","$","R","?","R","T","M","M","$","M","M","R","BOSS"],"items_purchased_type":["Card","Relic"],"build_version":"2020-12-22","purchased_purges":1,"victory":false,"max_hp_per_floor":[80,80,80,80,80,80,80,80,80,80,80,80,80,80,80,80,80,80,80,80,80,80,80,80,80,80,80,80,80,80,80,80,80,80,80,90,90,90,90,90,90,90,90,90,90,90,90,90,90,90,90],"card_choices":[{"not_picked":["Pommel Strike","True Grit"],"picked":"Clothesline","floor":1.0},{"not_picked":["Evolve","Iron Wave"],"picked":"Armaments","floor":2.0},{"not_picked":["Iron Wave","True Grit"],"picked":"Heavy Blade","floor":3.0},{"not_picked":["Sever Soul","Evolve"],"picked":"Perfected Strike","floor":4.0},{"not_picked":["Flex","Thunderclap"],"picked":"Shrug It Off","floor":8.0},{"not_picked":["Carnage","Armaments"],"picked":"Anger","floor":13.0},{"not_picked":["Body Slam","Evolve"],"picked":"Power Through","floor":14.0},{"not_picked":["Berserk","Bludgeon"],"picked":"Barricade","floor":16.0},{"not_picked":["Body Slam","Shrug It Off"],"picked":"Twin Strike+1","floor":18.0},{"not_picked":["Combust","Twin Strike","Whirlwind+1"],"picked":"SKIP","floor":21.0},{"not_picked":["Sword Boomerang","Uppercut"],"picked":"Seeing Red+1","floor":24.0},{"not_picked":["Infernal Blade","Cleave"],"picked":"Perfected Strike","floor":27.0},{"not_picked":["Fiend Fire","Cleave"],"picked":"Body Slam","floor":28.0},{"not_picked":["Clothesline","Wild Strike"],"picked":"Armaments+1","floor":29.0},{"not_picked":["Heavy Blade+1","Cleave"],"picked":"Clash","floor":31.0},{"not_picked":["Barricade","Berserk"],"picked":"Bludgeon","floor":33.0},{"not_picked":["Shrug It Off","Perfected Strike"],"picked":"Sword Boomerang+1","floor":35.0},{"not_picked":["Twin Strike","Limit Break"],"picked":"Body Slam","floor":38.0},{"not_picked":["Disarm+1","Wild Strike+1"],"picked":"Anger","floor":41.0},{"not_picked":["Bloodletting+1","Searing Blow","Feel No Pain+1"],"picked":"SKIP","floor":44.0},{"not_picked":["Clash","Flame Barrier+1"],"picked":"Rampage+1","floor":45.0},{"not_picked":["Second Wind","Feel No Pain+1"],"picked":"Flex+1","floor":47.0},{"not_picked":["Searing Blow","Flex+1"],"picked":"Perfected Strike+1","floor":48.0}],"player_experience":34082,"relics_obtained":[{"floor":9.0,"key":"MealTicket"},{"floor":26.0,"key":"Omamori"},{"floor":43.0,"key":"Bird Faced Urn"}],"event_choices":[{"damage_healed":0.0,"max_hp_gain":0.0,"max_hp_loss":0.0,"gold_gain":0.0,"event_name":"Accursed Blacksmith","player_choice":"Rummage","floor":7.0,"gold_loss":0.0,"damage_taken":0.0,"relics_obtained":["WarpedTongs"],"cards_obtained":["Pain"]},{"damage_healed":0.0,"max_hp_gain":0.0,"max_hp_loss":0.0,"gold_gain":100.0,"event_name":"Golden Shrine","player_choice":"Pray","floor":11.0,"gold_loss":0.0,"damage_taken":0.0},{"damage_healed":0.0,"max_hp_gain":0.0,"max_hp_loss":0.0,"gold_gain":0.0,"event_name":"NoteForYourself","player_choice":"Ignored","floor":22.0,"gold_loss":0.0,"damage_taken":0.0},{"cards_removed":["Bludgeon"],"damage_healed":6.0,"max_hp_gain":10.0,"max_hp_loss":0.0,"gold_gain":0.0,"event_name":"Bonfire Elementals","player_choice":"Offered Rare","floor":36.0,"gold_loss":0.0,"damage_taken":0.0}],"is_beta":false,"boss_relics":[{"not_picked":["Empty Cage","Runic Pyramid"],"picked":"Ectoplasm"},{"not_picked":["Coffee Dripper","SacredBark"],"picked":"Fusion Hammer"}],"items_purged_floors":[19],"is_endless":false,"potions_floor_spawned":[3,13,18,21,28,38,41,48],"killed_by":"Awakened One","ascension_level":0}}