{"host":"0cgp910o8339lr91","time":1608743720,"event":{"mods":["BaseMod","Colored Map","Filter the Spire","Minty Spire (QoL Compilation)","Relic Stats","Slay-I","ojb\u0027s Better Paths Mod","ojb\u0027s Info Mod"],"gold_per_floor":[118,129,79,89,109,142,142,175,175,202,47,61,61,78,78,183,183,201,201,221,3,19,53,70,98,123,123,123,134,146,146,146],"floor_reached":31,"playtime":2633,"items_purged":[],"score":436,"play_id":"51217c3f-30af-4f5f-b9d9-d384c561906d","local_time":"20201223181520","is_ascension_mode":true,"campfire_choices":[{"data":"SandsOfTime","floor":7,"key":"SMITH"},{"data":"MentalFortress","floor":13,"key":"SMITH"},{"data":"Wallop","floor":15,"key":"SMITH"},{"data":"1","floor":27,"key":"LIFT"}],"circlet_count":0,"master_deck":["Eruption","Vigilance","EmptyFist","EmptyBody","Sanctity+1","Protect","SandsOfTime+1","Establishment","FearNoEvil","Wallop+1","Tantrum","MentalFortress+1","Vengeance","CutThroughFate","Devotion","InnerPeace","Alpha","WindmillStrike","EmptyFist","Ragnarok","EmptyMind","ForeignInfluence+1","Conclude","Consecrate+1","Alpha+1","Perseverance+1"],"relics":["Coffee Dripper","Mercury Hourglass","Yang","TeardropLocket","Matryoshka","Orrery","Pandora\u0027s Box","White Beast Statue","Membership Card","Vajra","Girya","War Paint","Art of War"],"acts_visited":["Exordium","TheCity"],"potions_floor_usage":[14,25,25,31],"damage_taken":[{"damage":0,"enemies":"Small Slimes","floor":1,"turns":2},{"damage":0,"enemies":"Jaw Worm","floor":2,"turns":3},{"damage":2,"enemies":"2 Louse","floor":4,"turns":2},{"damage":0,"enemies":"Blue Slaver","floor":5,"turns":2},{"damage":7,"enemies":"3 Sentries","floor":6,"turns":9},{"damage":0,"enemies":"Lagavulin","floor":8,"turns":7},{"damage":0,"enemies":"3 Sentries","floor":10,"turns":4},{"damage":0,"enemies":"Large Slime","floor":12,"turns":2},{"damage":0,"enemies":"2 Fungi Beasts","floor":14,"turns":2},{"damage":13,"enemies":"The Guardian","floor":16,"turns":12},{"damage":0,"enemies":"Chosen","floor":18,"turns":4},{"damage":0,"enemies":"Spheric Guardian","floor":20,"turns":2},{"damage":0,"enemies":"Chosen and Byrds","floor":22,"turns":4},{"damage":23,"enemies":"Book of Stabbing","floor":23,"turns":4},{"damage":24,"enemies":"Snake Plant","floor":24,"turns":2},{"damage":9,"enemies":"Gremlin Leader","floor":25,"turns":4},{"damage":9,"enemies":"Snecko","floor":29,"turns":4},{"damage":0,"enemies":"Chosen and Byrds","floor":30,"turns":4},{"damage":22,"enemies":"Slavers","floor":31,"turns":1}],"seed_played":"-1578711950098113506","potions_obtained":[{"floor":2,"key":"Weak Potion"},{"floor":6,"key":"Regen Potion"},{"floor":8,"key":"StancePotion"},{"floor":12,"key":"Dexterity Potion"},{"floor":20,"key":"SteroidPotion"},{"floor":25,"key":"Strength Potion"},{"floor":29,"key":"Block Potion"}],"is_trial":false,"path_per_floor":["M","M","?","M","M","E","R","E","T","E","$","M","R","M","R","B",null,"M","?","M","$","M","E","M","E","T","R","?","M","M","E"],"character_chosen":"WATCHER","items_purchased":["Orrery","Membership Card","Vajra"],"campfire_rested":0,"item_purchase_floors":[11,21,21],"current_hp_per_floor":[72,72,72,70,70,63,63,63,63,63,63,63,63,63,63,50,67,67,67,67,67,67,44,20,23,23,23,23,14,14,0,0],"gold":146,"neow_bonus":"BOSS_RELIC","is_daily":false,"chose_seed":false,"campfire_upgraded":3,"win_rate":0.0,"timestamp":1608743720,"path_taken":["M","M","?","M","M","E","R","E","T","E","$","M","R","M","R","BOSS","M","?","M","$","M","E","M","E","T","R","?","M","M","E"],"items_purchased_type":["Relic","Relic","Relic"],"build_version":"2020-12-22","purchased_purges":0,"victory":false,"max_hp_per_floor":[72,72,72,72,72,72,72,72,72,72,72,72,72,72,72,72,72,72,72,72,72,72,72,72,72,72,72,72,72,72,72,72],"relic_stats":{"counters":[19,72],"Yang":[83],"Pandora\u0027s Box":["InnerPeace","Alpha","WindmillStrike","EmptyFist","Ragnarok","EmptyMind","Fasting2"],"Art of War":[1],"War Paint":["Alpha","Sanctity"],"obtain_stats":[{"Girya":23,"Vajra":21,"Yang":8,"TeardropLocket":9,"War Paint":25,"White Beast Statue":19,"Mercury Hourglass":6,"Matryoshka":10,"Orrery":11,"Pandora\u0027s Box":17,"Coffee Dripper":0,"Art of War":26,"Membership Card":21,"PureWater":0},{"Girya":14,"Vajra":12,"Yang":6,"TeardropLocket":6,"War Paint":16,"White Beast Statue":11,"Mercury Hourglass":5,"Matryoshka":7,"Orrery":7,"Pandora\u0027s Box":10,"Coffee Dripper":0,"Art of War":16,"Membership Card":12,"PureWater":0},{"Girya":57,"Vajra":49,"Yang":24,"TeardropLocket":24,"War Paint":63,"White Beast Statue":47,"Mercury Hourglass":18,"Matryoshka":28,"Orrery":28,"Pandora\u0027s Box":43,"Coffee Dripper":0,"Art of War":63,"Membership Card":49,"PureWater":0}],"Mercury Hourglass":[203]},"card_choices":[{"not_picked":["WreathOfFlame","Evaluate"],"picked":"EmptyFist","floor":1},{"not_picked":["JustLucky","SashWhip"],"picked":"EmptyBody","floor":2},{"not_picked":["Crescendo","EmptyFist"],"picked":"Sanctity","floor":4},{"not_picked":["Collect","SashWhip"],"picked":"Protect","floor":5},{"not_picked":["ThirdEye","CutThroughFate"],"picked":"SandsOfTime","floor":6},{"not_picked":["PathToVictory","Judgement"],"picked":"Establishment","floor":8},{"not_picked":["JustLucky","Brilliance"],"picked":"FearNoEvil","floor":10},{"not_picked":["FlurryOfBlows","SandsOfTime"],"picked":"Wallop","floor":11},{"not_picked":["BowlingBash","CrushJoints"],"picked":"Tantrum","floor":11},{"not_picked":["Ragnarok","EmptyBody"],"picked":"MentalFortress","floor":11},{"not_picked":["ForeignInfluence","Evaluate"],"picked":"Vengeance","floor":11},{"not_picked":["Halt","WaveOfTheHand"],"picked":"CutThroughFate","floor":11},{"not_picked":["Sanctity","Evaluate","CrushJoints"],"picked":"SKIP","floor":12},{"not_picked":["SashWhip","CutThroughFate","Protect"],"picked":"SKIP","floor":14},{"not_picked":["Judgement","MasterReality"],"picked":"Devotion","floor":16},{"not_picked":["FlyingSleeves","ClearTheMind","EmptyFist+1"],"picked":"SKIP","floor":18},{"not_picked":["Evaluate","Fasting2+1"],"picked":"ForeignInfluence+1","floor":20},{"not_picked":["Vengeance","Consecrate"],"picked":"Conclude","floor":22},{"not_picked":["Evaluate","EmptyMind"],"picked":"Consecrate+1","floor":23},{"not_picked":["Consecrate","BowlingBash"],"picked":"Alpha","floor":24},{"not_picked":["ClearTheMind+1","Crescendo","SashWhip"],"picked":"SKIP","floor":25},{"not_picked":["Crescendo+1","Evaluate","FlyingSleeves"],"picked":"SKIP","floor":29},{"not_picked":["BowlingBash","Conclude"],"picked":"Perseverance+1","floor":30}],"player_experience":1002069,"relics_obtained":[{"floor":6,"key":"Mercury Hourglass"},{"floor":8,"key":"Yang"},{"floor":9,"key":"TeardropLocket"},{"floor":10,"key":"Matryoshka"},{"floor":23,"key":"Girya"},{"floor":25,"key":"War Paint"},{"floor":26,"key":"Art of War"}],"event_choices":[{"cards_removed":["Defend_P"],"damage_healed":0,"gold_gain":0,"player_choice":"Card Removal","damage_taken":0,"max_hp_gain":0,"max_hp_loss":0,"event_name":"The Cleric","floor":3,"gold_loss":50},{"damage_healed":0,"gold_gain":0,"player_choice":"Opened","damage_taken":0,"relics_obtained":["White Beast Statue"],"max_hp_gain":0,"max_hp_loss":0,"event_name":"The Mausoleum","floor":19,"gold_loss":0},{"cards_removed":["Fasting2"],"damage_healed":0,"gold_gain":0,"player_choice":"Elegance","damage_taken":0,"max_hp_gain":0,"max_hp_loss":0,"event_name":"Back to Basics","floor":28,"gold_loss":0}],"is_beta":false,"boss_relics":[{"not_picked":["Runic Pyramid","Velvet Choker"],"picked":"Pandora\u0027s Box"}],"items_purged_floors":[],"is_endless":false,"potions_floor_spawned":[2,6,8,12,20,22,23,24,25,29,30],"killed_by":"Slavers","ascension_level":5}}