{"host":"eez7vtcxu2i37lck","time":1608726850,"event":{"mods":["AchievementEnabler","BaseMod","Colored Map","Colored Powertips","Downfall","Hermit","Highlight Path","Hubris","Infinite Spire","Jorbs\u0027s Wanderer Trilogy","Minty Spire (QoL Compilation)","Quick Restart","Rare Cards Sparkle","Replay The Spire","Shop Mod","StSLib","The IronCluck"],"gold_per_floor":[99,119,119,130,148,148,148,148,148,162,197,297,297,331,342,447,447,447,475,475,475,415,34,57,57,57,57,79,99,99,22,43,152,152,152,180,180,180,180,195,195,195,209,209,209],"floor_reached":43,"playtime":1777,"items_purged":["Replay:Hysterical Blindness"],"score":432,"play_id":"188c5790-f911-4bfd-ba53-242c5c6a1113","local_time":"20201223073410","is_ascension_mode":false,"campfire_choices":[{"floor":1,"key":"DIG"},{"data":"Guardian:VentSteam","floor":6,"key":"SMITH"},{"floor":13,"key":"REST"},{"data":"Guardian:StasisField","floor":18,"key":"SMITH"},{"data":"Guardian:ArmoredProtocol","floor":30,"key":"SMITH"},{"data":"ReplayTheSpireMod:Restless Dread","floor":35,"key":"PURGE"},{"data":"Guardian:VentSteam","floor":42,"key":"SMITH"}],"circlet_count":0,"master_deck":["Guardian:Strike_Guardian","Guardian:Strike_Guardian","Guardian:Defend_Guardian","Guardian:Defend_Guardian","Guardian:CurlUp+1","Guardian:TwinSlam+1","Guardian:VentSteam+1","Guardian:BaubleBeam+1","Guardian:VentSteam","Guardian:VentSteam+1","Guardian:Planning+1","Guardian:Emergency","Guardian:BronzeOrb","Guardian:TimeCapacitor","Guardian:StasisField+1","CurseOfTheBell","Guardian:Suspension+1","Guardian:ShieldCharger+1","Guardian:ArmoredProtocol+1","Guardian:TemporalShield+1","Guardian:Preprogram+1","Guardian:StasisField+1","Decay","Guardian:PrismaticBeam+1"],"relics":["Guardian:ModeShifter","hubris:PeanutButter","Bottled Lightning","ReplayTheSpireMod:Ring of Challenge","Ring of Fury","Orichalcum","War Paint","Calling Bell","Replay:Bandana","Toxic Egg 2","Peace Pipe","Matryoshka","Simple Rune","Centennial Puzzle","Anchor","Art of War","hubris:TinFlute","Counterbalance","Astrolabe","hubris:Towel","Iron Hammer"],"acts_visited":["Exordium","TheCity","TheBeyond"],"potions_floor_usage":[12,33,33,33],"damage_taken":[{"damage":5,"enemies":"Jaw Worm","floor":2,"turns":4},{"damage":0,"enemies":"Small Slimes","floor":4,"turns":4},{"damage":0,"enemies":"2 Louse","floor":5,"turns":3},{"damage":8,"enemies":"Exordium Thugs","floor":10,"turns":3},{"damage":16,"enemies":"Lagavulin","floor":11,"turns":5},{"damage":12,"enemies":"downfall:Heads","floor":12,"turns":6},{"damage":21,"enemies":"3 Sentries","floor":14,"turns":7},{"damage":0,"enemies":"3 Louse","floor":15,"turns":2},{"damage":22,"enemies":"downfall:Watcher","floor":16,"turns":8},{"damage":15,"enemies":"3 Byrds","floor":19,"turns":7},{"damage":0,"enemies":"downfall:FleeingMerchant","floor":23,"turns":4},{"damage":10,"enemies":"Centurion and Healer","floor":28,"turns":9},{"damage":16,"enemies":"Snake Plant","floor":29,"turns":5},{"damage":5,"enemies":"downfall:FleeingMerchant","floor":31,"turns":4},{"damage":14,"enemies":"Shelled Parasite and Fungi","floor":32,"turns":8},{"damage":14,"enemies":"downfall:Defect","floor":33,"turns":9},{"damage":0,"enemies":"3 Shapes","floor":36,"turns":9},{"damage":15,"enemies":"Orb Walker","floor":40,"turns":6},{"damage":66,"enemies":"Maw","floor":43,"turns":9}],"seed_played":"5305864370455202053","potions_obtained":[{"floor":2,"key":"Strength Potion"},{"floor":11,"key":"Explosive Potion"},{"floor":14,"key":"Energy Potion"},{"floor":20,"key":"CultistPotion"},{"floor":36,"key":"AttackPotion"}],"is_trial":false,"path_per_floor":["R_BF","M","?","M","M","R","T","?","?","M","E","?","R","E","M","B",null,"R","M","?","?","?","$","T","?","?","T","M","M","R","$","M","B",null,"R_BF","M","?","?","?","M","T","R","M"],"character_chosen":"GUARDIAN","items_purchased":["Guardian:ShieldCharger+1","Matryoshka","Guardian:Preprogram+1"],"campfire_rested":1,"item_purchase_floors":[23,23,31],"current_hp_per_floor":[88,83,83,83,83,83,83,83,83,75,59,47,73,52,52,30,88,88,73,73,88,88,88,88,88,88,88,78,62,62,57,43,29,88,88,88,88,88,80,65,65,65,0,0,0],"gold":209,"neow_bonus":"TEN_PERCENT_HP_BONUS","is_daily":false,"chose_seed":false,"campfire_upgraded":4,"win_rate":0.0,"timestamp":1608726850,"path_taken":["R_BF","M","?","M","M","R","T","?","?","?","E","?","R","E","M","BOSS","R","M","?","?","?","$","T","?","?","?","?","M","R","?","M","BOSS","R_BF","M","?","?","?","M","T","R","M"],"items_purchased_type":["Card","Relic","Card"],"build_version":"2020-12-22","purchased_purges":1,"victory":false,"max_hp_per_floor":[88,88,88,88,88,88,88,88,88,88,88,88,88,88,88,88,88,88,88,88,88,88,88,88,88,88,88,88,88,88,88,88,88,88,88,88,88,88,88,88,88,88,88,88,88],"card_choices":[{"not_picked":["Guardian:ShieldCharger","Guardian:ChargeCore"],"picked":"Guardian:VentSteam","floor":2},{"not_picked":["Guardian:PiercingHide","Guardian:BronzeArmor"],"picked":"Guardian:VentSteam","floor":4},{"not_picked":["Guardian:Recover","Guardian:PrimingBeam"],"picked":"Guardian:VentSteam","floor":5},{"not_picked":["Guardian:PiercingHide","Guardian:Gem_Blue"],"picked":"Guardian:Gem_Cyan","floor":10},{"not_picked":["Guardian:PiercingHide","Guardian:DecasProtection"],"picked":"Guardian:Planning","floor":11},{"not_picked":["Guardian:PolyBeam","Guardian:GuardianWhirl"],"picked":"Guardian:BronzeOrb","floor":12},{"not_picked":["Guardian:TimeBomb","Guardian:Emergency"],"picked":"Guardian:Gem_Orange","floor":14},{"not_picked":["Guardian:PiercingHide","Guardian:Suspension"],"picked":"Guardian:TimeCapacitor","floor":15},{"not_picked":["Guardian:RevengeProtocol","Guardian:FastForward"],"picked":"Guardian:StasisField","floor":16},{"not_picked":["Guardian:PolyBeam","Guardian:DecasProtection+1"],"picked":"Guardian:Suspension+1","floor":19},{"not_picked":["Guardian:EvasiveProtocol+1","Guardian:ChargeCore+1"],"picked":"Guardian:Gem_Green","floor":23},{"not_picked":["Guardian:BronzeArmor+1","Guardian:RevengeProtocol"],"picked":"Guardian:ArmoredProtocol","floor":28},{"not_picked":["Guardian:CrystalBeam","Guardian:SentryBeam"],"picked":"Guardian:TemporalShield+1","floor":29},{"not_picked":["Guardian:TimeCapacitor+1","Guardian:Gem_Green"],"picked":"Guardian:Gem_Lightblue","floor":31},{"not_picked":["Guardian:Harden+1","Guardian:RollAttack"],"picked":"Guardian:Gem_Green","floor":32},{"not_picked":["Guardian:ExploitGems+1","Guardian:AncientConstruct"],"picked":"Guardian:StasisField+1","floor":33},{"not_picked":["Guardian:SentryBeam","Guardian:Suspension+1"],"picked":"Guardian:Gem_Green","floor":36},{"not_picked":["Guardian:Reroute","Guardian:PrismaticBarrier+1","Guardian:CrystalBeam"],"picked":"SKIP","floor":40}],"player_experience":232471,"relics_obtained":[{"floor":1,"key":"hubris:PeanutButter"},{"floor":7,"key":"Bottled Lightning"},{"floor":8,"key":"ReplayTheSpireMod:Ring of Challenge"},{"floor":8,"key":"Ring of Fury"},{"floor":11,"key":"Orichalcum"},{"floor":14,"key":"War Paint"},{"floor":17,"key":"Replay:Bandana"},{"floor":17,"key":"Toxic Egg 2"},{"floor":17,"key":"Peace Pipe"},{"floor":24,"key":"Simple Rune"},{"floor":24,"key":"Centennial Puzzle"},{"floor":27,"key":"hubris:TinFlute"},{"floor":27,"key":"Counterbalance"},{"floor":41,"key":"Iron Hammer"}],"event_choices":[{"damage_healed":29,"gold_gain":0,"player_choice":"Heal","damage_taken":0,"max_hp_gain":0,"max_hp_loss":0,"event_name":"The Library","floor":21,"gold_loss":0},{"damage_healed":0,"gold_gain":0,"player_choice":"Stole Relic","damage_taken":0,"relics_obtained":["Art of War"],"max_hp_gain":0,"max_hp_loss":0,"event_name":"Addict","floor":26,"gold_loss":0,"cards_obtained":["Shame"]}],"is_beta":false,"boss_relics":[{"not_picked":["Replay:Bronze Core","hubris:GrandSneckoEye"],"picked":"Calling Bell"},{"not_picked":["hubris:Stopwatch","Snecko Eye"],"picked":"Astrolabe"}],"items_purged_floors":[23],"is_endless":false,"potions_floor_spawned":[2,11,14,28,29,32,36],"killed_by":"Maw","ascension_level":0}}