{"host":"f3zc1jx8b75bp9n4","time":1608764606,"event":{"mods":["AchievementEnabler","Act Like it!","AlwaysNeverKeys","Ascension Reborn","BaseMod","Bestiary","Better-Laid Plans","BetterRewards","Block Reminder","Card Filter","Card Forge","Clockwork Mod","Colored Map","Colored Powertips","Conspire","DeckTracker","Downfall","Emptier Cage","Energized Spire","Friendly Minions","Gensokyo","GifTheSpireLib","Gold Saver","Grow up Mod","Highlight Path","Hubris","Infinite Spire","Marisa????????","Minty Spire (QoL Compilation)","Permanent Neow","Quick Restart","Rare Cards Sparkle","Relic Filter","Relic Stats","Replay The Spire","StSLib","Stuff the Spire","SuperFastMode","Synergy Search","The Animator","The Bladedancer","The Bug Knight","The Construct","The Cursed","The Jungle","The Necromancer","The Poker Player","The Runesmith","The Senshi","The Servant 0.9.4","Transform Curses","Unceasing Turn Reminder","Yuri Mod"],"gold_per_floor":[110,127,2,2,12,12,12,12,12,26,26,53,53,53,88,144,144,249,249,266,266,282,301,311,345,345,19,19,19,52,66,66,66,66,170,170,189,200,250,264,264,297,297,331,376,386,435,460,460,479,479,479,479,479,5,37,37],"floor_reached":58,"playtime":5886,"items_purged":[],"score":1343,"play_id":"2429aad9-bd17-4a87-881f-9da308f75103","local_time":"20201224010326","is_ascension_mode":false,"campfire_choices":[{"data":"Rampage","floor":6,"key":"SMITH"},{"data":"Spot Weakness","floor":8,"key":"SMITH"},{"data":"ReplayTheSpireMod:Stacked","floor":11,"key":"SMITH"},{"data":"Rage","floor":17,"key":"SMITH"},{"data":"Barricade","floor":29,"key":"SMITH"},{"data":"hubris:InfiniteBlow","floor":32,"key":"SMITH"},{"floor":34,"key":"DIG"},{"floor":43,"key":"REST"},{"floor":51,"key":"REST"},{"data":"hubris:InfiniteBlow+1","floor":54,"key":"SMITH"}],"circlet_count":0,"master_deck":["Strike_R+1","Strike_R+1","Strike_R+1","Strike_R+1","Defend_R+1","Defend_R+1","Defend_R+1","Defend_R+1","Bash+1","Run Through","Spot Weakness+1","ReplayTheSpireMod:??????????????????????","ReplayTheSpireMod:Stacked+1","Infernal Blade","Rage+1","Twin Strike","Barricade+1","StuffTheSpire:Slingshot","Berserk","Shrug It Off","Burning Pact+1","hubris:ReadiedAction","Dramatic Entrance","hubris:InfiniteBlow+2","Pommel Strike+1","ReplayTheSpireMod:Stacked","Feel No Pain","hubris:StunningStrike","Bludgeon+1","Juggernaut+1","Pommel Strike+1","Hemokinesis","Rampage+1","hubris:SharpeningStone+1","Evolve+1","StuffTheSpire:BrainWave","Inflame","Thunderclap+1","Clash+1","Sentinel+1","hubris:StunningStrike","Rage+1","Rampage+1","Armaments+1","Clothesline"],"relics":["Burning Blood","Hammer of Thor","Seething Fire","Anvil of the Gods","MealTicket","Potion Belt","hubris:Zylophone","Red Skull","energizedSpire:OgreHead","hubris:Towel","theSenshi:FeatherClipsRelic","Runesmith:Nanobots","conspire:Dentures","StuffTheSpire:ForceGauntlet","infinitespire:Lucky Rock","Astrolabe","hubris:CuriousFeather","StuffTheSpire:GrapeVine","King of Hearts","Bronze Scales","CatCart","Toxic Egg 2","FossilizedHelix","StuffTheSpire:Mouthbags","hubris:Spice"],"acts_visited":["Exordium","TheCity","TheBeyond","TheEnding"],"potions_floor_usage":[24,25,35,37,38,39,44,47,57,57],"damage_taken":[{"damage":2,"enemies":"conspire:RoseBush","floor":1,"turns":2},{"damage":0,"enemies":"Small Slimes","floor":2,"turns":3},{"damage":0,"enemies":"Jaw Worm","floor":5,"turns":2},{"damage":0,"enemies":"3 Louse","floor":10,"turns":3},{"damage":12,"enemies":"3 Sentries","floor":12,"turns":6},{"damage":9,"enemies":"Replay:BlueRogue","floor":15,"turns":4},{"damage":18,"enemies":"Lagavulin Event","floor":16,"turns":4},{"damage":38,"enemies":"The Guardian","floor":18,"turns":7},{"damage":30,"enemies":"2 Thieves","floor":20,"turns":3},{"damage":21,"enemies":"Snake Plant","floor":22,"turns":3},{"damage":22,"enemies":"Snecko","floor":23,"turns":4},{"damage":34,"enemies":"Shelled Parasite and Fungi","floor":24,"turns":5},{"damage":13,"enemies":"conspire:SneckoGhost","floor":25,"turns":4},{"damage":22,"enemies":"Nightmare","floor":30,"turns":8},{"damage":3,"enemies":"Chosen and Byrds","floor":31,"turns":6},{"damage":32,"enemies":"Champ","floor":35,"turns":8},{"damage":0,"enemies":"3 Shapes","floor":37,"turns":3},{"damage":38,"enemies":"3 Darklings","floor":38,"turns":6},{"damage":228,"enemies":"Mind Bloom Boss Battle","floor":39,"turns":5},{"damage":13,"enemies":"Spire Growth","floor":40,"turns":2},{"damage":88,"enemies":"Nightmare","floor":42,"turns":6},{"damage":85,"enemies":"Reptomancer","floor":44,"turns":4},{"damage":24,"enemies":"Maw","floor":46,"turns":5},{"damage":2,"enemies":"Orin","floor":47,"turns":3},{"damage":69,"enemies":"Nemesis","floor":48,"turns":4},{"damage":0,"enemies":"Jaw Worm Horde","floor":50,"turns":2},{"damage":221,"enemies":"Donu and Deca","floor":52,"turns":10},{"damage":181,"enemies":"Shield and Spear","floor":56,"turns":8},{"damage":175,"enemies":"The Heart","floor":57,"turns":9}],"seed_played":"5117181724024841330","potions_obtained":[{"floor":1,"key":"FairyPotion"},{"floor":10,"key":"BlessingOfTheForge"},{"floor":15,"key":"Elixir"},{"floor":18,"key":"Swift Potion"},{"floor":22,"key":"BloodPotion"},{"floor":24,"key":"Adrenaline Potion"},{"floor":31,"key":"Adrenaline Potion"},{"floor":35,"key":"Ancient Potion"},{"floor":37,"key":"champ:CounterPotion"},{"floor":38,"key":"Explosive Potion"},{"floor":42,"key":"SmokeBomb"},{"floor":56,"key":"Elixir"}],"is_trial":false,"path_per_floor":["M","M","$","?","M","R","$","R","T","M","R","E","PTL","PTL","E","?","R","B",null,"M","?","M","M","M","E","?","$","T","R","NM","M","R","?","R_BF","B",null,"M","M","?","M","?","NM","R","E","T","M","?","E","?","M","R","B",null,"R","$","E","B",null],"character_chosen":"IRONCLAD","items_purchased":["Spot Weakness","ReplayTheSpireMod:Strike From Hell","Runesmith:Nanobots","Dramatic Entrance","FossilizedHelix","StuffTheSpire:Mouthbags","Armaments+1"],"campfire_rested":2,"item_purchase_floors":[3,3,27,27,55,55,55],"current_hp_per_floor":[100,110,120,100,116,126,136,146,156,172,182,186,196,206,213,211,221,199,280,266,276,271,265,247,250,260,285,295,305,305,324,334,344,354,344,450,460,444,238,247,257,191,339,276,286,284,304,257,267,289,461,262,571,581,591,440,418],"gold":37,"neow_bonus":"TRANSFORM_CARD","is_daily":false,"chose_seed":false,"campfire_upgraded":7,"win_rate":0.0,"timestamp":1608764606,"path_taken":["M","M","$","?","M","R","$","R","T","M","R","E","PTL","PTL","E","?","R","BOSS","M","?","M","M","M","E","?","$","T","R","NM","?","R","?","R_BF","BOSS","M","M","?","M","?","NM","R","E","T","M","?","E","?","M","R","BOSS","R","$","E","BOSS"],"items_purchased_type":["Card","Card","Relic","Card","Relic","Relic","Card"],"build_version":"2020-12-22","purchased_purges":0,"victory":true,"max_hp_per_floor":[100,110,120,130,140,150,160,170,180,190,200,210,220,230,240,250,260,270,280,290,300,310,320,330,340,350,360,370,380,390,400,410,420,430,440,450,460,470,480,490,451,461,471,481,491,501,511,521,531,541,551,561,571,581,591,609,629],"relic_stats":{"counters":[29,139],"Astrolabe":["Bludgeon","Juggernaut","Pommel Strike"],"Bronze Scales":[187],"MealTicket":15,"obtain_stats":[{"Hammer of Thor":0,"King of Hearts":44,"theSenshi:FeatherClipsRelic":25,"StuffTheSpire:GrapeVine":42,"Burning Blood":0,"MealTicket":9,"hubris:CuriousFeather":39,"Toxic Egg 2":48,"Red Skull":16,"Potion Belt":12,"conspire:Dentures":28,"Runesmith:Nanobots":27,"StuffTheSpire:ForceGauntlet":30,"Astrolabe":36,"energizedSpire:OgreHead":19,"Seething Fire":0,"infinitespire:Lucky Rock":34,"hubris:Towel":21,"hubris:Zylophone":15,"StuffTheSpire:Mouthbags":55,"Anvil of the Gods":0,"hubris:Spice":56,"Bronze Scales":45,"CatCart":47,"FossilizedHelix":55},{"Hammer of Thor":0,"King of Hearts":22,"theSenshi:FeatherClipsRelic":13,"StuffTheSpire:GrapeVine":21,"Burning Blood":0,"MealTicket":3,"hubris:CuriousFeather":19,"Toxic Egg 2":25,"Red Skull":7,"Potion Belt":5,"conspire:Dentures":13,"Runesmith:Nanobots":13,"StuffTheSpire:ForceGauntlet":14,"Astrolabe":16,"energizedSpire:OgreHead":8,"Seething Fire":0,"infinitespire:Lucky Rock":15,"hubris:Towel":9,"hubris:Zylophone":6,"StuffTheSpire:Mouthbags":27,"Anvil of the Gods":0,"hubris:Spice":28,"Bronze Scales":22,"CatCart":24,"FossilizedHelix":27},{"Hammer of Thor":0,"King of Hearts":98,"theSenshi:FeatherClipsRelic":50,"StuffTheSpire:GrapeVine":94,"Burning Blood":0,"MealTicket":7,"hubris:CuriousFeather":86,"Toxic Egg 2":110,"Red Skull":24,"Potion Belt":16,"conspire:Dentures":50,"Runesmith:Nanobots":50,"StuffTheSpire:ForceGauntlet":58,"Astrolabe":72,"energizedSpire:OgreHead":31,"Seething Fire":0,"infinitespire:Lucky Rock":64,"hubris:Towel":34,"hubris:Zylophone":20,"StuffTheSpire:Mouthbags":122,"Anvil of the Gods":0,"hubris:Spice":130,"Bronze Scales":98,"CatCart":106,"FossilizedHelix":122}],"Burning Blood":158},"card_choices":[{"not_picked":["Warcry","Heavy Blade"],"picked":"Rupture","floor":1},{"not_picked":["Perfected Strike","StuffTheSpire:Incineration"],"picked":"Run Through","floor":2},{"not_picked":["infinitespire:FinalStrike","ReplayTheSpireMod:Book of Names"],"picked":"ReplayTheSpireMod:??????????????????????","floor":4},{"not_picked":["Clothesline","Clash"],"picked":"Rampage","floor":5},{"not_picked":["Anger","Heavy Blade"],"picked":"ReplayTheSpireMod:Stacked","floor":10},{"not_picked":["StuffTheSpire:Pyroclast","Warcry"],"picked":"Infernal Blade","floor":12},{"not_picked":["Clash","Ghostly Armor"],"picked":"Rage","floor":15},{"not_picked":["Anger","True Grit"],"picked":"Twin Strike","floor":16},{"not_picked":["Fiend Fire","Exhume"],"picked":"Barricade","floor":18},{"not_picked":["Wild Strike","Run Through"],"picked":"StuffTheSpire:Slingshot","floor":20},{"not_picked":["Perfected Strike","Battle Trance"],"picked":"Berserk","floor":22},{"not_picked":["ReplayTheSpireMod:Strike From Hell","Havoc"],"picked":"Shrug It Off","floor":23},{"not_picked":["Shrug It Off+1","Run Through"],"picked":"Burning Pact+1","floor":24},{"not_picked":["Shrug It Off","True Grit"],"picked":"hubris:ReadiedAction","floor":25},{"not_picked":["hubris:Fate","infinitespire:Starlight"],"picked":"hubris:InfiniteBlow","floor":30},{"not_picked":["Dark Embrace","Headbutt+1"],"picked":"Pommel Strike+1","floor":30},{"not_picked":["True Grit+1","Warcry"],"picked":"ReplayTheSpireMod:Stacked","floor":31},{"not_picked":["Fiend Fire","Hemogenesis"],"picked":"hubris:StunningStrike","floor":35},{"not_picked":["Body Slam+1","conspire:ExplosiveBarrier"],"picked":"Hemokinesis","floor":37},{"not_picked":["Twin Strike+1","StuffTheSpire:RockThrow+1"],"picked":"Rampage+1","floor":38},{"not_picked":["Brutality","Clothesline"],"picked":"hubris:SharpeningStone+1","floor":39},{"not_picked":["Twin Strike","Cleave"],"picked":"Evolve+1","floor":40},{"not_picked":["Thunderclap+1","StuffTheSpire:Incineration+1"],"picked":"Inflame","floor":42},{"not_picked":["ReplayTheSpireMod:LeadingStrike","StuffTheSpire:RagingBull+1"],"picked":"Thunderclap+1","floor":44},{"not_picked":["Anger+1","Iron Wave"],"picked":"Clash+1","floor":46},{"not_picked":["Iron Wave","Entrench+1"],"picked":"Sentinel+1","floor":47},{"not_picked":["Pummel","Entrench+1"],"picked":"hubris:StunningStrike","floor":48},{"not_picked":["Armaments+1","Perfected Strike"],"picked":"Rage+1","floor":50},{"not_picked":["Wild Strike+1","hubris:CleavingFinish"],"picked":"Clothesline","floor":56}],"player_experience":216226,"relics_obtained":[{"floor":9,"key":"MealTicket"},{"floor":12,"key":"Potion Belt"},{"floor":15,"key":"hubris:Zylophone"},{"floor":16,"key":"Red Skull"},{"floor":25,"key":"theSenshi:FeatherClipsRelic"},{"floor":28,"key":"conspire:Dentures"},{"floor":30,"key":"StuffTheSpire:ForceGauntlet"},{"floor":34,"key":"infinitespire:Lucky Rock"},{"floor":39,"key":"hubris:CuriousFeather"},{"floor":42,"key":"StuffTheSpire:GrapeVine"},{"floor":44,"key":"King of Hearts"},{"floor":45,"key":"Bronze Scales"},{"floor":47,"key":"CatCart"},{"floor":48,"key":"Toxic Egg 2"},{"floor":56,"key":"hubris:Spice"}],"event_choices":[{"damage_healed":0,"gold_gain":30,"player_choice":"Searched \u00273\u0027 times","damage_taken":0,"max_hp_gain":0,"max_hp_loss":0,"event_name":"Dead Adventurer","floor":16,"gold_loss":0},{"cards_removed":["Replay:Undeath\u0027s Touch"],"damage_healed":0,"gold_gain":0,"player_choice":"Took Card","damage_taken":0,"max_hp_gain":0,"max_hp_loss":0,"event_name":"NoteForYourself","floor":26,"gold_loss":0,"cards_obtained":["Strike_P"]},{"damage_healed":0,"gold_gain":0,"player_choice":"Fight","damage_taken":0,"max_hp_gain":0,"max_hp_loss":0,"event_name":"MindBloom","floor":39,"gold_loss":0},{"damage_healed":0,"gold_gain":0,"player_choice":"Fight","damage_taken":0,"max_hp_gain":0,"max_hp_loss":0,"event_name":"OrinTheCat","floor":47,"gold_loss":0},{"damage_healed":0,"gold_gain":0,"player_choice":"Ignored","damage_taken":0,"max_hp_gain":0,"max_hp_loss":0,"event_name":"The Moai Head","floor":49,"gold_loss":0}],"is_beta":false,"boss_relics":[{"not_picked":["energizedSpire:EnergizedDie","energizedSpire:RedRose"],"picked":"energizedSpire:OgreHead"},{"not_picked":["StuffTheSpire:ModemDavis","Replay:Fungal Core"],"picked":"Astrolabe"}],"items_purged_floors":[],"is_endless":false,"potions_floor_spawned":[1,10,15,18,22,24,31,35,37,38,42,56],"ascension_level":0}}