{"host":"63o2iqaaus9jfjk5","time":1608697205,"event":{"mods":["AchievementEnabler","BaseMod","Bestiary","Better Altar","Better Match","Better Note","Better Sensory Stone","Better Skull","Better Third Choice","Better Vampires","Better-Laid Plans","BetterRewards","Block Reminder","Colored Powertips","Curses Come First","Displayed Cursed Tome","GifTheSpireLib","Lobotomy","LobotomyExtend","Minty Spire (QoL Compilation)","RNG Fix","Random Character Button","Red Circlet Mod","Relic Stats","StSLib","Unceasing Turn Reminder"],"gold_per_floor":[119,219,219,238,238,238,267,267,267,282,301,376,12,29,29,129,129,147,147,167,92,106,136,136,136,136],"floor_reached":25,"playtime":2100,"items_purged":[],"score":221,"play_id":"66766822-7828-48d9-b3e8-055fb71eb54b","local_time":"20201222222005","is_ascension_mode":false,"campfire_choices":[{"floor":6,"key":"REST"},{"floor":15,"key":"REST"},{"floor":24,"key":"REST"}],"circlet_count":0,"master_deck":["VoidDream","Chaos","BlackSwan","Redo","Chaos","Streamline","Redo","Heatsinks","UniverseFragment","Loop","OldLady","Machine Learning","Core Surge+1","Fission+1","All For One+1","LaLuna","Aggregate+1","ShyLook","White Noise+1","Conserve Battery+1","DreamingCurrent","Coolheaded","Scorched","Double Energy+1"],"relics":["Cracked Core","CogitoBucket","LetterFromLob","PreservedInsect","Emotion Chip","Lantern","ChangeAnything","Astrolabe","Akabeko"],"acts_visited":["Exordium","TheCity"],"potions_floor_usage":[10,14,23],"damage_taken":[{"damage":5,"enemies":"Cultist","floor":1,"turns":4},{"damage":6,"enemies":"Small Slimes","floor":4,"turns":2},{"damage":22,"enemies":"3 Sentries","floor":7,"turns":4},{"damage":0,"enemies":"2 Louse","floor":10,"turns":4},{"damage":3,"enemies":"2 Fungi Beasts","floor":11,"turns":5},{"damage":20,"enemies":"Large Slime","floor":14,"turns":4},{"damage":26,"enemies":"Hexaghost","floor":16,"turns":7},{"damage":20,"enemies":"3 Byrds","floor":18,"turns":4},{"damage":10,"enemies":"Shell Parasite","floor":20,"turns":4},{"damage":33,"enemies":"Cultist and Chosen","floor":22,"turns":7},{"damage":16,"enemies":"Slavers","floor":23,"turns":6},{"damage":74,"enemies":"Snake Plant","floor":25,"turns":3}],"seed_played":"6402493106907634732","potions_obtained":[{"floor":4,"key":"BlessingOfTheForge"},{"floor":10,"key":"LiquidMemories"},{"floor":20,"key":"SkillPotion"}],"is_trial":false,"path_per_floor":["M","?","?","M","?","R","E","?","T","M","M","?","$","M","R","B",null,"M","?","M","?","M","E","R","M"],"character_chosen":"DEFECT","items_purchased":["Lantern","Chaos","Streamline","Redo","Heatsinks"],"campfire_rested":3,"item_purchase_floors":[13,13,13,13,13],"current_hp_per_floor":[70,70,55,49,49,71,49,72,72,72,69,58,58,38,59,33,72,52,52,42,42,9,35,56,0,0],"gold":136,"neow_bonus":"","is_daily":false,"chose_seed":false,"campfire_upgraded":0,"win_rate":0.0,"timestamp":1608697205,"path_taken":["M","?","?","M","?","R","E","?","T","M","?","?","$","M","R","BOSS","M","?","M","?","M","E","R","M"],"items_purchased_type":["Card","Card","Card","Card","Card"],"build_version":"2020-12-13","purchased_purges":0,"victory":false,"max_hp_per_floor":[75,75,75,75,75,75,75,72,72,72,72,72,72,72,72,72,72,72,72,72,72,72,72,72,72,72],"relic_stats":{"Emotion Chip":[44,22,9,8,5],"counters":[30,101],"Astrolabe":["Core Surge","Fission","All For One"],"PreservedInsect":39,"obtain_stats":[{"Lantern":13,"Inserter":17,"NeowsBlessing":0,"Golden Idol":14,"Astrolabe":17,"PreservedInsect":7,"conspire:Boomerang":7,"Akabeko":23,"Replay:Rubber Ducky":6,"CogitoBucket":0,"Dream Catcher":9,"Emotion Chip":9,"Shovel":5,"Bag of Marbles":9,"ReplayTheSpireMod:TigerMarble":11,"LetterFromLob":1,"ChangeAnything":14,"Cracked Core":0},{"Lantern":21,"Inserter":6,"NeowsBlessing":8,"Golden Idol":5,"Astrolabe":24,"PreservedInsect":19,"conspire:Boomerang":11,"Akabeko":28,"Replay:Rubber Ducky":10,"CogitoBucket":0,"Dream Catcher":3,"Emotion Chip":19,"Shovel":10,"Bag of Marbles":12,"ReplayTheSpireMod:TigerMarble":13,"LetterFromLob":17,"ChangeAnything":23,"Cracked Core":0},{"Lantern":64,"Inserter":19,"NeowsBlessing":22,"Golden Idol":15,"Astrolabe":76,"PreservedInsect":55,"conspire:Boomerang":25,"Akabeko":97,"Replay:Rubber Ducky":24,"CogitoBucket":0,"Dream Catcher":10,"Emotion Chip":55,"Shovel":24,"Bag of Marbles":28,"ReplayTheSpireMod:TigerMarble":32,"LetterFromLob":49,"ChangeAnything":69,"Cracked Core":0}]},"card_choices":[{"not_picked":["NakedNest","Scarecrow"],"picked":"FieryBird","floor":1},{"not_picked":["Steam Power","Heatsinks"],"picked":"Defragment","floor":1},{"not_picked":["BigBird","MHz"],"picked":"WhitesApple","floor":4},{"not_picked":["Compile Driver","Glacier"],"picked":"Redo","floor":4},{"not_picked":["Bandage Up","Mind Blast"],"picked":"Metamorphosis","floor":5},{"not_picked":["Echo Form","Glacier"],"picked":"Scrape","floor":7},{"not_picked":["Murderer","MHz"],"picked":"Scorched","floor":7},{"not_picked":["HeroicMonk","Scorched"],"picked":"VoidDream","floor":10},{"not_picked":["Reprogram","Cold Snap"],"picked":"Chaos","floor":10},{"not_picked":["WallGazer","CherryBlossoms"],"picked":"BlackSwan","floor":11},{"not_picked":["Skim","Sweeping Beam"],"picked":"Redo","floor":11},{"not_picked":["ShyLook","FairyFestival"],"picked":"UniverseFragment","floor":14},{"not_picked":["Darkness","Steam Power"],"picked":"Loop","floor":14},{"not_picked":["Laetitia","Alriune"],"picked":"OldLady","floor":16},{"not_picked":["Fission","Multi-Cast"],"picked":"Machine Learning","floor":16},{"not_picked":["ShyLook","MeatLantern"],"picked":"LaLuna","floor":18},{"not_picked":["Hologram","FTL"],"picked":"Aggregate","floor":18},{"not_picked":["DespairKnight","BeautyBeast"],"picked":"ShyLook","floor":20},{"not_picked":["Conserve Battery","Barrage"],"picked":"White Noise+1","floor":20},{"not_picked":["Barrage+1","Leap+1"],"picked":"Conserve Battery+1","floor":21},{"not_picked":["Mercenary","QueenBee"],"picked":"DreamingCurrent","floor":22},{"not_picked":["Fusion","Lockon"],"picked":"Coolheaded","floor":22},{"not_picked":["MHz","QueenBee"],"picked":"Scorched","floor":23},{"not_picked":["Leap","Aggregate"],"picked":"Double Energy+1","floor":23}],"player_experience":109037,"relics_obtained":[{"floor":1,"key":"LetterFromLob"},{"floor":7,"key":"PreservedInsect"},{"floor":9,"key":"Emotion Chip"},{"floor":23,"key":"Akabeko"}],"event_choices":[{"damage_healed":0,"gold_gain":100,"player_choice":"Gold","damage_taken":0,"max_hp_gain":0,"max_hp_loss":0,"event_name":"Wheel of Change","floor":2,"gold_loss":0},{"damage_healed":70,"gold_gain":0,"player_choice":"Upgrade","damage_taken":15,"max_hp_gain":0,"max_hp_loss":75,"event_name":"betterThird:BetterShining","floor":3,"gold_loss":0,"cards_upgraded":["Defragment","Defend_B"]},{"damage_healed":0,"gold_gain":1,"player_choice":"1","damage_taken":0,"max_hp_gain":0,"max_hp_loss":0,"event_name":"betterStone:BetterStone","floor":5,"gold_loss":0},{"damage_healed":0,"gold_gain":75,"player_choice":"Gold","damage_taken":11,"max_hp_gain":0,"max_hp_loss":0,"event_name":"betterThird:BetterGoop","floor":12,"gold_loss":0},{"damage_healed":0,"gold_gain":0,"player_choice":"Forge","damage_taken":0,"max_hp_gain":0,"max_hp_loss":0,"event_name":"Accursed Blacksmith","floor":19,"gold_loss":0,"cards_upgraded":["Aggregate"]},{"damage_healed":0,"gold_gain":0,"player_choice":"2","damage_taken":0,"max_hp_gain":0,"max_hp_loss":0,"event_name":"betterMatch:BetterMatch","floor":21,"gold_loss":0,"cards_obtained":["betterMatch:CommonCard"]}],"is_beta":false,"boss_relics":[{"not_picked":["Calling Bell","Busted Crown"],"picked":"Astrolabe"}],"items_purged_floors":[],"is_endless":false,"potions_floor_spawned":[4,10,20],"killed_by":"Snake Plant","ascension_level":0}}