{"host":"a5lz0e76zb3fcwkm","time":1608686131,"event":{"mods":["AchievementEnabler","BaseMod","Colored Map","Colored Powertips","Minty Spire (QoL Compilation)","StSLib","SuperFastMode"],"gold_per_floor":[119,138,138,154,169,204,204,235,247,259,288,300,300],"floor_reached":12,"playtime":234,"items_purged":[],"score":180,"play_id":"1beea1ac-4fd6-4e64-8291-4fd125a7e99f","local_time":"20201223101531","is_ascension_mode":true,"campfire_choices":[{"data":"Blood for Blood","floor":7.0,"key":"SMITH"}],"circlet_count":0,"master_deck":["AscendersBane","Strike_R","Strike_R","Strike_R","Defend_R","Defend_R","Defend_R","Defend_R","Bash","Metamorphosis","Blood for Blood+1","Corruption","Dual Wield"],"relics":["Burning Blood","Nunchaku","MawBank","Regal Pillow"],"acts_visited":["Exordium"],"potions_floor_usage":[11],"damage_taken":[{"damage":14.0,"enemies":"Jaw Worm","floor":1.0,"turns":5.0},{"damage":5.0,"enemies":"2 Louse","floor":2.0,"turns":4.0},{"damage":13.0,"enemies":"Small Slimes","floor":4.0,"turns":2.0},{"damage":4.0,"enemies":"Exordium Thugs","floor":5.0,"turns":3.0},{"damage":8.0,"enemies":"Gremlin Nob","floor":6.0,"turns":3.0},{"damage":35.0,"enemies":"Lagavulin","floor":8.0,"turns":6.0},{"damage":26,"enemies":"Lots of Slimes","floor":11,"turns":4},{"damage":15,"enemies":"3 Sentries","floor":12,"turns":2}],"seed_played":"-5649126587914452530","potions_obtained":[{"floor":1.0,"key":"Explosive Potion"},{"floor":2.0,"key":"Explosive Potion"},{"floor":6.0,"key":"Regen Potion"},{"floor":11,"key":"LiquidBronze"}],"is_trial":false,"path_per_floor":["M","M","?","M","M","E","R","E","T","?","M","E"],"character_chosen":"IRONCLAD","items_purchased":[],"campfire_rested":0,"item_purchase_floors":[],"current_hp_per_floor":[60,61,54,47,49,47,47,18,18,18,10,0,0],"gold":300,"neow_bonus":"RANDOM_COLORLESS_2","is_daily":false,"chose_seed":false,"campfire_upgraded":1,"win_rate":0.0,"timestamp":1608686131,"path_taken":["M","M","?","M","M","E","R","E","T","?","M","E"],"items_purchased_type":[],"build_version":"2020-12-13","purchased_purges":0,"victory":false,"max_hp_per_floor":[68,68,68,68,68,68,68,68,68,68,68,68,68],"card_choices":[{"not_picked":["Chrysalis","Thinking Ahead"],"picked":"Metamorphosis","floor":0.0},{"not_picked":["Whirlwind","Rupture","Anger"],"picked":"SKIP","floor":1.0},{"not_picked":["Twin Strike","Havoc","Wild Strike"],"picked":"SKIP","floor":2.0},{"not_picked":["Cleave","Warcry","Heavy Blade"],"picked":"SKIP","floor":4.0},{"not_picked":["Iron Wave","Sword Boomerang","Dropkick"],"picked":"SKIP","floor":5.0},{"not_picked":["Disarm","Rage"],"picked":"Blood for Blood","floor":6.0},{"not_picked":["Uppercut","Dropkick"],"picked":"Corruption","floor":8.0},{"not_picked":["Flex","Iron Wave"],"picked":"Dual Wield","floor":11}],"player_experience":1639290,"relics_obtained":[{"floor":6.0,"key":"Nunchaku"},{"floor":8.0,"key":"MawBank"},{"floor":9.0,"key":"Regal Pillow"}],"event_choices":[{"cards_removed":["Strike_R"],"damage_healed":0.0,"max_hp_gain":0.0,"max_hp_loss":0.0,"gold_gain":0.0,"event_name":"Golden Wing","player_choice":"Card Removal","floor":3.0,"gold_loss":0.0,"damage_taken":7.0},{"cards_removed":["Strike_R"],"damage_healed":0,"gold_gain":0,"player_choice":"Forget","damage_taken":0,"max_hp_gain":0,"max_hp_loss":0,"event_name":"Living Wall","floor":10,"gold_loss":0}],"is_beta":false,"boss_relics":[],"items_purged_floors":[],"is_endless":false,"potions_floor_spawned":[1,2,6,11],"killed_by":"3 Sentries","ascension_level":20}}