{"host":"4b06nrmhsmzqjm1r","time":1608685902,"event":{"mods":["2.2 Compatiblity","AchievementEnabler","BaseMod","BetterRewards","Colored Map","Colored Powertips","Hermit","Highlight Path","Marisa????????","Minty Spire (QoL Compilation)","StSLib","The Animator","The Cursed","The Hierophant","The Servant 0.9.4"],"gold_per_floor":[133,150,225,400,400,400,408,408,461,483,483,483,519,559,559,517,517],"floor_reached":16,"playtime":2564,"items_purged":["hierophant:Defend_Hierophant","hierophant:Strike_Hierophant"],"score":156,"play_id":"e74ca0ce-496a-4f67-9a93-9f72d46a65fa","local_time":"20201223021142","is_ascension_mode":false,"campfire_choices":[{"floor":6,"key":"REST"},{"floor":8,"key":"REST"},{"floor":12,"key":"REST"},{"floor":15,"key":"REST"}],"circlet_count":0,"master_deck":["hierophant:Strike_Hierophant","hierophant:Strike_Hierophant","hierophant:Punish","hierophant:Defend_Hierophant","hierophant:Defend_Hierophant","hierophant:Defend_Hierophant","hierophant:ChurchCoffers","hierophant:Charity","hierophant:Doubloon","hierophant:Sermon","hierophant:Flagellation","hierophant:Charity","hierophant:Doubloon","hierophant:PassingBell","hierophant:HolyVerse","hierophant:Encroach","hierophant:MorningPrayer","hierophant:Martyrdom","Doubt","hierophant:Doubloon","hierophant:TollTheBells+1","hierophant:OrnateBuckler+1","hierophant:RustyCrate+1","hierophant:Doubloon+1","hierophant:Doubloon+1","hierophant:Zeal"],"relics":["hierophant:PropheticMaskRelic","Frozen Eye","Dead Branch","Toxic Egg 2","Juzu Bracelet","Odd Mushroom"],"acts_visited":["Exordium"],"potions_floor_usage":[10,10,16],"damage_taken":[{"damage":0,"enemies":"2 Louse","floor":1,"turns":1},{"damage":2,"enemies":"Small Slimes","floor":2,"turns":3},{"damage":6,"enemies":"Cultist","floor":7,"turns":3},{"damage":35,"enemies":"Gremlin Nob","floor":10,"turns":4},{"damage":0,"enemies":"3 Sentries","floor":13,"turns":3},{"damage":11,"enemies":"The Mushroom Lair","floor":14,"turns":2},{"damage":59,"enemies":"The Guardian","floor":16,"turns":14}],"seed_played":"-3038570500046091307","potions_obtained":[{"floor":1,"key":"PowerPotion"},{"floor":10,"key":"Fire Potion"}],"is_trial":false,"path_per_floor":["M","M","?","?","?","R","M","R","T","E","?","R","E","?","R","B"],"character_chosen":"HIEROPHANT","items_purchased":["hierophant:Charity","hierophant:Sermon","hierophant:Flagellation","hierophant:Charity","Frozen Eye","hierophant:PassingBell","hierophant:HolyVerse","hierophant:Encroach","Block Potion"],"campfire_rested":4,"item_purchase_floors":[0,0,0,0,0,0,0,0,0],"current_hp_per_floor":[40,38,27,27,20,42,36,58,58,23,23,45,45,34,56,0,0],"gold":517,"neow_bonus":"","is_daily":false,"chose_seed":false,"campfire_upgraded":0,"win_rate":0.0,"timestamp":1608685902,"path_taken":["M","M","?","?","?","R","M","R","T","E","?","R","E","?","R","BOSS"],"items_purchased_type":["Card","Card","Card","Card","Relic","Card","Card","Card","Potion"],"build_version":"2020-12-13","purchased_purges":2,"victory":false,"max_hp_per_floor":[75,75,75,75,75,75,75,75,75,75,75,75,75,75,75,75,75],"card_choices":[{"not_picked":["hierophant:FieryStrike","hierophant:Sermon"],"picked":"hierophant:MorningPrayer","floor":1},{"not_picked":["hierophant:Glossolalia","hierophant:ArchangelShield"],"picked":"hierophant:Martyrdom","floor":2},{"not_picked":["hierophant:Shelter","hierophant:HammerAndAnvil"],"picked":"hierophant:Doubloon","floor":7},{"not_picked":["hierophant:HammerAndAnvil+1","hierophant:DisplayOfPower"],"picked":"hierophant:TollTheBells+1","floor":10},{"not_picked":["hierophant:Community","hierophant:Shelter+1"],"picked":"hierophant:RustyCrate+1","floor":13},{"not_picked":["hierophant:FieryStrike","hierophant:Bribe+1"],"picked":"hierophant:Zeal","floor":14}],"player_experience":221489,"relics_obtained":[{"floor":10,"key":"Toxic Egg 2"},{"floor":13,"key":"Juzu Bracelet"},{"floor":14,"key":"Odd Mushroom"}],"event_choices":[{"damage_healed":0,"gold_gain":75,"player_choice":"Gather Gold","damage_taken":11,"max_hp_gain":0,"max_hp_loss":0,"event_name":"World of Goop","floor":3,"gold_loss":0},{"damage_healed":0,"gold_gain":175,"player_choice":"AGREE","damage_taken":0,"max_hp_gain":0,"max_hp_loss":0,"event_name":"Liars Game","floor":4,"gold_loss":0,"cards_obtained":["Doubt"]},{"damage_healed":0,"gold_gain":0,"player_choice":"Success","damage_taken":7,"relics_obtained":["Dead Branch"],"max_hp_gain":0,"max_hp_loss":0,"event_name":"Scrap Ooze","floor":5,"gold_loss":0},{"damage_healed":0,"gold_gain":0,"cards_transformed":["hierophant:Strike_Hierophant"],"player_choice":"Change","damage_taken":0,"max_hp_gain":0,"max_hp_loss":0,"event_name":"Living Wall","floor":11,"gold_loss":0,"cards_obtained":["hierophant:OrnateBuckler"]},{"damage_healed":0,"gold_gain":0,"player_choice":"Fought Mushrooms","damage_taken":0,"max_hp_gain":0,"max_hp_loss":0,"event_name":"Mushrooms","floor":14,"gold_loss":0}],"is_beta":false,"boss_relics":[],"items_purged_floors":[0,0],"is_endless":false,"potions_floor_spawned":[1,10],"killed_by":"The Guardian","ascension_level":0}}