{"host":"f6f8cjhjgha9mpdq","time":1608743409,"event":{"mods":["BaseMod","Emptier Cage","Minty Spire (QoL Compilation)","Permanent Neow","StSLib","SuperFastMode"],"gold_per_floor":[109,89,109,34,50,50,15,25,25,57,73,91,91,119,119,194,194,209,209,109,109,127,146,181,181,228,244,261,361,375,385,385,459,459,476,487,231,251,251,286,286,321,348,377,377,392,409,434,434,434,434,434,0,31,31,31],"floor_reached":55,"playtime":4007,"items_purged":["Strike_G","Defend_G","Strike_G"],"score":1556,"play_id":"e8a71b82-0320-49b6-a413-339809ad6192","local_time":"20201224021009","is_ascension_mode":true,"campfire_choices":[{"data":"Phantasmal Killer","floor":6.0,"key":"SMITH"},{"data":"Terror","floor":15.0,"key":"SMITH"},{"data":"Dash","floor":25.0,"key":"SMITH"},{"data":"Burst","floor":32.0,"key":"SMITH"},{"data":"Well Laid Plans","floor":41.0,"key":"SMITH"},{"data":"Adrenaline","floor":45.0,"key":"SMITH"},{"floor":49.0,"key":"RECALL"},{"data":"Adrenaline","floor":52.0,"key":"SMITH"}],"circlet_count":0,"master_deck":["AscendersBane","Strike_G","Defend_G","Defend_G+1","Survivor","Neutralize","Phantasmal Killer+1","Dash+1","Terror+1","Dagger Spray","Backflip","Acrobatics","Adrenaline+1","Adrenaline+1","Underhanded Strike","Footwork","Dodge and Roll+1","Well Laid Plans+1","Burst+1","PiercingWail","Doppelganger","All Out Attack+1","PiercingWail+1","Bullet Time+1","Dagger Throw","Panacea+1","Crippling Poison+1","Quick Slash","Riddle With Holes+1","Madness"],"relics":["Ring of the Snake","Pantograph","Ninja Scroll","Darkstone Periapt","Sozu","MutagenicStrength","Ornamental Fan","Incense Burner","Kunai","Astrolabe","Pocketwatch","War Paint","Ancient Tea Set","Tough Bandages","Thread and Needle","Turnip","InkBottle"],"acts_visited":["Exordium","TheCity","TheBeyond","TheEnding"],"potions_floor_usage":[],"damage_taken":[{"damage":5.0,"enemies":"Cultist","floor":1.0,"turns":5.0},{"damage":2.0,"enemies":"Jaw Worm","floor":3.0,"turns":4.0},{"damage":0.0,"enemies":"2 Louse","floor":5.0,"turns":2.0},{"damage":0.0,"enemies":"Large Slime","floor":8.0,"turns":5.0},{"damage":8.0,"enemies":"Gremlin Nob","floor":10.0,"turns":3.0},{"damage":0.0,"enemies":"Blue Slaver","floor":11.0,"turns":2.0},{"damage":0.0,"enemies":"2 Fungi Beasts","floor":12.0,"turns":4.0},{"damage":12.0,"enemies":"Lagavulin","floor":14.0,"turns":6.0},{"damage":15.0,"enemies":"Hexaghost","floor":16.0,"turns":9.0},{"damage":0.0,"enemies":"3 Byrds","floor":18.0,"turns":5.0},{"damage":6.0,"enemies":"Shell Parasite","floor":22.0,"turns":3.0},{"damage":0.0,"enemies":"Centurion and Healer","floor":23.0,"turns":4.0},{"damage":2.0,"enemies":"Slavers","floor":24.0,"turns":3.0},{"damage":0.0,"enemies":"Snake Plant","floor":27.0,"turns":3.0},{"damage":4.0,"enemies":"Snecko","floor":28.0,"turns":4.0},{"damage":3.0,"enemies":"Colosseum Slavers","floor":29.0,"turns":4.0},{"damage":3.0,"enemies":"Colosseum Nobs","floor":29.0,"turns":5.0},{"damage":0.0,"enemies":"3 Cultists","floor":30.0,"turns":5.0},{"damage":0.0,"enemies":"Snake Plant","floor":31.0,"turns":5.0},{"damage":44.0,"enemies":"Champ","floor":33.0,"turns":15.0},{"damage":0.0,"enemies":"3 Shapes","floor":35.0,"turns":4.0},{"damage":0.0,"enemies":"3 Darklings","floor":36.0,"turns":3.0},{"damage":20.0,"enemies":"4 Shapes","floor":38.0,"turns":5.0},{"damage":0.0,"enemies":"Nemesis","floor":40.0,"turns":5.0},{"damage":0.0,"enemies":"Reptomancer","floor":42.0,"turns":3.0},{"damage":22.0,"enemies":"Nemesis","floor":44.0,"turns":5.0},{"damage":0.0,"enemies":"Maw","floor":46.0,"turns":6.0},{"damage":0.0,"enemies":"Jaw Worm Horde","floor":47.0,"turns":4.0},{"damage":0.0,"enemies":"Mind Bloom Boss Battle","floor":48.0,"turns":6.0},{"damage":7.0,"enemies":"Time Eater","floor":50.0,"turns":8.0},{"damage":0.0,"enemies":"Shield and Spear","floor":54.0,"turns":8.0},{"damage":68,"enemies":"The Heart","floor":55,"turns":12}],"seed_played":"3384864883072379069","potions_obtained":[{"floor":2.0,"key":"LiquidBronze"},{"floor":3.0,"key":"GhostInAJar"},{"floor":8.0,"key":"ColorlessPotion"},{"floor":10.0,"key":"Weak Potion"},{"floor":14.0,"key":"SkillPotion"}],"is_trial":false,"path_per_floor":["M","?","M","$","M","R","?","M","T","E","M","M","?","E","R","B",null,"M","?","$","?","M","M","E","R","T","M","M","?","M","M","R","B",null,"M","M","$","M","?","E","R","E","T","E","R","M","M","?","R","B",null,"R","$","E","B"],"character_chosen":"THE_SILENT","items_purchased":["Dagger Throw","Panacea","Turnip","Madness"],"campfire_rested":0,"item_purchase_floors":[37,37,53,53],"current_hp_per_floor":[39,39,37,37,37,37,53,53,53,45,45,45,45,33,33,43,60,60,60,60,60,54,54,52,52,52,52,48,42,42,42,42,22,55,55,55,55,35,35,35,35,35,35,13,13,13,13,38,38,56,64,64,64,64,0,0],"gold":31,"neow_bonus":"THREE_RARE_CARDS","is_daily":false,"chose_seed":false,"campfire_upgraded":7,"win_rate":0.0,"timestamp":1608743409,"path_taken":["M","?","M","?","M","R","?","M","T","E","M","?","?","E","R","BOSS","M","?","$","?","M","M","E","R","T","M","M","?","M","M","R","BOSS","M","M","$","M","?","E","R","E","T","E","R","?","M","?","R","BOSS","R","$","E","BOSS"],"items_purchased_type":["Card","Card","Relic","Card"],"build_version":"2020-12-22","purchased_purges":3,"victory":false,"max_hp_per_floor":[66,66,66,66,66,66,66,66,66,66,66,66,66,66,66,66,66,66,66,66,66,66,66,66,66,66,66,66,66,66,66,66,66,66,66,66,66,66,66,66,66,66,66,66,66,66,66,66,66,66,66,66,66,66,66,66],"card_choices":[{"not_picked":["Night Terror","Tools of the Trade"],"picked":"Phantasmal Killer","floor":0.0},{"not_picked":["Prepared","Dagger Throw"],"picked":"Dash","floor":1.0},{"not_picked":["PiercingWail","Acrobatics"],"picked":"Terror","floor":3.0},{"not_picked":["Acrobatics","Backflip"],"picked":"Dagger Spray","floor":5.0},{"not_picked":["Bouncing Flask","After Image"],"picked":"Backflip","floor":8.0},{"not_picked":["Underhanded Strike","Tactician","Blade Dance"],"picked":"SKIP","floor":10.0},{"not_picked":["Deflect","Dagger Spray","Expertise"],"picked":"SKIP","floor":11.0},{"not_picked":["Deadly Poison","Cloak And Dagger"],"picked":"Acrobatics","floor":12.0},{"not_picked":["Malaise","Acrobatics"],"picked":"Adrenaline","floor":14.0},{"not_picked":["Malaise","Night Terror"],"picked":"Adrenaline","floor":16.0},{"not_picked":["Catalyst","Poisoned Stab","Bane"],"picked":"SKIP","floor":18.0},{"not_picked":["Prepared","Choke","Flechettes"],"picked":"SKIP","floor":22.0},{"not_picked":["Deadly Poison","Backflip"],"picked":"Footwork","floor":23.0},{"not_picked":["Prepared","Bane","Heel Hook"],"picked":"SKIP","floor":24.0},{"not_picked":["Endless Agony","Catalyst"],"picked":"Dodge and Roll+1","floor":27.0},{"not_picked":["Slice","Outmaneuver"],"picked":"Well Laid Plans","floor":28.0},{"not_picked":["Bane","Backstab"],"picked":"Burst","floor":29.0},{"not_picked":["Predator","Prepared"],"picked":"PiercingWail","floor":30.0},{"not_picked":["Sucker Punch","Choke","Prepared+1"],"picked":"SKIP","floor":31.0},{"not_picked":["Unload","Glass Knife"],"picked":"Doppelganger","floor":33.0},{"not_picked":["PiercingWail","Terror+1","Deadly Poison"],"picked":"SKIP","floor":35.0},{"not_picked":["Dodge and Roll","Masterful Stab","Well Laid Plans+1"],"picked":"SKIP","floor":36.0},{"not_picked":["Flying Knee","Acrobatics","Dagger Throw"],"picked":"SKIP","floor":38.0},{"not_picked":["A Thousand Cuts","Bouncing Flask","Outmaneuver+1"],"picked":"SKIP","floor":40.0},{"not_picked":["Reflex","Flechettes"],"picked":"Crippling Poison+1","floor":42.0},{"not_picked":["Quick Slash","Well Laid Plans","Infinite Blades+1"],"picked":"SKIP","floor":44.0},{"not_picked":["Blade Dance","Endless Agony","Dagger Spray"],"picked":"SKIP","floor":46.0},{"not_picked":["Backflip","Dagger Throw","Quick Slash"],"picked":"SKIP","floor":47.0},{"not_picked":["Backflip","Dagger Throw"],"picked":"Quick Slash","floor":47.0},{"not_picked":["Calculated Gamble","Outmaneuver+1"],"picked":"Riddle With Holes+1","floor":48.0},{"not_picked":["Bullet Time","Backflip","Underhanded Strike"],"picked":"SKIP","floor":54.0}],"player_experience":503254,"relics_obtained":[{"floor":9.0,"key":"Pantograph"},{"floor":10.0,"key":"Ninja Scroll"},{"floor":14.0,"key":"Darkstone Periapt"},{"floor":24.0,"key":"Ornamental Fan"},{"floor":29.0,"key":"Incense Burner"},{"floor":29.0,"key":"Kunai"},{"floor":40.0,"key":"Pocketwatch"},{"floor":42.0,"key":"War Paint"},{"floor":43.0,"key":"Ancient Tea Set"},{"floor":44.0,"key":"Tough Bandages"},{"floor":48.0,"key":"Thread and Needle"},{"floor":54.0,"key":"InkBottle"}],"event_choices":[{"damage_healed":0.0,"max_hp_gain":0.0,"max_hp_loss":0.0,"gold_gain":0.0,"event_name":"The Woman in Blue","player_choice":"Bought 1 Potion","floor":2.0,"gold_loss":0.0,"damage_taken":0.0},{"damage_healed":16.0,"max_hp_gain":0.0,"max_hp_loss":0.0,"gold_gain":0.0,"event_name":"The Cleric","player_choice":"Healed","floor":7.0,"gold_loss":35.0,"damage_taken":0.0},{"damage_healed":0.0,"max_hp_gain":0.0,"max_hp_loss":0.0,"gold_gain":0.0,"event_name":"Liars Game","player_choice":"Ignored","floor":13.0,"gold_loss":0.0,"damage_taken":0.0},{"damage_healed":0.0,"max_hp_gain":0.0,"max_hp_loss":0.0,"gold_gain":0.0,"event_name":"Drug Dealer","player_choice":"Inject Mutagens","floor":19.0,"gold_loss":0.0,"damage_taken":0.0,"relics_obtained":["MutagenicStrength"]},{"damage_healed":0.0,"max_hp_gain":0.0,"max_hp_loss":0.0,"gold_gain":0.0,"event_name":"The Library","player_choice":"Read","floor":21.0,"gold_loss":0.0,"damage_taken":0.0,"cards_obtained":["Underhanded Strike"]},{"damage_healed":0.0,"max_hp_gain":0.0,"max_hp_loss":0.0,"gold_gain":0.0,"event_name":"Colosseum","player_choice":"Fight","floor":29.0,"gold_loss":0.0,"damage_taken":0.0},{"damage_healed":0.0,"max_hp_gain":0.0,"max_hp_loss":0.0,"gold_gain":0.0,"event_name":"Colosseum","player_choice":"Fought Nobs","floor":29.0,"gold_loss":0.0,"damage_taken":0.0},{"cards_removed":["Defend_G"],"damage_healed":0.0,"max_hp_gain":0.0,"max_hp_loss":0.0,"gold_gain":0.0,"event_name":"Purifier","player_choice":"Purged","floor":39.0,"gold_loss":0.0,"damage_taken":0.0},{"damage_healed":0.0,"max_hp_gain":0.0,"max_hp_loss":0.0,"gold_gain":0.0,"event_name":"MindBloom","player_choice":"Fight","floor":48.0,"gold_loss":0.0,"damage_taken":0.0}],"is_beta":false,"boss_relics":[{"not_picked":["Busted Crown","Coffee Dripper"],"picked":"Sozu"},{"not_picked":["WristBlade","Velvet Choker"],"picked":"Astrolabe"}],"items_purged_floors":[4,20,37],"is_endless":false,"potions_floor_spawned":[3,8,10,14,24,28,29,31,42,44,48],"killed_by":"The Heart","ascension_level":17}}