{"host":"gluah3fg3437e73p","time":1608742396,"event":{"mods":["AchievementEnabler","Act Like it!","BaseMod","Hallownest","Highlight Path","Minty Spire (QoL Compilation)","StSLib"],"gold_per_floor":[215,232,232,232,249,281,281,49,49,49,49,79,4,18,18,122,122,138,48,48,48,64,90,90,105,128,179,192,660,675,689,689,793,793,809,259,259,179,191,221,136,171,196,71,87,97,131,143,143,143,143,143,39,71,71],"floor_reached":56,"playtime":7222,"items_purged":["Writhe","Strike_R","Strike_R"],"score":1359,"play_id":"94854fb9-248c-4c06-a8cd-6f5162140076","local_time":"20201224005316","is_ascension_mode":true,"campfire_choices":[{"floor":7.0,"key":"RECALL"},{"data":"Rage","floor":10.0,"key":"SMITH"},{"data":"Juggernaut","floor":15.0,"key":"SMITH"},{"data":"Barricade","floor":24.0,"key":"SMITH"},{"data":"Armaments","floor":32.0,"key":"SMITH"},{"data":"Hallownest:attackMasterDashSlash","floor":49.0,"key":"SMITH"},{"data":"Armaments","floor":52.0,"key":"SMITH"}],"circlet_count":0,"master_deck":["Strike_R","Strike_R","Strike_R","Defend_R","Defend_R","Defend_R+1","Defend_R+1","Bash","Intimidate","Rage+1","Sever Soul","Reaper","Juggernaut+1","Hallownest:skillGreenpathMap","Spot Weakness","Barricade+1","Feel No Pain","Cleave","Uppercut+1","Ghostly Armor","Armaments+1","Headbutt+1","Immolate","Inflame","Body Slam","Hallownest:attackMasterDashSlash+1","Armaments+1","Entrench","Hallownest:skillKingdomsEdgeMap","Whirlwind+1","Flame Barrier","Bloodletting+1","Berserk","Spot Weakness+1","Shrug It Off","Body Slam","Heavy Blade"],"relics":["Burning Blood","Hallownest:DreamNailRelic","White Beast Statue","Lee\u0027s Waffle","War Paint","Snecko Eye","Hallownest:StagBellRelic1","Red Mask","Hallownest:WatcherSealRelic","Pear","Omamori","Black Star","Happy Flower","Meat on the Bone","CaptainsWheel","Vajra","Ginger","Bottled Tornado","Oddly Smooth Stone","Orichalcum","Nunchaku","Incense Burner","Boot"],"acts_visited":["Exordium","Hallownest:Greenpath","Hallownest:CityofTears","TheEnding"],"potions_floor_usage":[54,55,55],"damage_taken":[{"damage":1.0,"enemies":"Hallownest:monsterHuskWarrior","floor":1.0,"turns":3.0},{"damage":5.0,"enemies":"Hallownest:2_Baldur","floor":2.0,"turns":4.0},{"damage":18.0,"enemies":"Hallownest:monsterHuskGuard","floor":5.0,"turns":4.0},{"damage":21.0,"enemies":"Hallownest:eliteMossKnight","floor":6.0,"turns":14.0},{"damage":21.0,"enemies":"Hallownest:eliteVengeflyKing","floor":12.0,"turns":10.0},{"damage":2.0,"enemies":"Hallownest:monsterMossCharger","floor":14.0,"turns":6.0},{"damage":35.0,"enemies":"Hallownest:BossBrokenVessel","floor":16.0,"turns":12.0},{"damage":13.0,"enemies":"Hallownest:Guard_and_Sentry","floor":18.0,"turns":6.0},{"damage":1.0,"enemies":"Hallownest:Flukemon_and_Top","floor":22.0,"turns":4.0},{"damage":22.0,"enemies":"Hallownest:eliteWatcherKnight","floor":23.0,"turns":13.0},{"damage":13.0,"enemies":"Hallownest:2_Flukemon","floor":25.0,"turns":6.0},{"damage":18.0,"enemies":"Hallownest:Glutton_and_Coward","floor":27.0,"turns":5.0},{"damage":15.0,"enemies":"Hallownest:Master_and_Novice","floor":28.0,"turns":5.0},{"damage":2.0,"enemies":"Hallownest:Warrior_and_Youth","floor":30.0,"turns":7.0},{"damage":4.0,"enemies":"Hallownest:2_Flukemon","floor":31.0,"turns":7.0},{"damage":2.0,"enemies":"Hallownest:BossGrimm","floor":33.0,"turns":7.0},{"damage":30.0,"enemies":"Hallownest:3_Siblings","floor":35.0,"turns":6.0},{"damage":31.0,"enemies":"Hallownest:2_Littles","floor":39.0,"turns":4.0},{"damage":4.0,"enemies":"Hallownest:eliteCollector","floor":40.0,"turns":6.0},{"damage":2.0,"enemies":"Hallownest:StalkingDevout","floor":42.0,"turns":7.0},{"damage":0.0,"enemies":"Hallownest:monsterPrimalAspid","floor":45.0,"turns":3.0},{"damage":6.0,"enemies":"Hallownest:2_Wing_and_1_Kings","floor":46.0,"turns":5.0},{"damage":9.0,"enemies":"Hallownest:eliteCollector","floor":47.0,"turns":9.0},{"damage":5.0,"enemies":"Hallownest:2_Great","floor":48.0,"turns":5.0},{"damage":15.0,"enemies":"Hallownest:Radiance","floor":50.0,"turns":10.0},{"damage":56,"enemies":"Shield and Spear","floor":54,"turns":8},{"damage":36,"enemies":"The Heart","floor":55,"turns":11}],"seed_played":"-7939969479158431930","potions_obtained":[{"floor":1.0,"key":"BlessingOfTheForge"},{"floor":5.0,"key":"ElixirPotion"},{"floor":12.0,"key":"FearPotion"},{"floor":16.0,"key":"BlessingOfTheForge"},{"floor":18.0,"key":"Strength Potion"},{"floor":23.0,"key":"Weak Potion"},{"floor":25.0,"key":"Dexterity Potion"},{"floor":30.0,"key":"BloodPotion"},{"floor":33.0,"key":"Fruit Juice"},{"floor":35.0,"key":"EssenceOfSteel"},{"floor":39.0,"key":"SneckoOil"},{"floor":40.0,"key":"GamblersBrew"},{"floor":42.0,"key":"FearPotion"},{"floor":46.0,"key":"LiquidMemories"},{"floor":47.0,"key":"BlessingOfTheForge"},{"floor":54,"key":"Fire Potion"}],"is_trial":false,"path_per_floor":["M","M","?","?","M","E","R","$","T","R","?","E","?","M","R","B",null,"M","?","?","?","M","E","R","M","T","M","M","?","M","M","R","B",null,"M","$","?","?","M","E","?","E","T","$","M","M","E","M","R","B",null,"R","$","E","B",null],"character_chosen":"IRONCLAD","items_purchased":["Lee\u0027s Waffle","Happy Flower","Body Slam","Meat on the Bone","Shrug It Off","Body Slam"],"campfire_rested":0,"item_purchase_floors":[8,36,36,36,53,53],"current_hp_per_floor":[80,80,90,90,78,63,63,97,97,97,97,94,94,97,97,76,97,94,94,94,94,97,103,103,100,100,96,91,91,95,107,107,107,107,100,100,100,100,75,77,77,102,102,102,107,107,104,105,105,105,107,107,107,78,71],"gold":71,"neow_bonus":"HUNDRED_GOLD","is_daily":false,"chose_seed":false,"campfire_upgraded":6,"win_rate":0.0,"timestamp":1608742396,"path_taken":["M","M","?","?","?","E","R","$","T","R","?","E","?","M","R","BOSS","M","?","?","?","M","E","R","M","T","?","M","?","M","M","R","BOSS","M","$","?","?","M","E","?","E","T","$","?","?","E","M","R","BOSS","R","$","E","BOSS"],"items_purchased_type":["Relic","Relic","Card","Relic","Card","Card"],"build_version":"2020-12-22","purchased_purges":3,"victory":true,"max_hp_per_floor":[80,80,90,90,90,90,90,97,97,97,97,97,97,97,97,97,97,97,97,97,97,97,107,107,107,107,107,107,107,107,107,107,107,107,112,112,107,107,107,107,107,107,107,107,107,107,107,107,107,107,107,107,107,107,107],"card_choices":[{"not_picked":["Disarm","Iron Wave"],"picked":"Intimidate","floor":1.0},{"not_picked":["True Grit","Headbutt"],"picked":"Rage","floor":2.0},{"not_picked":["Combust","Pommel Strike"],"picked":"Sever Soul","floor":5.0},{"not_picked":["Body Slam","Dropkick"],"picked":"Reaper","floor":6.0},{"not_picked":["Headbutt","Combust"],"picked":"Juggernaut","floor":12.0},{"not_picked":["Body Slam","Havoc"],"picked":"Spot Weakness","floor":14.0},{"not_picked":["Berserk","Fiend Fire"],"picked":"Barricade","floor":16.0},{"not_picked":["Flex","Hemokinesis","Wild Strike"],"picked":"SKIP","floor":18.0},{"not_picked":["Clothesline","True Grit"],"picked":"Feel No Pain","floor":22.0},{"not_picked":["Thunderclap","Dropkick"],"picked":"Cleave","floor":23.0},{"not_picked":["Havoc","Wild Strike"],"picked":"Uppercut+1","floor":25.0},{"not_picked":["Flex","Wild Strike+1"],"picked":"Ghostly Armor","floor":27.0},{"not_picked":["Pommel Strike","Combust"],"picked":"Armaments","floor":28.0},{"not_picked":["Rupture","Hemokinesis","Twin Strike"],"picked":"SKIP","floor":30.0},{"not_picked":["Twin Strike+1","Perfected Strike"],"picked":"Headbutt+1","floor":31.0},{"not_picked":["Corruption","Exhume"],"picked":"Immolate","floor":33.0},{"not_picked":["Clash+1","Thunderclap+1"],"picked":"Inflame","floor":35.0},{"not_picked":["Flex+1","Reckless Charge"],"picked":"Armaments","floor":39.0},{"not_picked":["Havoc+1","Flex+1"],"picked":"Entrench","floor":40.0},{"not_picked":["Twin Strike+1","Pommel Strike"],"picked":"Whirlwind+1","floor":42.0},{"not_picked":["Rage+1","Flex"],"picked":"Flame Barrier","floor":45.0},{"not_picked":["Uppercut+1","Headbutt+1"],"picked":"Bloodletting+1","floor":46.0},{"not_picked":["Warcry+1","Hemokinesis"],"picked":"Berserk","floor":47.0},{"not_picked":["Warcry","Dark Embrace"],"picked":"Spot Weakness+1","floor":48.0},{"not_picked":["Flex","Armaments+1"],"picked":"Heavy Blade","floor":54}],"player_experience":75299,"relics_obtained":[{"floor":6.0,"key":"White Beast Statue"},{"floor":12.0,"key":"War Paint"},{"floor":23.0,"key":"Pear"},{"floor":26.0,"key":"Omamori"},{"floor":40.0,"key":"CaptainsWheel"},{"floor":40.0,"key":"Vajra"},{"floor":42.0,"key":"Ginger"},{"floor":42.0,"key":"Bottled Tornado"},{"floor":43.0,"key":"Oddly Smooth Stone"},{"floor":47.0,"key":"Orichalcum"},{"floor":47.0,"key":"Nunchaku"},{"floor":54,"key":"Incense Burner"},{"floor":54,"key":"Boot"}],"event_choices":[],"is_beta":false,"boss_relics":[{"not_picked":["Mark of Pain","Coffee Dripper"],"picked":"Snecko Eye"},{"not_picked":["Busted Crown","Sozu"],"picked":"Black Star"}],"items_purged_floors":[8,36,44],"is_endless":false,"potions_floor_spawned":[1,5,12,14,16,18,22,23,25,27,28,30,31,33,35,39,40,42,45,46,47,48,54],"ascension_level":1}}