{"host":"uuxww4b5od0o4ivw","time":1608708949,"event":{"mods":["BaseMod","Downfall","Minty Spire (QoL Compilation)","StSLib"],"gold_per_floor":[111,140,172,169,281,293,305,332,444,466,492,504,516,548,575,689,701,713,735,747,759,759,759],"floor_reached":21,"playtime":1000,"items_purged":[],"score":171,"play_id":"c7001444-9878-4328-8d92-320e19444b8c","local_time":"20201222213549","is_ascension_mode":false,"campfire_choices":[{"data":"Slimebound:CorrosiveSpit","floor":1,"key":"SMITH"},{"floor":12,"key":"REST"},{"floor":13,"key":"REST"},{"data":"Slimebound:AcidTongue","floor":18,"key":"SMITH"}],"circlet_count":0,"master_deck":["Slimebound:Strike_Slimebound","Slimebound:Strike_Slimebound","Slimebound:Strike_Slimebound","Slimebound:Tackle","Slimebound:Defend_Slimebound","Slimebound:Defend_Slimebound","Slimebound:Defend_Slimebound","Slimebound:Defend_Slimebound","Slimebound:Split","Slimebound:CorrosiveSpit+1","Slimebound:AcidTongue+1","Slimebound:SplitMire","Slimebound:Gluttony","Slimebound:LevelUp","Slimebound:ItLooksTasty","Slimebound:ProtectTheBoss","Slimebound:SplitBruiser","Slimebound:MinionMaster","Slimebound:Schlurp+1"],"relics":["Slimebound:AbsorbEndCombat","MawBank","WingedGreaves","Toy Ornithopter","Black Star"],"acts_visited":["Exordium","TheCity"],"potions_floor_usage":[16,16,16],"damage_taken":[{"damage":6,"enemies":"2 Louse","floor":2,"turns":3},{"damage":4,"enemies":"Small Slimes","floor":3,"turns":3},{"damage":4,"enemies":"downfall:FleeingMerchant","floor":4,"turns":4},{"damage":12,"enemies":"Cultist","floor":8,"turns":3},{"damage":45,"enemies":"downfall:LadyInBlue","floor":9,"turns":11},{"damage":30,"enemies":"Exordium Wildlife","floor":10,"turns":5},{"damage":18,"enemies":"Blue Slaver","floor":11,"turns":4},{"damage":43,"enemies":"Exordium Thugs","floor":14,"turns":5},{"damage":12,"enemies":"2 Fungi Beasts","floor":15,"turns":4},{"damage":53,"enemies":"downfall:Ironclad","floor":16,"turns":9},{"damage":36,"enemies":"Shell Parasite","floor":19,"turns":7},{"damage":57,"enemies":"Shelled Parasite and Fungi","floor":21,"turns":4}],"seed_played":"3012296880232425392","potions_obtained":[{"floor":2,"key":"Explosive Potion"},{"floor":8,"key":"GamblersBrew"},{"floor":9,"key":"SpeedPotion"},{"floor":9,"key":"PowerPotion"},{"floor":16,"key":"Slimebound:SlimedPotion"}],"is_trial":false,"path_per_floor":["R","M","M","$","?","?","T","M","?","M","M","R","R","M","M","B",null,"R","M","?","M"],"character_chosen":"SLIMEBOUND","items_purchased":[],"campfire_rested":2,"item_purchase_floors":[],"current_hp_per_floor":[60,58,60,60,60,57,57,58,41,27,21,39,57,32,32,22,60,60,44,44,0,0,0],"gold":759,"neow_bonus":"RANDOM_COMMON_RELIC","is_daily":false,"chose_seed":false,"campfire_upgraded":2,"win_rate":0.0,"timestamp":1608708949,"path_taken":["R","M","M","$","?","?","T","M","?","M","?","R","R","M","M","BOSS","R","M","?","M"],"items_purchased_type":[],"build_version":"2020-12-22","purchased_purges":0,"victory":false,"max_hp_per_floor":[60,60,60,60,60,60,60,60,60,60,60,60,60,60,60,60,60,60,60,60,60,60,60],"card_choices":[{"not_picked":["Slimebound:ProtectTheBoss","Slimebound:FlameTackle","Slimebound:GrowthPunch"],"picked":"SKIP","floor":2},{"not_picked":["Slimebound:Replication","Slimebound:GrowthPunch"],"picked":"Slimebound:AcidTongue","floor":3},{"not_picked":["Slimebound:Repurpose","Slimebound:ComboTackle"],"picked":"Slimebound:SplitMire","floor":4},{"not_picked":["Slimebound:SlimeBrawl","Slimebound:SplitBruiser"],"picked":"Slimebound:Gluttony","floor":8},{"not_picked":["Slimebound:FirmFortitude","Slimebound:RollThrough"],"picked":"Slimebound:LevelUp","floor":10},{"not_picked":["Slimebound:SplitAcid","Slimebound:SplitMire"],"picked":"Slimebound:ItLooksTasty","floor":11},{"not_picked":["Slimebound:RollThrough","Slimebound:SplitAcid"],"picked":"Slimebound:ProtectTheBoss","floor":14},{"not_picked":["Slimebound:ComboTackle","Slimebound:WasteNot"],"picked":"Slimebound:SplitBruiser","floor":15},{"not_picked":["Slimebound:Teamwork","Slimebound:LeechLife"],"picked":"Slimebound:MinionMaster","floor":16},{"not_picked":["Slimebound:RollThrough","Slimebound:Prepare"],"picked":"Slimebound:Schlurp+1","floor":19}],"player_experience":51962,"relics_obtained":[{"floor":9,"key":"Toy Ornithopter"}],"event_choices":[{"damage_healed":0,"gold_gain":0,"player_choice":"Success","damage_taken":3,"relics_obtained":["WingedGreaves"],"max_hp_gain":0,"max_hp_loss":0,"event_name":"Scrap Ooze","floor":6,"gold_loss":0},{"damage_healed":0,"gold_gain":0,"player_choice":"Ignored","damage_taken":0,"max_hp_gain":0,"max_hp_loss":0,"event_name":"Ghosts","floor":20,"gold_loss":0}],"is_beta":false,"boss_relics":[{"not_picked":["Busted Crown","Runic Dome"],"picked":"Black Star"}],"items_purged_floors":[],"is_endless":false,"potions_floor_spawned":[2,8,14,16],"killed_by":"Shelled Parasite and Fungi","ascension_level":0}}