{"host":"gdt3r9fmwl0zcuhi","time":1608692688,"event":{"mods":["Aspiration","BaseMod","Better Altar","Better Match","Better Note","Better Third Choice","Better Vampires","BetterRewards","Card Forge","ChefMod","Clockwork Mod","Conspire","Downfall","Energized Spire","Gremlin Mod","GungeonMod","Hermit","Highlight Path","Hubris","Jedi Mod","Mimic Mod","Minty Spire (QoL Compilation)","Permanent Neow","Potionbrewer","Relic Sorter","Replay The Spire","Shedinja","Shop Mod","Spicy Shops","Spikes Relics","Spire Birthday Party","StSLib","Thieving Mod","Unceasing Turn Reminder","everything is the same but u backflip on backflip","slay the spire mod where everything is the same but ironclad has a cowboy hat","themimic","vexMod"],"gold_per_floor":[110,110,121,25,45,62,91,91,116,116,127,144,144,33,33,135,801,818,831,831,831,843,873,873,873,873],"floor_reached":25,"playtime":4609,"items_purged":["Decay"],"score":213,"play_id":"cf65a871-f78f-495f-8d9f-64a1360f4826","local_time":"20201222220448","is_ascension_mode":false,"campfire_choices":[{"data":"DemoMod:LifeOrb","floor":8.0,"key":"SMITH"},{"data":"DemoMod:ZorGun","floor":10.0,"key":"SMITH"},{"data":"DemoMod:ZorGun","floor":13.0,"key":"SMITH"},{"data":"DemoMod:ManualReload","floor":15.0,"key":"SMITH"},{"floor":24,"key":"RECALL"}],"circlet_count":0,"master_deck":["DemoMod:Strike_Huntress","DemoMod:Strike_Huntress","DemoMod:Strike_Huntress","DemoMod:Defend_Huntress","DemoMod:Defend_Huntress","DemoMod:Defend_Huntress","DemoMod:Defend_Huntress","DemoMod:Roll","DemoMod:ManualReload+1","DemoMod:RustySidearm","DemoMod:CrossBow","DemoMod:ZorGun+1","DemoMod:ZorGun+1","Bandage Up","DemoMod:StrategicReserve","DemoMod:LifeOrb+1","DemoMod:MachoBrace","DemoMod:FastSwitch","DemoMod:Replace","DemoMod:MachoBrace","DemoMod:MachoBrace","DemoMod:Eureka+1","DemoMod:CursedBullets","DemoMod:Evolver","DemoMod:AbyssalTentacle+1","DemoMod:Behold!"],"relics":["Hammer of Thor","Seething Fire","Anvil of the Gods","hubris:ScarierMask","Odd Mushroom","Akabeko","vexMod:RockOfEvil","NlothsMask","conspire:GiftBox"],"acts_visited":["Exordium","TheCity"],"potions_floor_usage":[23,25],"damage_taken":[{"damage":1.0,"enemies":"conspire:RoseBush","floor":1.0,"turns":5.0},{"damage":5.0,"enemies":"Cultist","floor":3.0,"turns":4.0},{"damage":0.0,"enemies":"Small Slimes","floor":5.0,"turns":2.0},{"damage":10.0,"enemies":"3 Louse","floor":6.0,"turns":3.0},{"damage":3.0,"enemies":"The Mushroom Lair","floor":7.0,"turns":3.0},{"damage":7.0,"enemies":"Red Slaver","floor":11.0,"turns":3.0},{"damage":7.0,"enemies":"Exordium Thugs","floor":12.0,"turns":3.0},{"damage":18.0,"enemies":"Hexaghost","floor":16.0,"turns":9.0},{"damage":10.0,"enemies":"conspire:FuzzyDice","floor":18.0,"turns":2.0},{"damage":0.0,"enemies":"3 Byrds","floor":19.0,"turns":3.0},{"damage":11.0,"enemies":"Snecko","floor":22.0,"turns":5.0},{"damage":11,"enemies":"Book of Stabbing","floor":23,"turns":3},{"damage":44,"enemies":"Gremlin Leader","floor":25,"turns":7}],"seed_played":"8271932145029560941","potions_obtained":[{"floor":3.0,"key":"jedi:holywater"},{"floor":7.0,"key":"jedi:StrikingPotion"},{"floor":12.0,"key":"Adrenaline Potion"},{"floor":16.0,"key":"FearPotion"},{"floor":19.0,"key":"EssenceOfSteel"}],"is_trial":false,"path_per_floor":["M","?","M","$","M","M","?","R","T","R","M","M","R","$","R","B",null,"M","M","?","?","M","E","R","E"],"character_chosen":"HUNTRESS","items_purchased":["Bandage Up","DemoMod:MachoBrace"],"campfire_rested":0,"item_purchase_floors":[4,14],"current_hp_per_floor":[69,69,64,64,68,62,63,63,63,63,60,57,57,57,57,43,70,60,64,64,64,53,46,46,6,6],"gold":873,"neow_bonus":"BOSS_RELIC","is_daily":false,"chose_seed":false,"campfire_upgraded":4,"win_rate":0.0,"timestamp":1608692688,"path_taken":["M","?","M","$","M","?","?","R","T","R","M","M","R","$","R","BOSS","M","M","?","?","?","E","R","E"],"items_purchased_type":["Card","Card"],"build_version":"2020-12-13","purchased_purges":1,"victory":false,"max_hp_per_floor":[70,70,70,70,70,70,70,70,70,70,70,70,70,70,70,70,70,70,70,70,70,70,70,70,70,70],"card_choices":[{"not_picked":["DemoMod:JK47","DemoMod:ConditionalReflex"],"picked":"DemoMod:ZorGun","floor":1.0},{"not_picked":["DemoMod:DirectionalPad","DemoMod:StickyCrossBow"],"picked":"DemoMod:ZorGun","floor":3.0},{"not_picked":["DemoMod:StickyCrossBow","DemoMod:TeaPot"],"picked":"DemoMod:StrategicReserve","floor":5.0},{"not_picked":["DemoMod:JK47","DemoMod:Unmoved"],"picked":"DemoMod:LifeOrb","floor":6.0},{"not_picked":["DemoMod:HuntsMan","DemoMod:FeignSurrender"],"picked":"DemoMod:MachoBrace","floor":7.0},{"not_picked":["DemoMod:HuntsMan","DemoMod:SAA"],"picked":"DemoMod:FastSwitch","floor":11.0},{"not_picked":["DemoMod:TableSutra","DemoMod:ProbeStrike"],"picked":"DemoMod:Replace","floor":12.0},{"not_picked":["DemoMod:Desperate","DemoMod:BSG"],"picked":"DemoMod:Eureka","floor":16.0},{"not_picked":["DemoMod:HuntsMan","DemoMod:AWP"],"picked":"DemoMod:CursedBullets","floor":18.0},{"not_picked":["DemoMod:BattleInHaste+1","DemoMod:SniperShot"],"picked":"DemoMod:Evolver","floor":19.0},{"not_picked":["DemoMod:Purify","DemoMod:MachoBrace+1"],"picked":"DemoMod:AbyssalTentacle+1","floor":22},{"not_picked":["DemoMod:DarkMarker","DemoMod:BlackHoleGun"],"picked":"DemoMod:Behold!","floor":23},{"not_picked":["DemoMod:HardPowerCard+1","DemoMod:TripleGun","DemoMod:AC15"],"picked":"SKIP","floor":23}],"player_experience":5533178,"relics_obtained":[{"floor":7.0,"key":"Odd Mushroom"},{"floor":9.0,"key":"Akabeko"},{"floor":23,"key":"conspire:GiftBox"}],"event_choices":[{"damage_healed":0.0,"max_hp_gain":0.0,"max_hp_loss":0.0,"gold_gain":0.0,"event_name":"Wheel of Change","player_choice":"Cursed","floor":2.0,"gold_loss":0.0,"damage_taken":0.0,"cards_obtained":["Decay"]},{"damage_healed":0.0,"max_hp_gain":0.0,"max_hp_loss":0.0,"gold_gain":0.0,"event_name":"Mushrooms","player_choice":"Fought Mushrooms","floor":7.0,"gold_loss":0.0,"damage_taken":0.0},{"damage_healed":0.0,"max_hp_gain":0.0,"max_hp_loss":0.0,"gold_gain":0.0,"event_name":"Accursed Blacksmith","player_choice":"Forge","floor":20.0,"gold_loss":0.0,"damage_taken":0.0,"cards_upgraded":["DemoMod:Eureka"]},{"damage_healed":0.0,"max_hp_gain":0.0,"max_hp_loss":0.0,"gold_gain":0.0,"event_name":"FaceTrader","player_choice":"Trade","floor":21.0,"gold_loss":0.0,"damage_taken":0.0,"relics_obtained":["NlothsMask"]}],"is_beta":false,"boss_relics":[{"not_picked":["vexMod:EndlessSickness","Kintsugi"],"picked":"vexMod:RockOfEvil"}],"items_purged_floors":[14],"is_endless":false,"potions_floor_spawned":[3,7,12,16,18,19,22],"killed_by":"Gremlin Leader","ascension_level":0}}