{"host":"8aazbu429xvxw5ti","time":1608699272,"event":{"mods":["2.2 Compatiblity","BaseMod","Colored Map","DeckTracker","Highlight Path","Keyboard Shortcuts","Minty Spire (QoL Compilation)","Permanent Neow","Quick Restart","StSLib","SuperFastMode","everything is the same but u backflip on backflip"],"gold_per_floor":[119,129,148,73,88,119,119,132,132,161,14,32,64,78,78,177,177,177],"floor_reached":17,"playtime":517,"items_purged":["Defend_R","Defend_R"],"score":269,"play_id":"1a37a09a-d3fc-4d46-a92d-050ea5ceb793","local_time":"20201223135432","is_ascension_mode":true,"campfire_choices":[{"data":"Perfected Strike","floor":7.0,"key":"SMITH"},{"floor":15.0,"key":"REST"}],"circlet_count":0,"master_deck":["AscendersBane","Strike_R","Strike_R","Strike_R","Strike_R","Strike_R","Defend_R","Defend_R","Bash","Perfected Strike+1","Pommel Strike","Headbutt","Pommel Strike","Thunderclap","Perfected Strike","Impervious"],"relics":["Burning Blood","Toy Ornithopter","Oddly Smooth Stone","Kunai","Magic Flower"],"acts_visited":["Exordium","TheCity"],"potions_floor_usage":[16],"damage_taken":[{"damage":0.0,"enemies":"Small Slimes","floor":1.0,"turns":3.0},{"damage":1.0,"enemies":"Cultist","floor":2.0,"turns":4.0},{"damage":12.0,"enemies":"Jaw Worm","floor":3.0,"turns":3.0},{"damage":35.0,"enemies":"Gremlin Gang","floor":5.0,"turns":4.0},{"damage":30.0,"enemies":"Lagavulin","floor":6.0,"turns":6.0},{"damage":13.0,"enemies":"Exordium Wildlife","floor":8.0,"turns":3.0},{"damage":16.0,"enemies":"Gremlin Nob","floor":10.0,"turns":3.0},{"damage":0.0,"enemies":"Large Slime","floor":12.0,"turns":4.0},{"damage":40.0,"enemies":"Lagavulin","floor":13.0,"turns":5.0},{"damage":3.0,"enemies":"2 Fungi Beasts","floor":14.0,"turns":2.0},{"damage":46,"enemies":"The Guardian","floor":16,"turns":5}],"seed_played":"845165460192150170","potions_obtained":[{"floor":1.0,"key":"FairyPotion"},{"floor":3.0,"key":"Weak Potion"},{"floor":13.0,"key":"ColorlessPotion"},{"floor":16,"key":"SmokeBomb"}],"is_trial":false,"path_per_floor":["M","M","M","$","M","E","R","M","T","E","$","M","E","M","R","B",null],"character_chosen":"IRONCLAD","items_purchased":["Thunderclap"],"campfire_rested":1,"item_purchase_floors":[11],"current_hp_per_floor":[78,80,74,74,45,26,26,19,19,9,9,15,10,16,40,11,63,63],"gold":177,"neow_bonus":"RANDOM_COMMON_RELIC","is_daily":false,"chose_seed":false,"campfire_upgraded":1,"win_rate":0.0,"timestamp":1608699272,"path_taken":["M","M","M","$","M","E","R","M","T","E","$","M","E","M","R","BOSS"],"items_purchased_type":["Card"],"build_version":"2020-12-22","purchased_purges":2,"victory":false,"max_hp_per_floor":[80,80,80,80,80,80,80,80,80,80,80,80,80,80,80,80,80,80],"card_choices":[{"not_picked":["Spot Weakness","Heavy Blade","Infernal Blade"],"picked":"SKIP","floor":1.0},{"not_picked":["Pommel Strike","Disarm","Clash"],"picked":"SKIP","floor":2.0},{"not_picked":["Havoc","Perfected Strike","Shrug It Off"],"picked":"SKIP","floor":3.0},{"not_picked":["Havoc","Shrug It Off"],"picked":"Perfected Strike","floor":3.0},{"not_picked":["Body Slam","Inflame"],"picked":"Pommel Strike","floor":5.0},{"not_picked":["Intimidate","Armaments","Clothesline"],"picked":"SKIP","floor":6.0},{"not_picked":["Shrug It Off","Pummel"],"picked":"Headbutt","floor":8.0},{"not_picked":["Limit Break","Power Through"],"picked":"Pommel Strike","floor":10.0},{"not_picked":["Pommel Strike","Sentinel"],"picked":"Perfected Strike","floor":12.0},{"not_picked":["Anger","Clothesline","Metallicize"],"picked":"SKIP","floor":13.0},{"not_picked":["Heavy Blade","Sever Soul","Clothesline"],"picked":"SKIP","floor":14.0},{"not_picked":["Barricade","Limit Break"],"picked":"Impervious","floor":16}],"player_experience":433318,"relics_obtained":[{"floor":6.0,"key":"Oddly Smooth Stone"},{"floor":10.0,"key":"Kunai"},{"floor":13.0,"key":"Magic Flower"}],"event_choices":[],"is_beta":false,"boss_relics":[{"not_picked":[]}],"items_purged_floors":[4,11],"is_endless":false,"potions_floor_spawned":[1,3,13,16],"ascension_level":10}}