{"host":"i9wanet4r0ff4t9y","time":1608733913,"event":{"mods":["2.2 Compatiblity","Act Like it!","BaseMod","Bestiary","Better Altar","Better Match","Better Note","Better Sensory Stone","Better Skull","Better Third Choice","Better Vampires","BetterRewards","CapriCore","Curses Come First","Downfall","Minty Spire (QoL Compilation)","Quick Restart","READ ME - Guardian Mod","READ ME - Snecko Mod","Relic Stats","Replay The Spire","Say the Spire","Spicy Shops","StSLib","The Disciple","Waifu the Spire"],"gold_per_floor":[110,126,401,414,430,430,464,464,464,497,509,509,509,519,519,617,617,632,643,657,667,14,14,49,70,70,70,79,79,97,121,121,234,243,268,268,295,76,102,141,166,166,166,166,225,252,287,296,296,296,296,296,9,53,53],"floor_reached":56,"playtime":2082,"items_purged":["Writhe"],"score":1492,"play_id":"77ea3b96-4bd8-4677-a458-0300b8e1f099","local_time":"20201223153153","is_ascension_mode":false,"campfire_choices":[{"floor":6.0,"key":"REST"},{"floor":8.0,"key":"RECALL"},{"data":"Armaments","floor":12.0,"key":"SMITH"},{"data":"Life Link","floor":15.0,"key":"SMITH"},{"data":"ReplayTheSpireMod:Limb From Limb","floor":23.0,"key":"SMITH"},{"data":"Demon Form","floor":27.0,"key":"SMITH"},{"data":"Reaper","floor":32.0,"key":"SMITH"},{"floor":42.0,"key":"REST"},{"floor":49.0,"key":"DIG"},{"data":"expansioncontent:DashGenerateEvil","floor":52.0,"key":"SMITH"}],"circlet_count":0,"master_deck":["Strike_R","Strike_R","Strike_R","Strike_R","Strike_R","Defend_R","Defend_R","Defend_R","Panache","Dramatic Entrance","Flex+1","Armaments+1","ReplayTheSpireMod:Limb From Limb+1","Dropkick","Regret","Fire Breathing","Life Link+1","Rupture","Survivor","Neutralize","Iron Wave","Demon Form+1","ReplayTheSpireMod:LeadingStrike","ReplayTheSpireMod:Limb From Limb","Thunderclap+1","Shockwave","Doubt","expansioncontent:DashGenerateEvil+1","ReplayReversal+1","Havoc+1","Alpha+1","Slimebound:CheckThePlaybook","Slimebound:Icky","Reaper+1","Berserk","CurseOfTheBell","Heavy Blade+1","Spot Weakness+1","Impervious+1","Twin Strike+1","Run Through+1","Hemogenesis","Thunderclap","Flame Barrier+1","Writhe","Entrench+1","Entrench+1","Feel No Pain","Rage+1"],"relics":["Burning Blood","Darkstone Periapt","Iron Hammer","Chemical X","HandDrill","Blue Doll","Replay:Bottled Snecko","Lantern","Replay:Ringing Soul","Pondfish Scales","ChewingGum","ReplayTheSpireMod:CursedCoin","Toolbox","CeramicFish","Blue Candle","ReplayTheSpireMod:Spearhead","Vajra","Calling Bell","Toxic Egg 2","Magic Flower","Replay:Mystery Machine","ClockworkSouvenir","WingedGreaves","Happy Flower","InkBottle","Mango","HornCleat","Pocketwatch","Mummified Hand","Paper Frog"],"acts_visited":["Exordium","TheCity","TheBeyond","TheEnding"],"potions_floor_usage":[55],"damage_taken":[{"damage":0.0,"enemies":"Cultist","floor":1.0,"turns":3.0},{"damage":0.0,"enemies":"2 Louse","floor":2.0,"turns":2.0},{"damage":0.0,"enemies":"Small Slimes","floor":4.0,"turns":1.0},{"damage":20.0,"enemies":"Exordium Thugs","floor":5.0,"turns":4.0},{"damage":9.0,"enemies":"Lagavulin","floor":7.0,"turns":5.0},{"damage":12.0,"enemies":"Replay:BlueRogue","floor":10.0,"turns":4.0},{"damage":0.0,"enemies":"2 Fungi Beasts","floor":11.0,"turns":2.0},{"damage":0.0,"enemies":"3 Louse","floor":14.0,"turns":1.0},{"damage":34.0,"enemies":"Hexaghost","floor":16.0,"turns":11.0},{"damage":0.0,"enemies":"2 Thieves","floor":18.0,"turns":1.0},{"damage":9.0,"enemies":"3 Byrds","floor":19.0,"turns":5.0},{"damage":23.0,"enemies":"Centurion and Healer","floor":20.0,"turns":4.0},{"damage":8.0,"enemies":"Snake Plant","floor":21.0,"turns":3.0},{"damage":27.0,"enemies":"Replay:Snechameleon","floor":24.0,"turns":9.0},{"damage":2.0,"enemies":"3 Cultists","floor":25.0,"turns":3.0},{"damage":7.0,"enemies":"Shelled Parasite and Fungi","floor":31.0,"turns":3.0},{"damage":70.0,"enemies":"Automaton","floor":33.0,"turns":7.0},{"damage":13.0,"enemies":"Orb Walker","floor":35.0,"turns":3.0},{"damage":19.0,"enemies":"3 Darklings","floor":37.0,"turns":2.0},{"damage":40.0,"enemies":"Transient","floor":39.0,"turns":5.0},{"damage":55.0,"enemies":"Nemesis","floor":40.0,"turns":8.0},{"damage":31.0,"enemies":"R_Hoarder","floor":41.0,"turns":6.0},{"damage":0.0,"enemies":"Mind Bloom Boss Battle","floor":45.0,"turns":2.0},{"damage":0.0,"enemies":"4 Shapes","floor":46.0,"turns":1.0},{"damage":77.0,"enemies":"Giant Head","floor":47.0,"turns":9.0},{"damage":86.0,"enemies":"Awakened One","floor":50.0,"turns":10.0},{"damage":112.0,"enemies":"Shield and Spear","floor":54.0,"turns":6.0},{"damage":134,"enemies":"The Heart","floor":55,"turns":11}],"seed_played":"-7724505292001162513","potions_obtained":[{"floor":1.0,"key":"Regen Potion"},{"floor":4.0,"key":"BlessingOfTheForge"},{"floor":7.0,"key":"Adrenaline Potion"},{"floor":16.0,"key":"AttackPotion"},{"floor":19.0,"key":"Fire Potion"},{"floor":20.0,"key":"BlessingOfTheForge"},{"floor":25.0,"key":"BlessingOfTheForge"},{"floor":33.0,"key":"Fire Potion"},{"floor":35.0,"key":"Toxic Potion"},{"floor":45.0,"key":"Ancient Potion"},{"floor":47.0,"key":"Ancient Potion"}],"is_trial":false,"path_per_floor":["M","M","?","M","M","R","E","R","T","E","M","R","?","M","R","B",null,"M","M","M","M","$","R","E","M","T","R","?","$","?","M","R","B",null,"M","?","M","$","M","E","E","R","T","?","?","M","E","?","R","B",null,"R","$","E","B",null],"character_chosen":"IRONCLAD","items_purchased":["Darkstone Periapt","Iron Hammer","Chemical X","HandDrill","Blue Doll","Replay:Bottled Snecko","Panache","Dramatic Entrance","Flex+1","Armaments","ReplayTheSpireMod:CursedCoin","Toolbox","CeramicFish","Blue Candle","ReplayTheSpireMod:Spearhead","expansioncontent:DashGenerateEvil","ClockworkSouvenir","Impervious+1","Mummified Hand","Entrench+1","Feel No Pain"],"campfire_rested":2,"item_purchase_floors":[0,0,0,0,0,0,0,0,0,0,22,22,22,22,22,22,38,38,53,53,53],"current_hp_per_floor":[45,51,57,63,49,76,73,73,73,70,79,79,82,91,91,66,107,110,110,96,97,106,106,88,95,95,95,98,98,107,109,109,63,161,164,174,167,170,142,101,94,149,149,149,175,187,154,215,215,183,218,218,221,135,31],"gold":53,"neow_bonus":"","is_daily":false,"chose_seed":false,"campfire_upgraded":6,"win_rate":0.0,"timestamp":1608733913,"path_taken":["M","M","?","?","M","R","E","R","T","E","M","R","?","M","R","BOSS","M","M","M","M","$","R","E","M","T","R","?","?","?","M","R","BOSS","M","?","M","$","?","E","E","R","T","?","?","M","E","?","R","BOSS","R","$","E","BOSS"],"items_purchased_type":["Relic","Relic","Relic","Relic","Relic","Relic","Card","Card","Card","Card","Relic","Relic","Relic","Relic","Relic","Card","Relic","Card","Relic","Card","Card"],"build_version":"2020-12-22","purchased_purges":1,"victory":true,"max_hp_per_floor":[86,86,92,92,92,92,92,92,92,95,98,98,101,104,104,107,107,110,113,116,119,128,128,131,134,134,134,137,137,146,149,149,152,161,164,174,177,180,183,186,186,186,186,186,203,206,209,218,218,218,218,218,221,224,224],"relic_stats":{"Darkstone Periapt":36,"Happy Flower":[13],"counters":[321,1495],"CeramicFish":198,"Blue Candle":[24],"Magic Flower":[74],"Burning Blood":1786,"Mummified Hand":[22],"HandDrill":[86],"Chemical X":[3],"obtain_stats":[{"Golden Egg":34,"Replay:Accelerometer":0,"Ginger":17,"Bottled Tornado":10,"Sling":47,"Old Coin":24,"Blood Vial":22,"Replay:Ringing Soul":47,"Sundial":17,"MealTicket":26,"Replay:Bottled Flurry":49,"HandDrill":31,"Kunai":10,"Replay:Wax Seal":0,"Electric Blood":17,"betterAltar:BloodRelic":27,"ReplayTheSpireMod:Ring of Addiction":36,"Blue Candle":7,"Replay:Ancient Bell":34,"Akabeko":31,"Ooze Armor":34,"Bird Faced Urn":9,"ReplayTheSpireMod:Ring of Collecting":5,"Mark of Pain":17,"Regal Pillow":24,"Lantern":34,"Torii":47,"Singing Bowl":0,"Magic Flower":0,"StoneCalendar":0,"Blue Doll":43,"King of Hearts":47,"Replay:Multitool":25,"Bag of Preparation":54,"Cursed Key":34,"Smiling Mask":27,"Burning Blood":0,"Pet Ghost":44,"Replay:Rubber Ducky":34,"Shovel":34,"Ring of Peace":5,"Toolbox":0,"WingedGreaves":37,"Chemical X":21,"InkBottle":34,"Paper Frog":23,"Potion Belt":36,"Lee\u0027s Waffle":44,"Golden Idol":3,"Self Forming Clay":6,"Thread and Needle":20,"PreservedInsect":22,"Omamori":42,"Ring of Greed":10,"Frozen Egg 2":0,"MawBank":27,"Replay:Arrowhead":48,"Busted Crown":17,"Ornamental Fan":37,"Bloody Idol":22,"Ring of Misfortune":36,"betterThird:SlimedRelic":3,"Turnip":23,"Art of War":40,"Garlic":12,"Durian":0,"ReplayTheSpireMod:Lightbulb":27,"Toy Ornithopter":28,"Ice Cream":6,"Divine Protection":0,"Calipers":6,"Gremlin Horn":10,"Nilry\u0027s Codex":22,"CeramicFish":24,"Vajra":8,"Lizard Tail":42,"Centennial Puzzle":2,"HornCleat":52,"FaceOfCleric":13,"DollysMirror":44,"Strawberry":10,"Honey Jar":17,"Prayer Wheel":40,"Philosopher\u0027s Stone":17,"Iron Hammer":9,"Toxic Egg 2":36,"Girya":23,"Happy Flower":14,"ReplayTheSpireMod:CursedCoin":19,"Dead Branch":17,"Replay:Grab Bag":34,"Oddly Smooth Stone":41,"Charon\u0027s Ashes":0,"Letter Opener":9,"Replay:Kaleidoscope":37,"War Paint":6,"WarpedTongs":29,"Bottled Flame":26,"Replay:Baseball":38,"ReplayTheSpireMod:Spearhead":31,"ReplayTheSpireMod:Shallot":27,"Shuriken":34,"Bronze Scales":45,"Molten Egg 2":43,"Onion Ring":54,"Simple Rune":27,"ReplayTheSpireMod:TigerMarble":23,"Grinning Jar":6,"Mirror":45,"Pocketwatch":10,"Meat on the Bone":45,"ReplayFunnel":14,"Darkstone Periapt":0,"ReplayTheSpireMod:Ring of Exchange":26,"Replay:PocketPolymizer":34,"Black Blood":34,"Mango":40,"Juzu Bracelet":19,"Incense Burner":0,"Replay:Mystery Machine":26,"Empty Cage":34,"ClockworkSouvenir":44,"Frozen Eye":0,"Nunchaku":45,"Dream Catcher":9,"Replay:Bandana":20,"Chameleon Ring":49,"Mummified Hand":9,"Pantograph":0,"Red Mask":41,"Replay:Bottled Snecko":0,"Red Skull":17,"Runic Pyramid":34,"Gremlin Food":37,"BargainBundle":19,"ReplayTheSpireMod:Ninjato":48,"Quantum Egg":42,"Replay:WaspNest":3,"Odd Mushroom":12,"Orichalcum":43,"White Beast Statue":36,"Mercury Hourglass":43,"Calling Bell":17,"Peace Pipe":0,"Strange Spoon":44,"CaptainsWheel":0,"Anchor":38,"Pondfish Scales":0,"ChewingGum":17,"Another Sword":47,"Snack Pack":28,"Bag of Marbles":0,"Coffee Dripper":0,"Membership Card":24,"FossilizedHelix":12,"TungstenRod":7,"ReplayTheSpireMod:ShopPack":20},{"Golden Egg":146,"Replay:Accelerometer":210,"Ginger":226,"Bottled Tornado":235,"Sling":102,"Old Coin":92,"Blood Vial":39,"Replay:Ringing Soul":102,"Sundial":11,"MealTicket":14,"Replay:Bottled Flurry":153,"HandDrill":200,"Kunai":33,"Replay:Wax Seal":28,"Electric Blood":62,"betterAltar:BloodRelic":171,"ReplayTheSpireMod:Ring of Addiction":47,"Blue Candle":234,"Replay:Ancient Bell":46,"Akabeko":94,"Ooze Armor":175,"Bird Faced Urn":7,"ReplayTheSpireMod:Ring of Collecting":186,"Mark of Pain":37,"Regal Pillow":14,"Lantern":46,"Torii":77,"Singing Bowl":104,"Magic Flower":28,"StoneCalendar":55,"Blue Doll":180,"King of Hearts":102,"Replay:Multitool":117,"Bag of Preparation":155,"Cursed Key":19,"Smiling Mask":281,"Burning Blood":0,"Pet Ghost":75,"Replay:Rubber Ducky":122,"Shovel":46,"Ring of Peace":186,"Toolbox":28,"WingedGreaves":287,"Chemical X":13,"InkBottle":122,"Paper Frog":40,"Potion Belt":47,"Lee\u0027s Waffle":75,"Golden Idol":186,"Self Forming Clay":272,"Thread and Needle":167,"PreservedInsect":140,"Omamori":100,"Ring of Greed":134,"Frozen Egg 2":156,"MawBank":92,"Replay:Arrowhead":183,"Busted Crown":112,"Ornamental Fan":177,"Bloody Idol":39,"Ring of Misfortune":47,"betterThird:SlimedRelic":105,"Turnip":141,"Art of War":49,"Garlic":136,"Durian":156,"ReplayTheSpireMod:Lightbulb":92,"Toy Ornithopter":92,"Ice Cream":83,"Divine Protection":243,"Calipers":32,"Gremlin Horn":250,"Nilry\u0027s Codex":13,"CeramicFish":66,"Vajra":7,"Lizard Tail":24,"Centennial Puzzle":105,"HornCleat":54,"FaceOfCleric":9,"DollysMirror":151,"Strawberry":85,"Honey Jar":276,"Prayer Wheel":23,"Philosopher\u0027s Stone":253,"Iron Hammer":33,"Toxic Egg 2":20,"Girya":115,"Happy Flower":36,"ReplayTheSpireMod:CursedCoin":113,"Dead Branch":11,"Replay:Grab Bag":261,"Oddly Smooth Stone":75,"Charon\u0027s Ashes":184,"Letter Opener":60,"Replay:Kaleidoscope":73,"War Paint":160,"WarpedTongs":67,"Bottled Flame":41,"Replay:Baseball":97,"ReplayTheSpireMod:Spearhead":200,"ReplayTheSpireMod:Shallot":67,"Shuriken":46,"Bronze Scales":127,"Molten Egg 2":24,"Onion Ring":55,"Simple Rune":118,"ReplayTheSpireMod:TigerMarble":66,"Grinning Jar":106,"Mirror":265,"Pocketwatch":217,"Meat on the Bone":290,"ReplayFunnel":137,"Darkstone Periapt":293,"ReplayTheSpireMod:Ring of Exchange":197,"Replay:PocketPolymizer":122,"Black Blood":261,"Mango":99,"Juzu Bracelet":113,"Incense Burner":156,"Replay:Mystery Machine":66,"Empty Cage":201,"ClockworkSouvenir":75,"Frozen Eye":184,"Nunchaku":51,"Dream Catcher":249,"Replay:Bandana":254,"Chameleon Ring":53,"Mummified Hand":216,"Pantograph":55,"Red Mask":23,"Replay:Bottled Snecko":293,"Red Skull":11,"Runic Pyramid":261,"Gremlin Food":47,"BargainBundle":89,"ReplayTheSpireMod:Ninjato":129,"Quantum Egg":50,"Replay:WaspNest":29,"Odd Mushroom":9,"Orichalcum":100,"White Beast Statue":47,"Mercury Hourglass":75,"Calling Bell":11,"Peace Pipe":156,"Strange Spoon":151,"CaptainsWheel":0,"Anchor":123,"Pondfish Scales":130,"ChewingGum":138,"Another Sword":102,"Snack Pack":92,"Bag of Marbles":104,"Coffee Dripper":130,"Membership Card":66,"FossilizedHelix":34,"TungstenRod":59,"ReplayTheSpireMod:ShopPack":194},{"Golden Egg":696,"Replay:Accelerometer":982,"Ginger":1054,"Bottled Tornado":1090,"Sling":464,"Old Coin":431,"Blood Vial":183,"Replay:Ringing Soul":464,"Sundial":38,"MealTicket":52,"Replay:Bottled Flurry":727,"HandDrill":928,"Kunai":146,"Replay:Wax Seal":125,"Electric Blood":319,"betterAltar:BloodRelic":802,"ReplayTheSpireMod:Ring of Addiction":228,"Blue Candle":1086,"Replay:Ancient Bell":224,"Akabeko":436,"Ooze Armor":825,"Bird Faced Urn":28,"ReplayTheSpireMod:Ring of Collecting":865,"Mark of Pain":174,"Regal Pillow":52,"Lantern":224,"Torii":381,"Singing Bowl":473,"Magic Flower":125,"StoneCalendar":286,"Blue Doll":845,"King of Hearts":464,"Replay:Multitool":528,"Bag of Preparation":741,"Cursed Key":81,"Smiling Mask":1297,"Burning Blood":0,"Pet Ghost":375,"Replay:Rubber Ducky":565,"Shovel":224,"Ring of Peace":865,"Toolbox":125,"WingedGreaves":1330,"Chemical X":46,"InkBottle":565,"Paper Frog":188,"Potion Belt":228,"Lee\u0027s Waffle":375,"Golden Idol":865,"Self Forming Clay":1254,"Thread and Needle":782,"PreservedInsect":668,"Omamori":460,"Ring of Greed":637,"Frozen Egg 2":749,"MawBank":431,"Replay:Arrowhead":853,"Busted Crown":501,"Ornamental Fan":833,"Bloody Idol":183,"Ring of Misfortune":228,"betterThird:SlimedRelic":475,"Turnip":671,"Art of War":239,"Garlic":644,"Durian":749,"ReplayTheSpireMod:Lightbulb":431,"Toy Ornithopter":431,"Ice Cream":404,"Divine Protection":1125,"Calipers":142,"Gremlin Horn":1157,"Nilry\u0027s Codex":46,"CeramicFish":335,"Vajra":28,"Lizard Tail":102,"Centennial Puzzle":475,"HornCleat":280,"FaceOfCleric":32,"DollysMirror":718,"Strawberry":409,"Honey Jar":1274,"Prayer Wheel":101,"Philosopher\u0027s Stone":1174,"Iron Hammer":146,"Toxic Egg 2":85,"Girya":519,"Happy Flower":161,"ReplayTheSpireMod:CursedCoin":506,"Dead Branch":38,"Replay:Grab Bag":1209,"Oddly Smooth Stone":375,"Charon\u0027s Ashes":860,"Letter Opener":306,"Replay:Kaleidoscope":363,"War Paint":759,"WarpedTongs":338,"Bottled Flame":193,"Replay:Baseball":448,"ReplayTheSpireMod:Spearhead":928,"ReplayTheSpireMod:Shallot":338,"Shuriken":224,"Bronze Scales":593,"Molten Egg 2":102,"Onion Ring":286,"Simple Rune":534,"ReplayTheSpireMod:TigerMarble":335,"Grinning Jar":479,"Mirror":1228,"Pocketwatch":1017,"Meat on the Bone":1347,"ReplayFunnel":648,"Darkstone Periapt":1364,"ReplayTheSpireMod:Ring of Exchange":916,"Replay:PocketPolymizer":565,"Black Blood":1209,"Mango":458,"Juzu Bracelet":506,"Incense Burner":749,"Replay:Mystery Machine":335,"Empty Cage":935,"ClockworkSouvenir":375,"Frozen Eye":860,"Nunchaku":256,"Dream Catcher":1150,"Replay:Bandana":1178,"Chameleon Ring":267,"Mummified Hand":1010,"Pantograph":286,"Red Mask":101,"Replay:Bottled Snecko":1364,"Red Skull":38,"Runic Pyramid":1209,"Gremlin Food":228,"BargainBundle":422,"ReplayTheSpireMod:Ninjato":608,"Quantum Egg":245,"Replay:WaspNest":129,"Odd Mushroom":32,"Orichalcum":460,"White Beast Statue":228,"Mercury Hourglass":375,"Calling Bell":38,"Peace Pipe":749,"Strange Spoon":718,"CaptainsWheel":0,"Anchor":570,"Pondfish Scales":625,"ChewingGum":659,"Another Sword":464,"Snack Pack":431,"Bag of Marbles":473,"Coffee Dripper":625,"Membership Card":335,"FossilizedHelix":150,"TungstenRod":303,"ReplayTheSpireMod:ShopPack":898}],"InkBottle":[20],"Pocketwatch":[3]},"card_choices":[{"not_picked":["Run Through","ReplayTheSpireMod:Strike From Hell"],"picked":"ReplayTheSpireMod:Limb From Limb","floor":1.0},{"not_picked":["Seeing Red","Shrug It Off"],"picked":"Dropkick","floor":2.0},{"not_picked":["True Grit","Warcry","Massacre"],"picked":"SKIP","floor":4.0},{"not_picked":["Warcry","Dropkick"],"picked":"Fire Breathing","floor":5.0},{"not_picked":["Cleave","Clothesline"],"picked":"Life Link","floor":7.0},{"not_picked":["Clothesline","Sentinel"],"picked":"Demonic Infusion","floor":10.0},{"not_picked":["Sever Soul","Havoc"],"picked":"Rupture","floor":11.0},{"not_picked":["Flex","Perfected Strike"],"picked":"Iron Wave","floor":14.0},{"not_picked":["Demonic Infusion","Barricade"],"picked":"Demon Form","floor":16.0},{"not_picked":["Thunderclap","Clothesline"],"picked":"ReplayTheSpireMod:LeadingStrike","floor":18.0},{"not_picked":["Warcry","Sword Boomerang"],"picked":"ReplayTheSpireMod:Limb From Limb","floor":19.0},{"not_picked":["Iron Wave+1","Burning Pact"],"picked":"Thunderclap+1","floor":20.0},{"not_picked":["ReplayTheSpireMod:Strike From Hell+1","Pommel Strike"],"picked":"Shockwave","floor":21.0},{"not_picked":["Blood for Blood","Second Wind"],"picked":"ReplayReversal+1","floor":24.0},{"not_picked":["ReplayTheSpireMod:Strike From Hell","Flex"],"picked":"Havoc+1","floor":25.0},{"not_picked":["Headbutt","Sentinel+1"],"picked":"Reaper","floor":31.0},{"not_picked":["Replay:Many Hands","Bludgeon"],"picked":"Berserk","floor":33.0},{"not_picked":["Flex+1","Perfected Strike"],"picked":"Heavy Blade+1","floor":35.0},{"not_picked":["Reckless Charge","Infernal Blade+1"],"picked":"Spot Weakness+1","floor":37.0},{"not_picked":["Run Through","Havoc+1"],"picked":"Twin Strike+1","floor":39.0},{"not_picked":["Body Slam+1","Clothesline+1"],"picked":"Run Through+1","floor":40.0},{"not_picked":["Perfected Strike+1","Searing Blow+1","Pommel Strike+1"],"picked":"SKIP","floor":41.0},{"not_picked":["Clash","Havoc+1"],"picked":"Hemogenesis","floor":45.0},{"not_picked":["Body Slam","Perfected Strike"],"picked":"Thunderclap","floor":46.0},{"not_picked":["Shrug It Off+1","Fiend Fire"],"picked":"Flame Barrier+1","floor":47.0},{"not_picked":["True Grit+1","Burning Pact+1"],"picked":"Rage+1","floor":54.0}],"player_experience":391327,"relics_obtained":[{"floor":7.0,"key":"Lantern"},{"floor":9.0,"key":"Replay:Ringing Soul"},{"floor":10.0,"key":"Pondfish Scales"},{"floor":24.0,"key":"Vajra"},{"floor":34.0,"key":"Toxic Egg 2"},{"floor":34.0,"key":"Magic Flower"},{"floor":34.0,"key":"Replay:Mystery Machine"},{"floor":40.0,"key":"WingedGreaves"},{"floor":41.0,"key":"Happy Flower"},{"floor":43.0,"key":"InkBottle"},{"floor":45.0,"key":"Mango"},{"floor":47.0,"key":"HornCleat"},{"floor":49.0,"key":"Pocketwatch"},{"floor":54.0,"key":"Paper Frog"}],"event_choices":[{"damage_healed":0.0,"max_hp_gain":0.0,"max_hp_loss":0.0,"gold_gain":275.0,"event_name":"Golden Shrine","player_choice":"Desecrate","floor":3.0,"gold_loss":0.0,"damage_taken":0.0,"cards_obtained":["Regret"]},{"cards_removed":["Demon Form"],"damage_healed":0.0,"max_hp_gain":0.0,"max_hp_loss":0.0,"gold_gain":0.0,"event_name":"betterNote:BetterNote","player_choice":"Take \u0026 Give","floor":28.0,"gold_loss":0.0,"damage_taken":0.0,"cards_obtained":["Alpha"]},{"cards_removed":["Demonic Infusion"],"damage_healed":0.0,"max_hp_gain":10.0,"max_hp_loss":0.0,"gold_gain":0.0,"event_name":"Bonfire Elementals","player_choice":"Offered Rare","floor":36.0,"gold_loss":0.0,"damage_taken":0.0},{"cards_removed":["Defend_R"],"damage_healed":0.0,"max_hp_gain":0.0,"max_hp_loss":0.0,"gold_gain":0.0,"event_name":"Falling","player_choice":"Removed Skill","floor":44.0,"gold_loss":0.0,"damage_taken":0.0},{"damage_healed":0.0,"max_hp_gain":0.0,"max_hp_loss":0.0,"gold_gain":0.0,"event_name":"MindBloom","player_choice":"Fight","floor":45.0,"gold_loss":0.0,"damage_taken":0.0},{"damage_healed":52.0,"max_hp_gain":0.0,"max_hp_loss":0.0,"gold_gain":0.0,"event_name":"Winding Halls","player_choice":"Writhe","floor":48.0,"gold_loss":0.0,"damage_taken":0.0,"cards_obtained":["Writhe"]}],"is_beta":false,"boss_relics":[{"not_picked":["Painkiller Herb","Pandora\u0027s Box"],"picked":"ChewingGum"},{"not_picked":["Sozu","Ring of Chaos"],"picked":"Calling Bell"}],"items_purged_floors":[0],"is_endless":false,"potions_floor_spawned":[1,4,7,16,19,20,25,33,35,45,47],"ascension_level":0}}