{"host":"ze754j8gfb8asmsl","time":1608713653,"event":{"mods":["BaseMod","Lobotomy","LobotomyExtend","Marisa（F雨　魔理沙）","Minty Spire (QoL Compilation)","Quick Restart","Relic Stats","Replay The Spire","RumiaBox-露米娅的神秘盒子","Shop Mod","StSLib","vexMod","【东方二次创作】八云紫mod","【功能Mod】混沌之环修复补丁","【遗物卡牌】REMEMod"],"gold_per_floor":[118,193,207,221,221,265,265,309,309,309,349,41,41,59,59,153,153,178,178,198,218,218,249,215,215,215,253,278,309,329,363,363,484,484,507,522,535,551,572,630,630,630,704,704,744,758,1091,1111,1111,1111],"floor_reached":51,"playtime":3453,"items_purged":[],"score":1757,"play_id":"97bc6b1e-4fcf-4fb6-a37b-4994ccd285f0","local_time":"20201223165413","is_ascension_mode":true,"campfire_choices":[{"floor":7.0,"key":"REST"},{"data":"Glass Knife","floor":10.0,"key":"SMITH"},{"floor":15.0,"key":"REST"},{"floor":25.0,"key":"DIG"},{"data":"MilkyWay","floor":41,"key":"SMITH"},{"data":"Orbital","floor":44,"key":"SMITH"}],"circlet_count":0,"master_deck":["AscendersBane","Defend_MRS","Defend_MRS","Defend_MRS+1","Defend_MRS","MasterSpark","UpSweep","Glass Knife+1","UnstableBomb","MysteriousBeam","PowerUp+1","6A+1","Bite","Bite","Bite","Bite","EnergyFlow","Acceleration","OortCloud+1","StarlightTyphoon","Pain","Clumsy","Decay","PowerUp+1","MilkyWay+1","Orbital+1","Singularity+1"],"relics":["MiniHakkero","REME_ComplimentaryCards","Toy Ornithopter","MagicDraw3","Replay:Multitool","HandmadeGrimoire","RampagingMagicTools","vexMod:ScavengeHelm","vexMod:Dragonfruit","SecretRecord","REME_PuzzleBoxRelic","Happy Flower","Regal Pillow","Replay:Ancient Bell","ZombieArmy","MagicDraw1","Mango","Baka2","PreservedInsect","Molten Egg 2","Mummified Hand","Incense Burner","MoreBug","vexMod:RetaliationKit"],"acts_visited":["Exordium","TheCity","TheBeyond"],"potions_floor_usage":[33,38,39,48,50],"damage_taken":[{"damage":7.0,"enemies":"Small Slimes","floor":1.0,"turns":3.0},{"damage":0.0,"enemies":"2 Louse","floor":3.0,"turns":2.0},{"damage":0.0,"enemies":"Cultist","floor":4.0,"turns":3.0},{"damage":30.0,"enemies":"Replay:BlueRogue","floor":6.0,"turns":5.0},{"damage":10.0,"enemies":"Lagavulin","floor":8.0,"turns":6.0},{"damage":0.0,"enemies":"Gremlin Nob","floor":11.0,"turns":2.0},{"damage":0.0,"enemies":"Large Slime","floor":14.0,"turns":2.0},{"damage":34.0,"enemies":"The Guardian","floor":16.0,"turns":5.0},{"damage":0.0,"enemies":"Chosen","floor":18.0,"turns":1.0},{"damage":22.0,"enemies":"3 Byrds","floor":20.0,"turns":2.0},{"damage":33.0,"enemies":"Centurion and Healer","floor":21.0,"turns":5.0},{"damage":26.0,"enemies":"Book of Stabbing","floor":23.0,"turns":3.0},{"damage":0.0,"enemies":"Cultist and Chosen","floor":24.0,"turns":1.0},{"damage":29.0,"enemies":"Slavers","floor":27.0,"turns":4.0},{"damage":3.0,"enemies":"3 Cultists","floor":28.0,"turns":3.0},{"damage":0,"enemies":"REME_1_Revenger","floor":29,"turns":2},{"damage":7,"enemies":"Snecko","floor":30,"turns":3},{"damage":0,"enemies":"Book of Stabbing","floor":31,"turns":3},{"damage":35,"enemies":"Automaton","floor":33,"turns":6},{"damage":0,"enemies":"Orb Walker","floor":35,"turns":1},{"damage":3,"enemies":"3 Darklings","floor":36,"turns":2},{"damage":39,"enemies":"4 Shapes","floor":37,"turns":2},{"damage":0,"enemies":"Jaw Worm Horde","floor":38,"turns":2},{"damage":4,"enemies":"Writhing Mass","floor":39,"turns":2},{"damage":44,"enemies":"R_Hoarder","floor":40,"turns":6},{"damage":0,"enemies":"Nemesis","floor":42,"turns":1},{"damage":3,"enemies":"Giant Head","floor":45,"turns":3},{"damage":8,"enemies":"Sphere and 2 Shapes","floor":46,"turns":1},{"damage":14,"enemies":"Maw","floor":48,"turns":6},{"damage":38,"enemies":"Awakened One","floor":50,"turns":7}],"seed_played":"-7984473226287425298","potions_obtained":[{"floor":1.0,"key":"GamblersBrew"},{"floor":8.0,"key":"Swift Potion"},{"floor":11.0,"key":"ColorlessPotion"},{"floor":16.0,"key":"Languid Potion"},{"floor":21.0,"key":"BottledSpark"},{"floor":27.0,"key":"Fruit Juice"},{"floor":28.0,"key":"Doom Potion"},{"floor":31,"key":"REME_GoldPotion"},{"floor":36,"key":"AttackPotion"},{"floor":38,"key":"StarNLove"},{"floor":40,"key":"FearPotion"},{"floor":48,"key":"PowerPotion"}],"is_trial":false,"path_per_floor":["M","?","M","M","?","E","R","E","T","R","E","$","?","M","R","B",null,"M","?","M","M","?","E","M","R","T","E","M","E","M","E","R","B",null,"M","M","M","M","M","E","R","E","T","R","E","M","?","M","R","B",null],"character_chosen":"MARISA","items_purchased":["PowerUp","HandmadeGrimoire"],"campfire_rested":2,"item_purchase_floors":[12,12],"current_hp_per_floor":[61,50,50,50,32,7,29,19,25,25,27,27,11,13,37,10,63,65,65,51,37,37,31,33,38,38,28,46,51,59,72,91,77,102,105,105,66,81,92,64,64,64,64,64,70,65,65,85,105,94],"gold":1111,"neow_bonus":"RANDOM_COMMON_RELIC","is_daily":false,"chose_seed":false,"campfire_upgraded":3,"win_rate":0.0,"timestamp":1608713653,"path_taken":["M","?","M","M","?","E","R","E","T","R","E","$","?","M","R","BOSS","M","?","M","M","?","E","M","R","T","E","M","E","M","E","R","BOSS","M","M","?","M","M","E","R","E","T","R","E","M","?","M","R","BOSS"],"items_purchased_type":["Card","Relic"],"build_version":"2020-12-22","purchased_purges":0,"victory":true,"max_hp_per_floor":[75,75,75,75,75,75,75,75,81,81,81,81,81,81,81,81,81,81,81,81,81,81,81,81,86,86,86,91,91,91,91,91,91,105,105,105,105,105,105,105,105,105,105,105,105,105,105,105,105,105],"relic_stats":{"Regal Pillow":0,"Happy Flower":[15],"counters":[30,94],"Mummified Hand":[10],"PreservedInsect":155,"obtain_stats":[{"Regal Pillow":31,"Gremlin Horn":40,"Mango":34,"SecretRecord":26,"Replay:Multitool":11,"Incense Burner":45,"MagicDraw3":6,"MagicDraw1":34,"Blood Vial":8,"Baka2":39,"Mummified Hand":43,"HandmadeGrimoire":12,"RampagingMagicTools":17,"vexMod:RetaliationKit":48,"ZombieArmy":34,"MoreBug":45,"Happy Flower":29,"Golden Idol":5,"vexMod:ScavengeHelm":23,"vexMod:BerryBomb":9,"PreservedInsect":40,"Baka":1,"Replay:Ancient Bell":34,"vexMod:Dragonfruit":25,"Molten Egg 2":42,"MiniHakkero":0,"REME_PuzzleBoxRelic":27,"Toy Ornithopter":0,"REME_ComplimentaryCards":0},{"Regal Pillow":18,"Gremlin Horn":25,"Mango":19,"SecretRecord":13,"Replay:Multitool":6,"Incense Burner":27,"MagicDraw3":4,"MagicDraw1":19,"Blood Vial":5,"Baka2":24,"Mummified Hand":26,"HandmadeGrimoire":6,"RampagingMagicTools":8,"vexMod:RetaliationKit":29,"ZombieArmy":19,"MoreBug":27,"Happy Flower":16,"Golden Idol":3,"vexMod:ScavengeHelm":12,"vexMod:BerryBomb":5,"PreservedInsect":25,"Baka":1,"Replay:Ancient Bell":19,"vexMod:Dragonfruit":13,"Molten Egg 2":26,"MiniHakkero":0,"REME_PuzzleBoxRelic":14,"Toy Ornithopter":0,"REME_ComplimentaryCards":0},{"Regal Pillow":55,"Gremlin Horn":72,"Mango":61,"SecretRecord":40,"Replay:Multitool":21,"Incense Burner":80,"MagicDraw3":13,"MagicDraw1":61,"Blood Vial":19,"Baka2":70,"Mummified Hand":77,"HandmadeGrimoire":21,"RampagingMagicTools":28,"vexMod:RetaliationKit":87,"ZombieArmy":61,"MoreBug":80,"Happy Flower":49,"Golden Idol":8,"vexMod:ScavengeHelm":39,"vexMod:BerryBomb":19,"PreservedInsect":76,"Baka":3,"Replay:Ancient Bell":61,"vexMod:Dragonfruit":40,"Molten Egg 2":77,"MiniHakkero":0,"REME_PuzzleBoxRelic":44,"Toy Ornithopter":0,"REME_ComplimentaryCards":0}],"Toy Ornithopter":50},"card_choices":[{"not_picked":["WitchOfGreed","IllusionStar","GravityBeat"],"picked":"SKIP","floor":1.0},{"not_picked":["DarkMatter","IllusionStar"],"picked":"UnstableBomb","floor":3.0},{"not_picked":["EnergyRecoil","SporeBomb","EventHorizon"],"picked":"SKIP","floor":4.0},{"not_picked":["BigCrunch","DragonMeteor","PulseMagic"],"picked":"SKIP","floor":6.0},{"not_picked":["PulseMagic","DoubleSpark"],"picked":"MysteriousBeam","floor":8.0},{"not_picked":["MysteriousBeam","GalacticHalo","RefractionSpark"],"picked":"SKIP","floor":11.0},{"not_picked":["Occultation","DC","GalacticHalo"],"picked":"SKIP","floor":14.0},{"not_picked":["AsteroidBelt","GasGiant"],"picked":"6A","floor":18.0},{"not_picked":["RefractionSpark","ShootingEcho"],"picked":"EnergyFlow","floor":20.0},{"not_picked":["LuminesStrike","IllusionStar","PowerUp"],"picked":"SKIP","floor":21.0},{"not_picked":["SatelliteIllusion","GravityBeat","NonDirectionalLaser"],"picked":"SKIP","floor":23.0},{"not_picked":["MysteriousBeam","LuminesStrike"],"picked":"Acceleration","floor":24.0},{"not_picked":["ManaRampage","WitchLeyline","GravityBeat"],"picked":"SKIP","floor":27.0},{"not_picked":["ShootingEcho","UnstableBomb","Acceleration"],"picked":"SKIP","floor":28.0},{"not_picked":["DoubleSpark","FinalSpark"],"picked":"OortCloud+1","floor":29},{"not_picked":["6A","NonDirectionalLaser"],"picked":"StarlightTyphoon","floor":30},{"not_picked":["MysteriousBeam","FinalSpark","6A"],"picked":"SKIP","floor":31},{"not_picked":["Parasite","AbeCurse"],"picked":"Pain","floor":34},{"not_picked":["Doubt","Decay"],"picked":"Clumsy","floor":34},{"not_picked":["Parasite","REME_CurseOfMatryoshka"],"picked":"Decay","floor":34},{"not_picked":["BlazeAway","DoubleSpark"],"picked":"PowerUp","floor":35},{"not_picked":["SuperPerseids","WitchLeyline+1","Acceleration"],"picked":"SKIP","floor":36},{"not_picked":["DC+1","WitchOfGreed","UnstableBomb"],"picked":"SKIP","floor":37},{"not_picked":["GrandCross","EnergyRecoil","StarDustReverie"],"picked":"SKIP","floor":38},{"not_picked":["DoubleSpark","Occultation+1"],"picked":"MilkyWay","floor":39},{"not_picked":["6A","EnergyFlow+1"],"picked":"Orbital","floor":40},{"not_picked":["GrandCross+1","EnergyFlow","UnstableBomb+1"],"picked":"SKIP","floor":42},{"not_picked":["DC+1","GrandCross+1","GravityBeat+1"],"picked":"SKIP","floor":45},{"not_picked":["IllusionStar","FairyDestructionRay+1","LuminesStrike+1"],"picked":"SKIP","floor":46},{"not_picked":["BlazingStar+1","AlicesGift+1"],"picked":"Singularity+1","floor":48}],"player_experience":142438,"relics_obtained":[{"floor":1.0,"key":"Baka"},{"floor":6.0,"key":"MagicDraw3"},{"floor":8.0,"key":"Blood Vial"},{"floor":9.0,"key":"vexMod:BerryBomb"},{"floor":11.0,"key":"Replay:Multitool"},{"floor":23.0,"key":"vexMod:ScavengeHelm"},{"floor":25.0,"key":"vexMod:Dragonfruit"},{"floor":26.0,"key":"SecretRecord"},{"floor":27.0,"key":"REME_PuzzleBoxRelic"},{"floor":29,"key":"Happy Flower"},{"floor":31,"key":"Regal Pillow"},{"floor":39,"key":"Baka2"},{"floor":40,"key":"PreservedInsect"},{"floor":42,"key":"Molten Egg 2"},{"floor":43,"key":"Mummified Hand"},{"floor":45,"key":"Incense Burner"},{"floor":45,"key":"MoreBug"},{"floor":48,"key":"vexMod:RetaliationKit"}],"event_choices":[{"damage_healed":0.0,"max_hp_gain":0.0,"max_hp_loss":0.0,"gold_gain":75.0,"event_name":"World of Goop","player_choice":"Gather Gold","floor":2.0,"gold_loss":0.0,"damage_taken":11.0},{"damage_healed":0.0,"max_hp_gain":0.0,"max_hp_loss":0.0,"gold_gain":0.0,"event_name":"Golden Idol","player_choice":"Take Damage","floor":5.0,"gold_loss":0.0,"damage_taken":18.0,"relics_obtained":["Golden Idol"]},{"damage_healed":0.0,"max_hp_gain":0.0,"max_hp_loss":0.0,"gold_gain":0.0,"event_name":"Shining Light","player_choice":"Entered Light","floor":13.0,"gold_loss":0.0,"damage_taken":16.0,"cards_upgraded":["Defend_MRS","PowerUp"]},{"damage_healed":0.0,"max_hp_gain":0.0,"max_hp_loss":0.0,"gold_gain":0.0,"event_name":"Vampires","player_choice":"Became a vampire (Vial)","floor":19.0,"relics_lost":["Blood Vial"],"gold_loss":0.0,"damage_taken":0.0,"cards_obtained":["Bite","Bite","Bite","Bite","Bite"]},{"cards_removed":["Bite"],"damage_healed":0.0,"max_hp_gain":0.0,"max_hp_loss":0.0,"gold_gain":0.0,"event_name":"Purifier","player_choice":"Purged","floor":22.0,"gold_loss":0.0,"damage_taken":0.0},{"damage_healed":0,"gold_gain":333,"player_choice":"Gave Idol","damage_taken":0,"max_hp_gain":0,"max_hp_loss":0,"event_name":"The Moai Head","floor":47,"relics_lost":["Golden Idol"],"gold_loss":0}],"is_beta":false,"boss_relics":[{"not_picked":["Busted Crown","vexMod:MysteryBossChallenge"],"picked":"RampagingMagicTools"},{"not_picked":["Calling Bell","vexMod:BigBerry"],"picked":"Replay:Ancient Bell"},{"not_picked":["Bag of Preparation","vexMod:MemoryStick"],"picked":"ZombieArmy"},{"not_picked":["Quantum Egg","GodSword5"],"picked":"MagicDraw1"},{"not_picked":["Replay:Kaleidoscope","Bird Faced Urn"],"picked":"Mango"}],"items_purged_floors":[],"is_endless":false,"potions_floor_spawned":[1,8,11,16,21,27,28,31,36,38,42,45,46,48],"ascension_level":13}}