{"host":"solomon","time":1608691520,"event":{"mods":["Act Like it!","BaseMod","Library of Ruina","Library of Ruina Extra","Luminous","Minty Spire (QoL Compilation)","Robot Space Explorer","StSLib","The Dragon Tamer","【东方二次创作】八云紫mod","残留之物"],"gold_per_floor":[112,112,45,45,57,83,101,119,146,176,186,211,211,228,228,325,325,339,351,363,378,15,15,41,55,55,55,87,87,87,87,87,184,184,200,216,116,129,140,165,165,387,410,410,460,480,480,67,67,67,67,67,67,18,50,50],"floor_reached":57,"playtime":3010,"items_purged":["PlaceholderMod:BaseStrike","PlaceholderMod:BaseStrike","Decay"],"score":1222,"play_id":"52926471-df97-453c-9f3d-448df2f60362","local_time":"20201223104520","is_ascension_mode":false,"campfire_choices":[{"data":"PlaceholderMod:SpinBlade","floor":15.0,"key":"SMITH"},{"data":"PlaceholderMod:FinalSpray","floor":23.0,"key":"SMITH"},{"data":"PlaceholderMod:Activation","floor":27.0,"key":"SMITH"},{"data":"PlaceholderMod:CrystallizationStrike","floor":32.0,"key":"SMITH"},{"data":"PlaceholderMod:Activation","floor":41.0,"key":"SMITH"},{"floor":44.0,"key":"RECALL"},{"data":"PlaceholderMod:NearChange","floor":49.0,"key":"SMITH"},{"data":"PlaceholderMod:NearChange","floor":53.0,"key":"SMITH"}],"circlet_count":0,"master_deck":["PlaceholderMod:BaseStrike","PlaceholderMod:BaseStrike","PlaceholderMod:BaseDefend+1","PlaceholderMod:BaseDefend","PlaceholderMod:BaseDefend+1","PlaceholderMod:BaseDefend","PlaceholderMod:Crystal","PlaceholderMod:PoisonWhip","Iron Wave","PlaceholderMod:Crystallization+1","PlaceholderMod:SpinBlade+1","PlaceholderMod:Eat","PlaceholderMod:HardStrike","PlaceholderMod:HardStrike","PlaceholderMod:HardStinger","PlaceholderMod:Activation+1","PlaceholderMod:FinalSpray+1","PlaceholderMod:HardStinger","PlaceholderMod:NearChange+1","PlaceholderMod:Hyperplasia+1","PlaceholderMod:Activation+1","PlaceholderMod:InnerStable+1","PlaceholderMod:NearChange+1"],"relics":["PlaceholderMod:Tancle","PageOfSpiderBud","Pen Nib","Oddly Smooth Stone","Orichalcum","Runic Dome","War Paint","HornCleat","Vajra","Red Mask","Cursed Key","PageOfSingingMachine","Turnip","PageOfMercenary","Blue Candle"],"acts_visited":["Exordium","TheCity","TheBeyond","TheEnding"],"potions_floor_usage":[56],"damage_taken":[{"damage":0.0,"enemies":"2 Louse","floor":1.0,"turns":3.0},{"damage":1.0,"enemies":"Cultist","floor":5.0,"turns":4.0},{"damage":18.0,"enemies":"Lagavulin","floor":6.0,"turns":7.0},{"damage":2.0,"enemies":"Small Slimes","floor":7.0,"turns":3.0},{"damage":18.0,"enemies":"Gremlin Gang","floor":8.0,"turns":4.0},{"damage":10.0,"enemies":"3 Sentries","floor":10.0,"turns":6.0},{"damage":3.0,"enemies":"2 Fungi Beasts","floor":11.0,"turns":3.0},{"damage":7.0,"enemies":"Lagavulin","floor":12.0,"turns":8.0},{"damage":0.0,"enemies":"Blue Slaver","floor":14.0,"turns":2.0},{"damage":23.0,"enemies":"Slime Boss","floor":16.0,"turns":10.0},{"damage":0.0,"enemies":"Chosen","floor":18.0,"turns":5.0},{"damage":6.0,"enemies":"Spheric Guardian","floor":19.0,"turns":5.0},{"damage":21.0,"enemies":"Snake Plant","floor":20.0,"turns":5.0},{"damage":6.0,"enemies":"Centurion and Healer","floor":21.0,"turns":4.0},{"damage":28.0,"enemies":"Book of Stabbing","floor":24.0,"turns":6.0},{"damage":0.0,"enemies":"3 Cultists","floor":25.0,"turns":5.0},{"damage":0.0,"enemies":"Masked Bandits","floor":28.0,"turns":2.0},{"damage":30.0,"enemies":"KingOfGreed","floor":33.0,"turns":9.0},{"damage":0.0,"enemies":"3 Shapes","floor":35.0,"turns":1.0},{"damage":4.0,"enemies":"Orb Walker","floor":36.0,"turns":2.0},{"damage":0.0,"enemies":"Maw","floor":38.0,"turns":4.0},{"damage":0.0,"enemies":"3 Darklings","floor":39.0,"turns":2.0},{"damage":0.0,"enemies":"Giant Head","floor":40.0,"turns":6.0},{"damage":0.0,"enemies":"Mind Bloom Boss Battle","floor":45.0,"turns":4.0},{"damage":0.0,"enemies":"4 Shapes","floor":46.0,"turns":1.0},{"damage":13.0,"enemies":"Donu and Deca","floor":50.0,"turns":6.0},{"damage":4.0,"enemies":"Shield and Spear","floor":55.0,"turns":3.0},{"damage":30,"enemies":"The Heart","floor":56,"turns":7}],"seed_played":"-455021758562222966","potions_obtained":[{"floor":0.0,"key":"Regen Potion"},{"floor":0.0,"key":"SmokeBomb"},{"floor":0.0,"key":"Fruit Juice"},{"floor":1.0,"key":"EssenceOfSteel"},{"floor":5.0,"key":"AttackPotion"},{"floor":8.0,"key":"DuplicationPotion"},{"floor":16.0,"key":"GamblersBrew"},{"floor":20.0,"key":"ColorlessPotion"},{"floor":28.0,"key":"LiquidMemories"},{"floor":39.0,"key":"DistilledChaos"}],"is_trial":false,"path_per_floor":["M","?","$","$","M","E","M","M","T","E","M","E","?","M","R","B",null,"M","M","M","M","$","R","E","M","T","R","?","$","?","?","R","B",null,"M","M","$","M","M","E","R","?","T","R","?","M","?","$","R","B",null,null,"R","$","E","B",null],"character_chosen":"THE_PLACEHOLDER","items_purchased":["PlaceholderMod:Crystallization","PlaceholderMod:FinalSpray","War Paint","PlaceholderMod:NearChange","PageOfMercenary","Swift Potion"],"campfire_rested":0,"item_purchase_floors":[3,22,22,48,48,54],"current_hp_per_floor":[83,83,83,83,82,64,62,44,44,34,35,32,32,36,36,17,83,83,81,64,62,62,62,38,42,42,42,46,46,46,46,46,35,79,79,75,75,79,79,79,79,79,79,79,79,79,79,79,79,70,70,79,79,79,79,49],"gold":50,"neow_bonus":"THREE_SMALL_POTIONS","is_daily":false,"chose_seed":false,"campfire_upgraded":7,"win_rate":0.0,"timestamp":1608691520,"path_taken":["M","?","?","$","M","E","M","M","T","E","?","E","?","M","R","BOSS","M","?","M","M","$","R","E","M","T","R","?","$","?","?","R","BOSS","M","M","$","M","M","E","R","?","T","R","?","?","?","$","R","BOSS","R","$","E","BOSS"],"items_purchased_type":["Card","Card","Relic","Card","Relic","Potion"],"build_version":"2020-12-18","purchased_purges":3,"victory":true,"max_hp_per_floor":[83,83,83,83,83,83,83,83,83,83,83,83,83,83,83,83,83,83,83,83,83,83,83,83,83,83,83,83,83,79,79,79,79,79,79,79,79,79,79,79,79,79,79,79,79,79,79,79,79,79,79,79,79,79,79,79],"card_choices":[{"not_picked":["PlaceholderMod:FastReaction","PlaceholderMod:ParasiteChange","PlaceholderMod:SubstitutionNucleophilic1"],"picked":"SKIP","floor":1.0},{"not_picked":["PlaceholderMod:ParasiteChange","PlaceholderMod:PoisonExcitation"],"picked":"PlaceholderMod:SpinBlade","floor":5.0},{"not_picked":["PlaceholderMod:Internalization","PlaceholderMod:CycleAttack","PlaceholderMod:Polyp"],"picked":"SKIP","floor":6.0},{"not_picked":["PlaceholderMod:Internalization","PlaceholderMod:CycleAttack","PlaceholderMod:Polyp"],"picked":"SKIP","floor":6.0},{"not_picked":["PlaceholderMod:InnerStable","PlaceholderMod:DirectingGroup","PlaceholderMod:SprayAttack"],"picked":"SKIP","floor":7.0},{"not_picked":["PlaceholderMod:DirectingGroup","PlaceholderMod:Sweep","PlaceholderMod:Internalization"],"picked":"SKIP","floor":8.0},{"not_picked":["PlaceholderMod:TriggerStrike","PlaceholderMod:Internalization"],"picked":"PlaceholderMod:Eat","floor":10.0},{"not_picked":["PlaceholderMod:SeverePoisonStrike","PlaceholderMod:Turn"],"picked":"PlaceholderMod:HardStrike","floor":11.0},{"not_picked":["PlaceholderMod:SeverePoisonStrike","PlaceholderMod:OHStrongAttack"],"picked":"PlaceholderMod:HardStrike","floor":12.0},{"not_picked":["PlaceholderMod:TriggerStrike","PlaceholderMod:AttackAsDefend"],"picked":"PlaceholderMod:HardStinger","floor":14.0},{"not_picked":["PlaceholderMod:AbsorbTouch","PlaceholderMod:QualitativeChange"],"picked":"PlaceholderMod:Activation","floor":16.0},{"not_picked":["PlaceholderMod:AttackAsDefend","PlaceholderMod:TriggerStrike","PlaceholderMod:Hyperplasia"],"picked":"SKIP","floor":18.0},{"not_picked":["PlaceholderMod:HealingAttack","PlaceholderMod:ProliferateStrike","PlaceholderMod:Package"],"picked":"SKIP","floor":19.0},{"not_picked":["PlaceholderMod:ThreeBenzyolStart+1","PlaceholderMod:DirectingGroup","PlaceholderMod:Turn"],"picked":"SKIP","floor":20.0},{"not_picked":["PlaceholderMod:SprayAttack+1","PlaceholderMod:StressReaction","PlaceholderMod:ContinueSpray"],"picked":"SKIP","floor":21.0},{"not_picked":["PlaceholderMod:ParasiteChange","PlaceholderMod:Inner"],"picked":"PlaceholderMod:CrystallizationStrike","floor":24.0},{"not_picked":["PlaceholderMod:DirectingGroup","PlaceholderMod:SpinBlade+1"],"picked":"PlaceholderMod:HardStinger","floor":25.0},{"not_picked":["PlaceholderMod:AngryAttack+1","PlaceholderMod:SeverePoisonStrike"],"picked":"PlaceholderMod:Hyperplasia+1","floor":35.0},{"not_picked":["PlaceholderMod:EnergyAbsorb+1","PlaceholderMod:HardStinger+1","PlaceholderMod:AttackAsDefend"],"picked":"SKIP","floor":36.0},{"not_picked":["PlaceholderMod:HardStrike","PlaceholderMod:EvolutionSpray","PlaceholderMod:ParasiteChange+1"],"picked":"SKIP","floor":38.0},{"not_picked":["PlaceholderMod:HornyBlast+1","PlaceholderMod:SpinBlade+1","PlaceholderMod:Sweep"],"picked":"SKIP","floor":39.0},{"not_picked":["PlaceholderMod:CrystallizationStrike+1","PlaceholderMod:Stable+1"],"picked":"PlaceholderMod:Activation","floor":40.0},{"not_picked":["PlaceholderMod:SpinBlade","PlaceholderMod:ContinueSpray"],"picked":"PlaceholderMod:InnerStable+1","floor":46.0},{"not_picked":["PlaceholderMod:ParasiteChange+1","PlaceholderMod:Turn","PlaceholderMod:SevereHeat+1"],"picked":"SKIP","floor":55.0}],"player_experience":416214,"relics_obtained":[{"floor":6.0,"key":"PageOfSpiderBud"},{"floor":9.0,"key":"Pen Nib"},{"floor":10.0,"key":"Oddly Smooth Stone"},{"floor":12.0,"key":"Orichalcum"},{"floor":24.0,"key":"HornCleat"},{"floor":26.0,"key":"Vajra"},{"floor":28.0,"key":"Red Mask"},{"floor":40.0,"key":"PageOfSingingMachine"},{"floor":45.0,"key":"Turnip"},{"floor":55.0,"key":"Blue Candle"}],"event_choices":[{"cards_removed":["PlaceholderMod:BaseDefend"],"damage_healed":0.0,"max_hp_gain":0.0,"max_hp_loss":0.0,"gold_gain":0.0,"event_name":"NoteForYourself","player_choice":"Took Card","floor":2.0,"gold_loss":0.0,"damage_taken":0.0,"cards_obtained":["Iron Wave"]},{"damage_healed":0.0,"max_hp_gain":0.0,"max_hp_loss":0.0,"gold_gain":0.0,"event_name":"Upgrade Shrine","player_choice":"Upgraded","floor":13.0,"gold_loss":0.0,"damage_taken":0.0,"cards_upgraded":["PlaceholderMod:Crystallization"]},{"damage_healed":0.0,"max_hp_gain":0.0,"max_hp_loss":0.0,"gold_gain":0.0,"event_name":"Masked Bandits","player_choice":"Fought Bandits","floor":28.0,"gold_loss":0.0,"damage_taken":0.0},{"damage_healed":0.0,"max_hp_gain":0.0,"max_hp_loss":0.0,"gold_gain":0.0,"event_name":"The Library","player_choice":"Read","floor":31.0,"gold_loss":0.0,"damage_taken":0.0,"cards_obtained":["PlaceholderMod:NearChange"]},{"damage_healed":0.0,"max_hp_gain":0.0,"max_hp_loss":0.0,"gold_gain":222.0,"event_name":"Tomb of Lord Red Mask","player_choice":"Wore Mask","floor":42.0,"gold_loss":0.0,"damage_taken":0.0},{"damage_healed":0.0,"max_hp_gain":0.0,"max_hp_loss":0.0,"gold_gain":0.0,"event_name":"MindBloom","player_choice":"Fight","floor":45.0,"gold_loss":0.0,"damage_taken":0.0},{"cards_removed":["PlaceholderMod:CrystallizationStrike"],"damage_healed":0.0,"max_hp_gain":0.0,"max_hp_loss":0.0,"gold_gain":0.0,"event_name":"Falling","player_choice":"Removed Attack","floor":47.0,"gold_loss":0.0,"damage_taken":0.0}],"is_beta":true,"boss_relics":[{"not_picked":["Pandora\u0027s Box","Ectoplasm"],"picked":"Runic Dome"},{"not_picked":["Busted Crown","PlaceholderMod:LiveLive"],"picked":"Cursed Key"}],"items_purged_floors":[22,37,48],"is_endless":false,"potions_floor_spawned":[1,5,8,16,20,24,28,39,46,55],"ascension_level":0}}