{"host":"ln6xh2dj126ndm3e","time":1608737543,"event":{"mods":["AchievementEnabler","Aspiration","Astrologer","BaseMod","Better Altar","Better Match","Better Note","Better Sensory Stone","Better Skull","Better Third Choice","BetterRewards","CCEM","Colored Map","Conspire","Downfall","GifTheSpireLib","Halation","Highlight Path","Hubris","Infinite Spire","Minty Spire (QoL Compilation)","Permanent Neow","Replay The Spire","Shop Mod","Spicy Shops","StSLib","Unceasing Turn Reminder"],"gold_per_floor":[109,127,127,127,141,141,141,141,141,161,180,180,199,199,199,295,295,308,308,323,323,323],"floor_reached":21,"playtime":1673,"items_purged":[],"score":221,"play_id":"47988084-189b-4c9d-86bb-36b01cbecf80","local_time":"20201223093223","is_ascension_mode":false,"campfire_choices":[{"data":"Neutralize","floor":6,"key":"SMITH"},{"data":"Footwork","floor":12,"key":"SMITH"},{"floor":15,"key":"REST"}],"circlet_count":0,"master_deck":["conspire:GhostlyStrike","conspire:GhostlyStrike","conspire:GhostlyStrike","conspire:GhostlyStrike","conspire:GhostlyStrike","conspire:GhostlyDefend","conspire:GhostlyDefend","conspire:GhostlyDefend","conspire:GhostlyDefend","conspire:GhostlyDefend","Survivor","Neutralize+1","hexamod:Float","conspire:GhostlyDefend","Terror","Dash","Footwork+1","Hidden Blade","Die Die Die","Terror","Blade Dance"],"relics":["Ring of the Snake","hubris:CuriousFeather","CCEMRelics:Pendulum","hubris:Towel","hubris:Metronome","halation:LoveArrow"],"acts_visited":["Exordium","TheCity"],"potions_floor_usage":[20,20,20],"damage_taken":[{"damage":2,"enemies":"conspire:RoseBush","floor":1,"turns":3},{"damage":0,"enemies":"Cultist","floor":2,"turns":3},{"damage":5,"enemies":"2 Louse","floor":5,"turns":3},{"damage":1,"enemies":"Exordium Thugs","floor":10,"turns":4},{"damage":12,"enemies":"Large Slime","floor":11,"turns":7},{"damage":8,"enemies":"Lots of Slimes","floor":13,"turns":5},{"damage":6,"enemies":"The Guardian","floor":16,"turns":11},{"damage":39,"enemies":"3 Byrds","floor":18,"turns":8},{"damage":20,"enemies":"conspire:FuzzyDice","floor":20,"turns":3},{"damage":14,"enemies":"Snecko","floor":21,"turns":4}],"seed_played":"1401540806312421897","potions_obtained":[{"floor":2,"key":"Adrenaline Potion"},{"floor":11,"key":"AttackPotion"},{"floor":13,"key":"Weak Potion"}],"is_trial":false,"path_per_floor":["M","M","?","?","M","R","?","?","T","M","M","R","M","?","R","B",null,"M","?","M","M"],"character_chosen":"THE_SILENT","items_purchased":[],"campfire_rested":1,"item_purchase_floors":[],"current_hp_per_floor":[68,68,68,68,63,63,63,67,67,66,54,54,46,46,67,61,70,31,31,11,0,0],"gold":323,"neow_bonus":"ONE_RARE_RELIC","is_daily":false,"chose_seed":false,"campfire_upgraded":2,"win_rate":0.0,"timestamp":1608737543,"path_taken":["M","M","?","?","M","R","?","?","T","M","?","R","M","?","R","BOSS","M","?","?","M"],"items_purchased_type":[],"build_version":"2020-12-22","purchased_purges":0,"victory":false,"max_hp_per_floor":[70,70,70,70,70,70,70,70,70,70,70,70,70,70,70,70,70,70,70,70,70,70],"card_choices":[{"not_picked":["hubris:SlightOfHand","Underhanded Strike"],"picked":"Terror","floor":1},{"not_picked":["Bane","Outmaneuver"],"picked":"Doppelganger","floor":2},{"not_picked":["Distraction","Acrobatics"],"picked":"Dash","floor":5},{"not_picked":["Cloak And Dagger","Crippling Poison"],"picked":"Footwork","floor":10},{"not_picked":["Choke","Dodge and Roll","Deflect"],"picked":"SKIP","floor":11},{"not_picked":["Toxin Wave","Prepared"],"picked":"Hidden Blade","floor":13},{"not_picked":["Night Terror","Venomology"],"picked":"Die Die Die","floor":16},{"not_picked":["Prepared","Setup+1","Bane"],"picked":"SKIP","floor":18},{"not_picked":["Cloak And Dagger+1","Caltrops"],"picked":"Blade Dance","floor":20}],"player_experience":446356,"relics_obtained":[{"floor":4,"key":"CCEMRelics:Pendulum"},{"floor":9,"key":"hubris:Metronome"}],"event_choices":[{"damage_healed":0,"gold_gain":0,"player_choice":"Agree","damage_taken":0,"max_hp_gain":0,"max_hp_loss":0,"event_name":"conspire:LoneGhost","floor":3,"gold_loss":0},{"damage_healed":4,"gold_gain":0,"player_choice":"LEAVE ","damage_taken":0,"relics_obtained":[],"max_hp_gain":0,"max_hp_loss":0,"event_name":"betterSkull:BetterSkull","floor":8,"gold_loss":0,"cards_upgraded":[]},{"damage_healed":0,"gold_gain":0,"player_choice":"Leave","damage_taken":0,"max_hp_gain":0,"max_hp_loss":0,"event_name":"conspire:Investor","floor":14,"gold_loss":0},{"damage_healed":0,"gold_gain":0,"cards_transformed":["Doppelganger"],"player_choice":"Transformed","damage_taken":0,"max_hp_gain":0,"max_hp_loss":0,"event_name":"Transmorgrifier","floor":19,"gold_loss":0,"cards_obtained":["Terror"]}],"is_beta":false,"boss_relics":[{"not_picked":["Replay:Drink Me","aspiration:DefectSkillbook"],"picked":"halation:LoveArrow"}],"items_purged_floors":[],"is_endless":false,"potions_floor_spawned":[2,11,13],"killed_by":"Snecko","ascension_level":0}}