{"host":"sabve5zmqufxyc5o","time":1608718446,"event":{"mods":["2.2 Compatiblity","AchievementEnabler","Act Like it!","BaseMod","Block Reminder","Colored Map","Colored Powertips","DeckTracker","KOR Keyword Fix","Keyboard Shortcuts","Minty Spire (QoL Compilation)","Quick Restart","Rare Cards Sparkle","Relic Stats","StSLib","SuperFastMode"],"gold_per_floor":[216,235,24,42,62,93,93,123,123,133,133,151,163,196,196,270,270,281,281,293,37,37,70,70,104,104,115,144,154,173,98,98,175,175,188,204,215,215,108,108,43,43,43,60,60,60,86,36,36,36,36,36],"floor_reached":51,"playtime":1469,"items_purged":[],"score":1449,"play_id":"f7e0fbb9-2645-4477-be65-67c5b32b531d","local_time":"20201223191406","is_ascension_mode":true,"campfire_choices":[{"floor":7.0,"key":"REST"},{"floor":11.0,"key":"REST"},{"floor":15.0,"key":"REST"},{"floor":24.0,"key":"REST"},{"floor":32.0,"key":"REST"},{"floor":40.0,"key":"REST"},{"data":"Fusion","floor":42.0,"key":"SMITH"},{"floor":45.0,"key":"RECALL"},{"data":"Aggregate","floor":49.0,"key":"SMITH"}],"circlet_count":0,"master_deck":["AscendersBane","Zap","Dualcast","Hologram","Ball Lightning","Hologram","Go for the Eyes","Aggregate+1","Compile Driver+1","Cold Snap","Self Repair","Cold Snap","Echo Form","Undo","Core Surge+1","Coolheaded+1","Coolheaded","Streamline+1","Core Surge+1","BootSequence","Capacitor+1","Blizzard+1","Hologram","Compile Driver+1","Turbo","Buffer","Heatsinks+1","Blizzard+1","Doom and Gloom+1","Defragment","Capacitor","Double Energy","Steam Power","Fusion+1","Conserve Battery","Coolheaded","Beam Cell+1","Stack","Defragment","Stack","Sweeping Beam+1"],"relics":["Cracked Core","DataDisk","Smiling Mask","Strawberry","Question Card","Molten Egg 2","Cursed Key","Membership Card","Omamori","Gremlin Horn","Red Mask","Pandora\u0027s Box","Dream Catcher","Ancient Tea Set"],"acts_visited":["Exordium","TheCity","TheBeyond"],"potions_floor_usage":[50,51],"damage_taken":[{"damage":0.0,"enemies":"Small Slimes","floor":1.0,"turns":3.0},{"damage":2.0,"enemies":"2 Louse","floor":2.0,"turns":3.0},{"damage":0.0,"enemies":"Jaw Worm","floor":4.0,"turns":3.0},{"damage":9.0,"enemies":"2 Fungi Beasts","floor":5.0,"turns":3.0},{"damage":27.0,"enemies":"Lagavulin","floor":6.0,"turns":5.0},{"damage":22.0,"enemies":"3 Sentries","floor":8.0,"turns":6.0},{"damage":0.0,"enemies":"Large Slime","floor":10.0,"turns":4.0},{"damage":20.0,"enemies":"Exordium Thugs","floor":12.0,"turns":4.0},{"damage":19.0,"enemies":"Exordium Wildlife","floor":13.0,"turns":3.0},{"damage":31.0,"enemies":"Gremlin Nob","floor":14.0,"turns":4.0},{"damage":31.0,"enemies":"Hexaghost","floor":16.0,"turns":11.0},{"damage":6.0,"enemies":"Shell Parasite","floor":18.0,"turns":7.0},{"damage":0.0,"enemies":"Spheric Guardian","floor":20.0,"turns":3.0},{"damage":26.0,"enemies":"Gremlin Leader","floor":23.0,"turns":6.0},{"damage":41.0,"enemies":"Book of Stabbing","floor":25.0,"turns":7.0},{"damage":0.0,"enemies":"Centurion and Healer","floor":27.0,"turns":6.0},{"damage":16.0,"enemies":"Masked Bandits","floor":28.0,"turns":5.0},{"damage":18.0,"enemies":"Snecko","floor":29.0,"turns":6.0},{"damage":13.0,"enemies":"Cultist and Chosen","floor":30.0,"turns":4.0},{"damage":42.0,"enemies":"Champ","floor":33.0,"turns":13.0},{"damage":0.0,"enemies":"3 Shapes","floor":35.0,"turns":6.0},{"damage":21.0,"enemies":"3 Darklings","floor":36.0,"turns":5.0},{"damage":4.0,"enemies":"Transient","floor":37.0,"turns":6.0},{"damage":0.0,"enemies":"Jaw Worm Horde","floor":44.0,"turns":3.0},{"damage":9.0,"enemies":"Reptomancer","floor":47.0,"turns":5.0},{"damage":66,"enemies":"Awakened One","floor":50,"turns":14},{"damage":11,"enemies":"Donu and Deca","floor":51,"turns":1}],"seed_played":"-41602530639770217","potions_obtained":[{"floor":2.0,"key":"Weak Potion"},{"floor":4.0,"key":"FairyPotion"},{"floor":6.0,"key":"SneckoOil"},{"floor":13.0,"key":"Explosive Potion"},{"floor":25.0,"key":"Strength Potion"},{"floor":27.0,"key":"FearPotion"},{"floor":28.0,"key":"BlessingOfTheForge"},{"floor":36.0,"key":"PotionOfCapacity"},{"floor":37.0,"key":"SkillPotion"},{"floor":47.0,"key":"Energy Potion"}],"is_trial":false,"path_per_floor":["M","M","$","M","M","E","R","E","T","M","R","M","M","E","R","B",null,"M","?","M","$","?","E","R","E","T","M","?","M","M","?","R","B",null,"M","M","M","?","$","R","$","R","T","M","R","T","E","?","R","B","B"],"character_chosen":"DEFECT","items_purchased":["DataDisk","Hologram","Membership Card","Streamline+1","Core Surge+1","Dream Catcher","Coolheaded","Stack","Defragment"],"campfire_rested":6,"item_purchase_floors":[3,3,21,21,21,39,39,41,41],"current_hp_per_floor":[64,62,62,62,53,26,47,32,32,32,55,42,23,23,46,22,64,65,65,72,72,72,53,76,42,42,49,40,29,23,23,46,11,61,68,54,50,50,50,72,72,72,72,72,72,72,70,70,70,4,0,0],"gold":36,"neow_bonus":"HUNDRED_GOLD","is_daily":false,"chose_seed":false,"campfire_upgraded":2,"win_rate":0.0,"timestamp":1608718446,"path_taken":["M","M","$","M","M","E","R","E","T","M","R","M","M","E","R","BOSS","M","?","M","$","?","E","R","E","T","M","?","?","M","?","R","BOSS","M","M","M","?","$","R","?","R","T","M","R","?","E","?","R","BOSS","BOSS"],"items_purchased_type":["Relic","Card","Relic","Card","Card","Relic","Card","Card","Card"],"build_version":"2020-12-22","purchased_purges":0,"victory":false,"max_hp_per_floor":[71,71,71,71,71,71,71,78,78,78,78,78,78,78,78,78,78,78,78,78,78,78,78,78,78,78,78,78,78,78,78,78,78,78,78,78,78,74,74,74,74,74,74,74,74,74,74,74,74,74,74,74],"relic_stats":{"Dream Catcher":1,"Gremlin Horn":[21,21],"counters":[27,146],"Pandora\u0027s Box":["Heatsinks","Blizzard","Doom and Gloom","Defragment","Capacitor","Double Energy","Steam Power"],"Smiling Mask":0,"Question Card":20,"Cursed Key":1,"obtain_stats":[{"Gremlin Horn":25,"Omamori":23,"Smiling Mask":6,"Question Card":9,"Cursed Key":17,"Ancient Tea Set":47,"DataDisk":3,"Dream Catcher":39,"Strawberry":8,"Molten Egg 2":14,"Pandora\u0027s Box":34,"Red Mask":28,"Membership Card":21,"Cracked Core":0},{"Gremlin Horn":15,"Omamori":14,"Smiling Mask":5,"Question Card":6,"Cursed Key":11,"Ancient Tea Set":25,"DataDisk":2,"Dream Catcher":23,"Strawberry":6,"Molten Egg 2":10,"Pandora\u0027s Box":20,"Red Mask":17,"Membership Card":13,"Cracked Core":0},{"Gremlin Horn":72,"Omamori":65,"Smiling Mask":17,"Question Card":23,"Cursed Key":49,"Ancient Tea Set":131,"DataDisk":6,"Dream Catcher":123,"Strawberry":23,"Molten Egg 2":38,"Pandora\u0027s Box":106,"Red Mask":83,"Membership Card":59,"Cracked Core":0}]},"card_choices":[{"not_picked":["Redo","Steam Power"],"picked":"Hologram","floor":1.0},{"not_picked":["Turbo","Stack"],"picked":"Ball Lightning","floor":2.0},{"not_picked":["Steam","Hologram"],"picked":"Go for the Eyes","floor":4.0},{"not_picked":["Double Energy","Redo"],"picked":"Aggregate","floor":5.0},{"not_picked":["Multi-Cast","Hello World"],"picked":"Compile Driver","floor":6.0},{"not_picked":["Biased Cognition","Stack"],"picked":"Cold Snap","floor":8.0},{"not_picked":["Hologram","Coolheaded","Static Discharge"],"picked":"Self Repair","floor":10.0},{"not_picked":["Redo","Steam","Undo"],"picked":"Cold Snap","floor":12.0},{"not_picked":["Turbo","Cold Snap","Barrage"],"picked":"Echo Form","floor":13.0},{"not_picked":["Meteor Strike+1","Recycle","Steam"],"picked":"Undo","floor":14.0},{"not_picked":["Rainbow","Meteor Strike+1","Biased Cognition"],"picked":"Core Surge+1","floor":16.0},{"not_picked":["Undo","Cold Snap+1","Compile Driver+1"],"picked":"Coolheaded+1","floor":18.0},{"not_picked":["Heatsinks","Cold Snap+1","Recycle"],"picked":"Coolheaded","floor":20.0},{"not_picked":["FTL+1","Static Discharge","Beam Cell+1"],"picked":"BootSequence","floor":23.0},{"not_picked":["Conserve Battery","All For One+1","Compile Driver+1"],"picked":"Capacitor+1","floor":25.0},{"not_picked":["Reprogram","Darkness","Steam"],"picked":"Blizzard+1","floor":27.0},{"not_picked":["Melter+1","Hello World+1","Chill"],"picked":"Hologram","floor":28.0},{"not_picked":["Hologram","Gash+1","Undo"],"picked":"Compile Driver+1","floor":29.0},{"not_picked":["FTL+1","Hello World+1","Beam Cell+1"],"picked":"Turbo","floor":30.0},{"not_picked":["Multi-Cast","Creative AI","Hyperbeam+1"],"picked":"Buffer","floor":33.0},{"not_picked":["Streamline+1","Leap","Turbo"],"picked":"Fusion","floor":35.0},{"not_picked":["Turbo","Self Repair+1","Reinforced Body"],"picked":"Conserve Battery","floor":36.0},{"not_picked":["Hello World+1","Streamline+1","Auto Shields","Rip and Tear+1"],"picked":"SKIP","floor":37.0},{"not_picked":["Undo","FTL+1","Lockon+1"],"picked":"Beam Cell+1","floor":40.0},{"not_picked":["Hello World","Coolheaded","Compile Driver+1"],"picked":"Stack","floor":44.0},{"not_picked":["Recycle","Multi-Cast","Gash+1"],"picked":"Sweeping Beam+1","floor":47.0}],"player_experience":800568,"relics_obtained":[{"floor":6.0,"key":"Smiling Mask"},{"floor":8.0,"key":"Strawberry"},{"floor":9.0,"key":"Question Card"},{"floor":14.0,"key":"Molten Egg 2"},{"floor":23.0,"key":"Omamori"},{"floor":25.0,"key":"Gremlin Horn"},{"floor":28.0,"key":"Red Mask"},{"floor":47.0,"key":"Ancient Tea Set"}],"event_choices":[{"damage_healed":0.0,"max_hp_gain":0.0,"max_hp_loss":0.0,"gold_gain":0.0,"event_name":"Back to Basics","player_choice":"Simplicity","floor":19.0,"gold_loss":0.0,"damage_taken":0.0,"cards_upgraded":["Strike_B","Strike_B","Strike_B","Strike_B","Defend_B","Defend_B","Defend_B","Defend_B"]},{"damage_healed":0.0,"max_hp_gain":0.0,"max_hp_loss":0.0,"gold_gain":0.0,"event_name":"Cursed Tome","player_choice":"Ignored","floor":22.0,"gold_loss":0.0,"damage_taken":0.0},{"damage_healed":0.0,"max_hp_gain":0.0,"max_hp_loss":0.0,"gold_gain":0.0,"event_name":"Masked Bandits","player_choice":"Fought Bandits","floor":28.0,"gold_loss":0.0,"damage_taken":0.0},{"cards_removed":["Strike_B"],"damage_healed":0.0,"max_hp_gain":0.0,"max_hp_loss":0.0,"gold_gain":0.0,"event_name":"Beggar","player_choice":"Gave Gold","floor":31.0,"gold_loss":75.0,"damage_taken":0.0},{"damage_healed":0.0,"max_hp_gain":0.0,"max_hp_loss":4.0,"gold_gain":0.0,"event_name":"Winding Halls","player_choice":"Max HP","floor":38.0,"gold_loss":0.0,"damage_taken":0.0},{"damage_healed":0.0,"max_hp_gain":0.0,"max_hp_loss":0.0,"gold_gain":0.0,"event_name":"Designer","player_choice":"Upgraded Two","floor":48.0,"gold_loss":50.0,"damage_taken":0.0,"cards_upgraded":["Heatsinks","Compile Driver"]}],"is_beta":false,"boss_relics":[{"not_picked":["Busted Crown","Inserter"],"picked":"Cursed Key"},{"not_picked":["Black Star","Velvet Choker"],"picked":"Pandora\u0027s Box"}],"items_purged_floors":[],"is_endless":false,"potions_floor_spawned":[2,4,6,13,25,27,28,29,36,37,47],"killed_by":"Donu and Deca","ascension_level":20}}