{"host":"0ae80r8lzpl1kk8y","time":1608718767,"event":{"mods":["BaseMod","Colored Map","Colored Powertips","Minty Spire (QoL Compilation)","Quick Restart","Shop Mod","StSLib","Unceasing Turn Reminder"],"gold_per_floor":[114,114,129,129,148,186,261,261,261,280,280,318,318,356,356,481,481,500,519,519,44,44,82,101,51,51,51,89,108,108,108,108,108,108],"floor_reached":33,"playtime":1737,"items_purged":["Injury","Shame"],"score":326,"play_id":"35e1afaa-c072-4ac2-8027-06bb2d69f7e6","local_time":"20201223121927","daily_mods":["SealedDeck","Red Cards","Night Terrors"],"is_ascension_mode":false,"campfire_choices":[{"floor":8.0,"key":"REST"},{"data":"ClearTheMind","floor":11.0,"key":"SMITH"},{"data":"Conclude","floor":13.0,"key":"SMITH"},{"floor":15.0,"key":"REST"},{"floor":32,"key":"REST"}],"circlet_count":0,"master_deck":["Twin Strike","Collect","Thunderclap","ClearTheMind+1","Conclude+1","BowlingBash","EmptyFist","FlurryOfBlows","ClearTheMind","Protect","Pommel Strike","FlyingSleeves","Blasphemy","Shrug It Off+1","Cleave","Bite","Bite","Bite","Bite","Bite","InnerPeace+1","EmptyFist+1","Entrench","EmptyFist+1"],"relics":["PureWater","Golden Idol","Blue Candle","StrikeDummy","Question Card","StoneCalendar","Busted Crown","Eternal Feather","Lee\u0027s Waffle","Smiling Mask","MealTicket","Dead Branch","CaptainsWheel","MutagenicStrength"],"acts_visited":["Exordium","TheCity"],"potions_floor_usage":[23,23,24,24],"damage_taken":[{"damage":0.0,"enemies":"2 Louse","floor":1.0,"turns":2.0},{"damage":3.0,"enemies":"Jaw Worm","floor":3.0,"turns":2.0},{"damage":0.0,"enemies":"Small Slimes","floor":5.0,"turns":2.0},{"damage":14.0,"enemies":"Gremlin Nob","floor":6.0,"turns":4.0},{"damage":0.0,"enemies":"2 Fungi Beasts","floor":10.0,"turns":2.0},{"damage":10.0,"enemies":"3 Sentries","floor":12.0,"turns":4.0},{"damage":16.0,"enemies":"Lagavulin","floor":14.0,"turns":4.0},{"damage":21.0,"enemies":"Hexaghost","floor":16.0,"turns":7.0},{"damage":12,"enemies":"Shell Parasite","floor":18,"turns":4},{"damage":0,"enemies":"3 Byrds","floor":19,"turns":4},{"damage":36,"enemies":"Slavers","floor":23,"turns":5},{"damage":6,"enemies":"Snecko","floor":24,"turns":4},{"damage":16,"enemies":"Gremlin Leader","floor":28,"turns":3},{"damage":18,"enemies":"Shelled Parasite and Fungi","floor":29,"turns":5},{"damage":56,"enemies":"Collector","floor":33,"turns":7}],"seed_played":"4926568582952100995","potions_obtained":[{"floor":1.0,"key":"EntropicBrew"},{"floor":6.0,"key":"StancePotion"},{"floor":10.0,"key":"DistilledChaos"},{"floor":18,"key":"GamblersBrew"},{"floor":23,"key":"BottledMiracle"},{"floor":29,"key":"DuplicationPotion"}],"is_trial":false,"path_per_floor":["M","$","M","?","M","E","?","R","T","M","R","E","R","E","R","B",null,"M","M","?","$","?","E","M","$","T","?","E","M","?","?","R","B"],"character_chosen":"WATCHER","items_purchased":["Eternal Feather","Lee\u0027s Waffle"],"campfire_rested":3,"item_purchase_floors":[21,21],"current_hp_per_floor":[72,72,69,69,69,55,44,67,67,67,67,57,57,41,62,41,62,50,50,43,50,50,22,26,41,41,41,27,19,19,19,45,0,0],"gold":108,"neow_bonus":"","is_daily":true,"chose_seed":false,"campfire_upgraded":2,"win_rate":0.0,"timestamp":1608718767,"path_taken":["M","$","M","?","M","E","?","R","T","M","R","E","R","E","R","BOSS","M","M","?","$","?","E","M","$","T","?","E","M","?","?","R","BOSS"],"items_purchased_type":["Relic","Relic"],"build_version":"2020-12-22","purchased_purges":2,"victory":false,"max_hp_per_floor":[72,72,72,72,72,72,72,67,67,67,67,67,67,67,62,62,62,62,62,43,50,50,50,50,50,50,50,50,50,50,50,45,45,45],"card_choices":[{"not_picked":["Wallop","Blood for Blood","Sword Boomerang"],"picked":"SKIP","floor":1.0},{"not_picked":["Twin Strike","True Grit","Adaptation"],"picked":"SKIP","floor":3.0},{"not_picked":["ClearTheMind","Sword Boomerang"],"picked":"Protect","floor":5.0},{"not_picked":["Corruption","ClearTheMind","WreathOfFlame"],"picked":"SKIP","floor":6.0},{"not_picked":["JustLucky","Burning Pact"],"picked":"Pommel Strike","floor":10.0},{"not_picked":["Combust","Ragnarok"],"picked":"FlyingSleeves","floor":12.0},{"not_picked":["Iron Wave","CutThroughFate","Flex","Nirvana"],"picked":"SKIP","floor":14.0},{"not_picked":["Feed","Omniscience","Offering"],"picked":"Blasphemy","floor":16.0},{"not_picked":["Havoc"],"picked":"Shrug It Off+1","floor":18},{"not_picked":["Heavy Blade+1"],"picked":"Cleave","floor":19},{"not_picked":["Sentinel","Sever Soul"],"picked":"SKIP","floor":23},{"not_picked":["EmptyFist"],"picked":"InnerPeace+1","floor":24},{"not_picked":["BowlingBash"],"picked":"EmptyFist+1","floor":28},{"not_picked":["Weave"],"picked":"Entrench","floor":29}],"player_experience":260309,"relics_obtained":[{"floor":6.0,"key":"Blue Candle"},{"floor":9.0,"key":"StrikeDummy"},{"floor":12.0,"key":"Question Card"},{"floor":14.0,"key":"StoneCalendar"},{"floor":23,"key":"MealTicket"},{"floor":26,"key":"Dead Branch"},{"floor":28,"key":"CaptainsWheel"}],"event_choices":[{"damage_healed":0.0,"max_hp_gain":0.0,"max_hp_loss":0.0,"gold_gain":0.0,"event_name":"Golden Idol","player_choice":"Take Wound","floor":4.0,"gold_loss":0.0,"damage_taken":0.0,"relics_obtained":["Golden Idol"],"cards_obtained":["Injury"]},{"damage_healed":0.0,"max_hp_gain":0.0,"max_hp_loss":0.0,"gold_gain":75.0,"event_name":"World of Goop","player_choice":"Gather Gold","floor":7.0,"gold_loss":0.0,"damage_taken":11.0},{"damage_healed":0,"gold_gain":0,"player_choice":"Became a vampire","damage_taken":0,"max_hp_gain":0,"max_hp_loss":19,"event_name":"Vampires","floor":20,"gold_loss":0,"cards_obtained":["Bite","Bite","Bite","Bite","Bite"]},{"damage_healed":0,"gold_gain":0,"player_choice":"Stole Relic","damage_taken":0,"relics_obtained":["Smiling Mask"],"max_hp_gain":0,"max_hp_loss":0,"event_name":"Addict","floor":22,"gold_loss":0,"cards_obtained":["Shame"]},{"cards_removed":["Shrug It Off"],"damage_healed":0,"gold_gain":0,"player_choice":"Elegance","damage_taken":0,"max_hp_gain":0,"max_hp_loss":0,"event_name":"Back to Basics","floor":27,"gold_loss":0},{"damage_healed":0,"gold_gain":0,"player_choice":"Inject Mutagens","damage_taken":0,"relics_obtained":["MutagenicStrength"],"max_hp_gain":0,"max_hp_loss":0,"event_name":"Drug Dealer","floor":30,"gold_loss":0},{"damage_healed":0,"gold_gain":0,"player_choice":"Copied","damage_taken":0,"max_hp_gain":0,"max_hp_loss":0,"event_name":"Duplicator","floor":31,"gold_loss":0,"cards_obtained":["EmptyFist"]}],"is_beta":false,"boss_relics":[{"not_picked":["Ectoplasm","Runic Pyramid"],"picked":"Busted Crown"}],"items_purged_floors":[21,25],"is_endless":false,"potions_floor_spawned":[1,6,10,18,23,29],"killed_by":"Collector","ascension_level":0}}