{"host":"2461dio7vetlq1z3","time":1608687350,"event":{"mods":["2.2 Compatiblity","AchievementEnabler","BaseMod","Better Third Choice","Hermit","Marisa????????","Minty Spire (QoL Compilation)","Relic Stats","Spicy Shops","StSLib","The Runesmith","Waifu the Spire"],"gold_per_floor":[116,130,130,147,38,66,66,95,95,95,95,129,24,41,41,115,115,129,139,150,170,12,42,42,42,42,42,76,76,76,108,108,185,185,195,195,214,224,1,1,26,45,45,63,96,110,30,81,81,81,81,81,24,58,58],"floor_reached":56,"playtime":3737,"items_purged":["Strike_MRS","Strike_MRS"],"score":2159,"play_id":"a59f0554-b739-4484-9cad-e4d45b204710","local_time":"20201223023550","is_ascension_mode":true,"campfire_choices":[{"data":"CasketOfStar","floor":7,"key":"SMITH"},{"floor":10,"key":"REST"},{"floor":15,"key":"REST"},{"floor":27,"key":"REST"},{"floor":29,"key":"DIG"},{"data":"OrrerysSun","floor":32,"key":"SMITH"},{"data":"DragonMeteor","floor":40,"key":"SMITH"},{"floor":49,"key":"RECALL"},{"data":"OrrerysSun","floor":52,"key":"SMITH"}],"circlet_count":0,"master_deck":["AscendersBane","Strike_MRS","Strike_MRS","Defend_MRS+1","Defend_MRS","Defend_MRS","Defend_MRS","MasterSpark","UpSweep","CasketOfStar+1","DoubleSpark","DC","AsteroidBelt+1","AsteroidBelt","RefractionSpark","Parasite","Parasite","DragonMeteor+1","OrrerysSun+1","MilkyWay+1","CasketOfStar+1","DragonMeteor","EventHorizon","Parasite","GalacticHalo","OrrerysSun+1","Singularity"],"relics":["BewitchedHakkero","Anchor","Singing Bowl","War Paint","Happy Flower","Shovel","ShroomBag","MealTicket","Snecko Eye","DollysMirror","Oddly Smooth Stone","betterThird:NestCultRelic","Bottled Tornado","HornCleat","Darkstone Periapt","Nunchaku","Dream Catcher","Centennial Puzzle","Pocketwatch","Blue Candle"],"acts_visited":["Exordium","TheCity","TheBeyond","TheEnding"],"potions_floor_usage":[8,12,20,28,31,41,41,50,55,55],"damage_taken":[{"damage":2,"enemies":"2 Louse","floor":1,"turns":3},{"damage":3,"enemies":"Small Slimes","floor":2,"turns":4},{"damage":1,"enemies":"Cultist","floor":4,"turns":3},{"damage":22,"enemies":"Lagavulin","floor":6,"turns":9},{"damage":22,"enemies":"Gremlin Nob","floor":8,"turns":5},{"damage":15,"enemies":"Lagavulin","floor":12,"turns":6},{"damage":10,"enemies":"Exordium Thugs","floor":14,"turns":4},{"damage":26,"enemies":"Hexaghost","floor":16,"turns":10},{"damage":9,"enemies":"3 Byrds","floor":18,"turns":4},{"damage":9,"enemies":"Chosen","floor":19,"turns":4},{"damage":8,"enemies":"3 Cultists","floor":20,"turns":6},{"damage":5,"enemies":"Chosen and Byrds","floor":21,"turns":7},{"damage":17,"enemies":"Gremlin Leader","floor":23,"turns":7},{"damage":29,"enemies":"Slavers","floor":28,"turns":6},{"damage":0,"enemies":"Book of Stabbing","floor":31,"turns":4},{"damage":13,"enemies":"Champ","floor":33,"turns":7},{"damage":1,"enemies":"Orb Walker","floor":35,"turns":3},{"damage":0,"enemies":"3 Shapes","floor":37,"turns":4},{"damage":32,"enemies":"3 Darklings","floor":38,"turns":5},{"damage":3,"enemies":"Giant Head","floor":41,"turns":6},{"damage":8,"enemies":"Spire Growth","floor":42,"turns":3},{"damage":0,"enemies":"Sphere and 2 Shapes","floor":44,"turns":5},{"damage":35,"enemies":"Nemesis","floor":45,"turns":5},{"damage":1,"enemies":"Maw","floor":46,"turns":5},{"damage":19,"enemies":"2 Orb Walkers","floor":48,"turns":4},{"damage":15,"enemies":"Donu and Deca","floor":50,"turns":6},{"damage":63,"enemies":"Shield and Spear","floor":54,"turns":6},{"damage":46,"enemies":"The Heart","floor":55,"turns":7}],"seed_played":"-1452694612253852653","potions_obtained":[{"floor":1,"key":"Weak Potion"},{"floor":6,"key":"Block Potion"},{"floor":8,"key":"Block Potion"},{"floor":18,"key":"BlessingOfTheForge"},{"floor":28,"key":"Weak Potion"},{"floor":31,"key":"SpeedPotion"},{"floor":35,"key":"Energy Potion"},{"floor":44,"key":"PowerPotion"},{"floor":45,"key":"Strength Potion"},{"floor":54,"key":"Ancient Potion"}],"is_trial":false,"path_per_floor":["M","M","?","M","$","E","R","E","T","R","?","E","?","M","R","B",null,"M","M","M","M","$","E","?","?","T","R","E","R","?","E","R","B",null,"M","?","M","M","$","R","E","M","T","M","E","M","$","?","R","B",null,"R","$","E","B",null],"character_chosen":"MARISA","items_purchased":["AsteroidBelt","DollysMirror","Regen Potion","Singularity","Energy Potion"],"campfire_rested":3,"item_purchase_floors":[5,22,39,47,53],"current_hp_per_floor":[43,40,63,62,62,40,40,20,20,41,24,9,9,5,27,7,59,56,51,47,48,63,50,50,27,27,52,29,29,29,35,35,28,75,78,84,90,64,79,79,101,95,95,101,74,81,96,85,85,76,101,101,109,54,14],"gold":58,"neow_bonus":"THREE_RARE_CARDS","is_daily":false,"chose_seed":false,"campfire_upgraded":4,"win_rate":0.0,"timestamp":1608687350,"path_taken":["M","M","?","?","$","E","R","E","T","R","?","E","?","M","R","BOSS","M","?","M","M","$","E","?","?","T","R","E","R","?","E","R","BOSS","M","?","?","M","$","R","E","M","T","M","E","M","$","?","R","BOSS","R","$","E","BOSS"],"items_purchased_type":["Card","Relic","Potion","Card","Potion"],"build_version":"2020-12-13","purchased_purges":2,"victory":true,"max_hp_per_floor":[70,70,70,70,70,70,70,72,72,72,72,72,72,74,74,76,76,78,78,78,80,80,80,80,85,85,85,87,87,87,89,89,91,91,91,97,99,99,99,99,101,101,101,103,105,107,107,109,109,109,109,109,109,111,111],"relic_stats":{"Darkstone Periapt":6,"Singing Bowl":30,"Happy Flower":[41],"counters":[28,148],"Blue Candle":[4],"War Paint":["AsteroidBelt","Defend_MRS"],"Nunchaku":[17],"Dream Catcher":0,"Centennial Puzzle":[15],"Shovel":1,"Snecko Eye":[137,166,151,155],"MealTicket":53,"obtain_stats":[{"Darkstone Periapt":31,"Singing Bowl":8,"Happy Flower":11,"Blue Candle":54,"Oddly Smooth Stone":23,"betterThird:NestCultRelic":24,"War Paint":9,"Bottled Tornado":28,"ShroomBag":12,"Anchor":6,"Nunchaku":41,"Dream Catcher":43,"Centennial Puzzle":45,"Shovel":11,"HornCleat":29,"DollysMirror":22,"Snecko Eye":17,"MealTicket":13,"MiniHakkero":0,"BewitchedHakkero":34,"Pocketwatch":48},{"Darkstone Periapt":15,"Singing Bowl":5,"Happy Flower":5,"Blue Candle":27,"Oddly Smooth Stone":13,"betterThird:NestCultRelic":13,"War Paint":5,"Bottled Tornado":14,"ShroomBag":6,"Anchor":4,"Nunchaku":20,"Dream Catcher":21,"Centennial Puzzle":23,"Shovel":5,"HornCleat":14,"DollysMirror":12,"Snecko Eye":8,"MealTicket":6,"MiniHakkero":0,"BewitchedHakkero":16,"Pocketwatch":25},{"Darkstone Periapt":82,"Singing Bowl":24,"Happy Flower":24,"Blue Candle":141,"Oddly Smooth Stone":72,"betterThird:NestCultRelic":72,"War Paint":24,"Bottled Tornado":78,"ShroomBag":30,"Anchor":19,"Nunchaku":107,"Dream Catcher":110,"Centennial Puzzle":120,"Shovel":24,"HornCleat":78,"DollysMirror":65,"Snecko Eye":44,"MealTicket":30,"MiniHakkero":0,"BewitchedHakkero":89,"Pocketwatch":129}],"Pocketwatch":[6]},"card_choices":[{"not_picked":["AbsoluteMagnitude","MaximisePower"],"picked":"CasketOfStar","floor":0},{"not_picked":["EnergyFlow","ShootingEcho"],"picked":"DoubleSpark","floor":1},{"not_picked":["SuperPerseids","EnergyRecoil"],"picked":"DC","floor":2},{"not_picked":["GalacticHalo","DarkSpark"],"picked":"AsteroidBelt","floor":4},{"not_picked":["MeteoricShower","SprinkleStarSeal"],"picked":"RefractionSpark","floor":6},{"not_picked":["GrandCross","GasGiant","UnstableBomb"],"picked":"Singing Bowl","floor":8},{"not_picked":["DC","PropBag"],"picked":"DragonMeteor","floor":12},{"not_picked":["GrandCross","DoubleSpark","GasGiant"],"picked":"Singing Bowl","floor":14},{"not_picked":["SatelliteIllusion","JA","BlazingStar"],"picked":"Singing Bowl","floor":16},{"not_picked":["MysteriousBeam","NonDirectionalLaser","DeepEcoloBomb+1"],"picked":"Singing Bowl","floor":18},{"not_picked":["GrandCross","6A"],"picked":"OrrerysSun","floor":19},{"not_picked":["UnstableBomb","MysteriousBeam"],"picked":"MilkyWay+1","floor":20},{"not_picked":["LuminesStrike","PulseMagic","DarkMatter"],"picked":"Singing Bowl","floor":21},{"not_picked":["MagicAbsorber","6A"],"picked":"DragonMeteor","floor":23},{"not_picked":["EscapeVelocity","OortCloud","ShootingEcho"],"picked":"Singing Bowl","floor":28},{"not_picked":["DC","IllusionStar","AsteroidBelt"],"picked":"Singing Bowl","floor":31},{"not_picked":["SuperNova","EscapeVelocity","BigCrunch"],"picked":"Singing Bowl","floor":33},{"not_picked":["SporeBomb","GravityBeat"],"picked":"EventHorizon","floor":35},{"not_picked":["NonDirectionalLaser","IllusionStar","FairyDestructionRay"],"picked":"Singing Bowl","floor":37},{"not_picked":["PulseMagic","PowerUp"],"picked":"GalacticHalo","floor":38},{"not_picked":["FairyDestructionRay+1","PowerUp","EventHorizon+1"],"picked":"Singing Bowl","floor":41},{"not_picked":["Orbital","UnstableBomb"],"picked":"OrrerysSun","floor":42},{"not_picked":["ManaConvection","BinaryStars","MysteriousBeam+1"],"picked":"Singing Bowl","floor":44},{"not_picked":["ShootTheMoon+1","EnergyRecoil+1","IllusionStar"],"picked":"Singing Bowl","floor":45},{"not_picked":["MysteriousBeam","WitchLeyline+1","DC+1"],"picked":"Singing Bowl","floor":46},{"not_picked":["AlicesGift","DC+1","GrandCross"],"picked":"Singing Bowl","floor":48},{"not_picked":["MysteriousBeam","FairyDestructionRay","IllusionStar+1"],"picked":"Singing Bowl","floor":54}],"player_experience":949640,"relics_obtained":[{"floor":6,"key":"Anchor"},{"floor":8,"key":"Singing Bowl"},{"floor":9,"key":"War Paint"},{"floor":12,"key":"ShroomBag"},{"floor":23,"key":"Oddly Smooth Stone"},{"floor":28,"key":"Bottled Tornado"},{"floor":29,"key":"HornCleat"},{"floor":31,"key":"Darkstone Periapt"},{"floor":41,"key":"Nunchaku"},{"floor":43,"key":"Dream Catcher"},{"floor":45,"key":"Centennial Puzzle"},{"floor":48,"key":"Pocketwatch"},{"floor":54,"key":"Blue Candle"}],"event_choices":[{"damage_healed":23,"gold_gain":0,"player_choice":"Banana","damage_taken":0,"max_hp_gain":0,"max_hp_loss":0,"event_name":"Big Fish","floor":3,"gold_loss":0},{"damage_healed":0,"gold_gain":1,"player_choice":"Relic Relic ","damage_taken":17,"max_hp_gain":0,"max_hp_loss":0,"event_name":"betterThird:BetterScrap","floor":11,"gold_loss":0,"cards_obtained":["Conclude"]},{"damage_healed":0,"gold_gain":0,"player_choice":"Paid Gold","damage_taken":0,"relics_obtained":["MealTicket"],"max_hp_gain":0,"max_hp_loss":0,"event_name":"WeMeetAgain","floor":13,"gold_loss":105},{"damage_healed":0,"gold_gain":0,"player_choice":"Madness","damage_taken":0,"relics_obtained":["betterThird:NestCultRelic"],"max_hp_gain":0,"max_hp_loss":0,"event_name":"betterThird:BetterNest","floor":24,"gold_loss":0},{"damage_healed":0,"gold_gain":0,"player_choice":"Shed Blood","damage_taken":28,"max_hp_gain":5,"max_hp_loss":0,"event_name":"Forgotten Altar","floor":25,"gold_loss":0},{"damage_healed":0,"gold_gain":0,"player_choice":"1 cards matched","damage_taken":0,"max_hp_gain":0,"max_hp_loss":0,"event_name":"Match and Keep!","floor":36,"gold_loss":0,"cards_obtained":["Parasite"]},{"damage_healed":0,"gold_gain":0,"player_choice":"Fight","damage_taken":0,"max_hp_gain":0,"max_hp_loss":0,"event_name":"Mysterious Sphere","floor":48,"gold_loss":0}],"is_beta":false,"boss_relics":[{"not_picked":["Philosopher\u0027s Stone","Calling Bell"],"picked":"Snecko Eye"},{"not_picked":["Empty Cage","Velvet Choker"],"picked":"BewitchedHakkero"}],"items_purged_floors":[5,39],"is_endless":false,"potions_floor_spawned":[1,6,8,18,19,28,31,35,44,45,54],"ascension_level":16}}