{"host":"9ndbo4kgsfoemf7y","time":1608727483,"event":{"mods":["AchievementEnabler","BaseMod","Colored Map","DeckTracker","Keyboard Shortcuts","Minty Spire (QoL Compilation)","Permanent Neow","Quick Restart","Relic Stats","StSLib","SuperFastMode"],"gold_per_floor":[112,122,141,157,170,196,196,227,251,251,251],"floor_reached":10,"playtime":320,"items_purged":[],"score":156,"play_id":"6854c2bf-0e57-4401-8313-83699b790e41","local_time":"20201223214443","is_ascension_mode":true,"campfire_choices":[{"floor":7,"key":"REST"}],"circlet_count":0,"master_deck":["AscendersBane","Survivor","Neutralize","Die Die Die","Doppelganger","Sucker Punch","Poisoned Stab","Bullet Time","Noxious Fumes","Dash","Night Terror","A Thousand Cuts","Dagger Spray","Heel Hook","Cloak And Dagger","Blade Dance","Infinite Blades","Terror"],"relics":["Pandora\u0027s Box","Happy Flower","Potion Belt","Art of War"],"acts_visited":["Exordium"],"potions_floor_usage":[6,10],"damage_taken":[{"damage":0.0,"enemies":"2 Louse","floor":1.0,"turns":1.0},{"damage":4.0,"enemies":"Small Slimes","floor":2.0,"turns":3.0},{"damage":4.0,"enemies":"Cultist","floor":3.0,"turns":3.0},{"damage":0.0,"enemies":"Exordium Thugs","floor":4.0,"turns":3.0},{"damage":13,"enemies":"Exordium Wildlife","floor":5,"turns":3},{"damage":24,"enemies":"3 Sentries","floor":6,"turns":6},{"damage":21,"enemies":"Lagavulin","floor":8,"turns":6},{"damage":14,"enemies":"3 Sentries","floor":10,"turns":3}],"seed_played":"6051693543284419671","potions_obtained":[{"floor":3.0,"key":"CunningPotion"},{"floor":4.0,"key":"SpeedPotion"},{"floor":6,"key":"LiquidBronze"},{"floor":8,"key":"CunningPotion"}],"is_trial":false,"path_per_floor":["M","M","M","M","M","E","R","E","T","E"],"character_chosen":"THE_SILENT","items_purchased":[],"campfire_rested":1,"item_purchase_floors":[],"current_hp_per_floor":[59,55,51,51,38,14,33,12,12,0,0],"gold":251,"neow_bonus":"BOSS_RELIC","is_daily":false,"chose_seed":false,"campfire_upgraded":0,"win_rate":0.0,"timestamp":1608727483,"path_taken":["M","M","M","M","M","E","R","E","T","E"],"items_purchased_type":[],"build_version":"2020-12-22","purchased_purges":0,"victory":false,"max_hp_per_floor":[66,66,66,66,66,66,66,66,66,66,66],"relic_stats":{"Happy Flower":[3],"counters":[8,28],"Pandora\u0027s Box":["Die Die Die","Doppelganger","Sucker Punch","Poisoned Stab","Bullet Time","Noxious Fumes","Dash","Night Terror","A Thousand Cuts","Dagger Spray"],"Art of War":[0],"obtain_stats":[{"Potion Belt":8,"Happy Flower":6,"Pandora\u0027s Box":0,"Art of War":9,"Ring of the Snake":0},{"Potion Belt":7,"Happy Flower":6,"Pandora\u0027s Box":0,"Art of War":7,"Ring of the Snake":0},{"Potion Belt":25,"Happy Flower":19,"Pandora\u0027s Box":0,"Art of War":25,"Ring of the Snake":0}]},"card_choices":[{"not_picked":["Quick Slash","Poisoned Stab"],"picked":"Heel Hook","floor":1.0},{"not_picked":["Deadly Poison","Bane","Sucker Punch"],"picked":"SKIP","floor":2.0},{"not_picked":["Dodge and Roll","Sucker Punch"],"picked":"Cloak And Dagger","floor":3.0},{"not_picked":["Backflip","Corpse Explosion"],"picked":"Blade Dance","floor":4.0},{"not_picked":["Deflect","Deadly Poison","Outmaneuver"],"picked":"SKIP","floor":5},{"not_picked":["Concentrate","Deflect"],"picked":"Infinite Blades","floor":6},{"not_picked":["Sucker Punch","All Out Attack"],"picked":"Terror","floor":8}],"player_experience":736098,"relics_obtained":[{"floor":6,"key":"Happy Flower"},{"floor":8,"key":"Potion Belt"},{"floor":9,"key":"Art of War"}],"event_choices":[],"is_beta":false,"boss_relics":[],"items_purged_floors":[],"is_endless":false,"potions_floor_spawned":[3,4,6,8],"killed_by":"3 Sentries","ascension_level":19}}