{"host":"1a32ffxog1zcqoh0","time":1608724492,"event":{"mods":["BaseMod","Block Reminder","Colored Map","Colored Powertips","Googly Eyes","Minty Spire (QoL Compilation)","Quick Restart","Rare Cards Sparkle","Relic Stats","StSLib","Unceasing Turn Reminder","everything is the same but u backflip on backflip","slay the spire mod where everything is the same but ironclad has a cowboy hat"],"gold_per_floor":[114,128,128,128,141,141,168,168,168,194,194,207,207,232,232,333,333,344,259,259,7,7,36,36,66,66,24,70,93,126,51,51,51,51],"floor_reached":33,"playtime":1240,"items_purged":["Strike_G"],"score":394,"play_id":"84c67c8b-0b50-406b-a747-9ffb9a5b0a77","local_time":"20201223065452","is_ascension_mode":true,"campfire_choices":[{"data":"Noxious Fumes","floor":6,"key":"SMITH"},{"data":"Dagger Throw","floor":8,"key":"SMITH"},{"data":"Terror","floor":11,"key":"SMITH"},{"floor":13,"key":"REST"},{"floor":15,"key":"REST"},{"floor":24,"key":"REST"},{"floor":32,"key":"REST"}],"circlet_count":0,"master_deck":["Strike_G","Strike_G","Strike_G","Defend_G","Defend_G","Defend_G","Defend_G","Defend_G","Survivor","Neutralize","Dagger Throw+1","Dagger Throw","Noxious Fumes+1","Prepared","Terror+1","Escape Plan","Slice","A Thousand Cuts","CurseOfTheBell","Reflex","Dagger Throw","Noxious Fumes","Acrobatics","Setup","Blade Dance","Prepared+1"],"relics":["Ring of the Snake","Vajra","Singing Bowl","GremlinMask","Anchor","Boot","Girya","Orichalcum","Calling Bell","Pen Nib","The Courier","WingedGreaves","Tiny Chest","Sling","Darkstone Periapt","TungstenRod","Gremlin Horn","Blue Candle","Bronze Scales","Dream Catcher","Oddly Smooth Stone"],"acts_visited":["Exordium","TheCity"],"potions_floor_usage":[14,14,14,14,16,23,23,25,30,33],"damage_taken":[{"damage":2,"enemies":"Jaw Worm","floor":1,"turns":5},{"damage":3,"enemies":"Small Slimes","floor":2,"turns":3},{"damage":0,"enemies":"Cultist","floor":5,"turns":3},{"damage":9,"enemies":"Gremlin Nob","floor":7,"turns":4},{"damage":19,"enemies":"3 Sentries","floor":10,"turns":6},{"damage":1,"enemies":"Blue Slaver","floor":12,"turns":3},{"damage":1,"enemies":"Gremlin Nob","floor":14,"turns":3},{"damage":15,"enemies":"Slime Boss","floor":16,"turns":9},{"damage":0,"enemies":"Chosen","floor":18,"turns":4},{"damage":45,"enemies":"Book of Stabbing","floor":23,"turns":5},{"damage":17,"enemies":"Gremlin Leader","floor":25,"turns":4},{"damage":22,"enemies":"Slavers","floor":30,"turns":5},{"damage":38,"enemies":"Collector","floor":33,"turns":5}],"seed_played":"5330805174014669297","potions_obtained":[{"floor":5,"key":"GhostInAJar"},{"floor":7,"key":"EntropicBrew"},{"floor":10,"key":"LiquidMemories"},{"floor":16,"key":"EntropicBrew"}],"is_trial":false,"path_per_floor":["M","M","?","?","M","R","E","R","T","E","R","M","R","E","R","B",null,"M","?","?","$","T","E","R","E","T","$","T","T","E","?","R","B"],"character_chosen":"THE_SILENT","items_purchased":["Sling","Dagger Throw","Noxious Fumes","Blade Dance"],"campfire_rested":4,"item_purchase_floors":[21,21,21,27],"current_hp_per_floor":[68,65,58,58,58,58,49,49,49,30,30,29,50,49,70,55,66,66,66,66,66,66,21,42,25,25,25,25,25,3,3,26,0,0],"gold":51,"neow_bonus":"RANDOM_COMMON_RELIC","is_daily":false,"chose_seed":false,"campfire_upgraded":3,"win_rate":0.0,"timestamp":1608724492,"path_taken":["M","M","?","?","M","R","E","R","T","E","R","M","R","E","R","BOSS","M","?","?","$","?","E","R","E","T","?","?","?","E","?","R","BOSS"],"items_purchased_type":["Relic","Card","Card","Card"],"build_version":"2020-12-22","purchased_purges":1,"victory":false,"max_hp_per_floor":[70,70,70,70,70,70,70,70,70,70,70,70,70,70,70,70,70,70,70,70,70,70,70,70,70,70,70,70,70,70,70,72,72,72],"relic_stats":{"Darkstone Periapt":0,"Singing Bowl":2,"Gremlin Horn":[4,4],"counters":[13,59],"Blue Candle":[2],"Pen Nib":[4],"Orichalcum":[72],"Boot":[13],"Dream Catcher":1,"Bronze Scales":[31],"Tiny Chest":1,"obtain_stats":[{"Darkstone Periapt":22,"Girya":10,"Singing Bowl":3,"Gremlin Horn":25,"Blue Candle":26,"Vajra":0,"Oddly Smooth Stone":30,"GremlinMask":4,"Pen Nib":17,"The Courier":17,"Orichalcum":14,"Boot":9,"Sling":21,"Calling Bell":17,"Anchor":7,"Dream Catcher":29,"Bronze Scales":28,"Tiny Chest":19,"WingedGreaves":17,"TungstenRod":23,"Ring of the Snake":0},{"Darkstone Periapt":9,"Girya":5,"Singing Bowl":2,"Gremlin Horn":11,"Blue Candle":11,"Vajra":0,"Oddly Smooth Stone":12,"GremlinMask":2,"Pen Nib":8,"The Courier":8,"Orichalcum":7,"Boot":4,"Sling":9,"Calling Bell":8,"Anchor":4,"Dream Catcher":11,"Bronze Scales":11,"Tiny Chest":9,"WingedGreaves":8,"TungstenRod":10,"Ring of the Snake":0},{"Darkstone Periapt":40,"Girya":21,"Singing Bowl":8,"Gremlin Horn":49,"Blue Candle":49,"Vajra":0,"Oddly Smooth Stone":54,"GremlinMask":8,"Pen Nib":36,"The Courier":36,"Orichalcum":27,"Boot":15,"Sling":40,"Calling Bell":36,"Anchor":15,"Dream Catcher":49,"Bronze Scales":49,"Tiny Chest":40,"WingedGreaves":36,"TungstenRod":45,"Ring of the Snake":0}],"TungstenRod":13,"Ring of the Snake":[26]},"card_choices":[{"not_picked":["Catalyst","Backstab"],"picked":"Dagger Throw","floor":1},{"not_picked":["Deflect","Choke"],"picked":"Dagger Throw","floor":2},{"not_picked":["Distraction","Bouncing Flask"],"picked":"Noxious Fumes","floor":5},{"not_picked":["Backflip","Flying Knee"],"picked":"Prepared","floor":7},{"not_picked":["Deadly Poison","Expertise"],"picked":"Terror","floor":10},{"not_picked":["Bane","Dagger Throw"],"picked":"Escape Plan","floor":12},{"not_picked":["Catalyst","Bouncing Flask"],"picked":"Slice","floor":14},{"not_picked":["Night Terror","Storm of Steel"],"picked":"A Thousand Cuts","floor":16},{"not_picked":["Distraction","Leg Sweep"],"picked":"Reflex","floor":18},{"not_picked":["Backstab","Outmaneuver"],"picked":"Acrobatics","floor":23},{"not_picked":["Choke","Bouncing Flask"],"picked":"Setup","floor":25},{"not_picked":["Flechettes+1","PiercingWail"],"picked":"Prepared+1","floor":30},{"not_picked":["Distraction","Well Laid Plans","Heel Hook"],"picked":"Singing Bowl","floor":32}],"player_experience":257577,"relics_obtained":[{"floor":7,"key":"Anchor"},{"floor":9,"key":"Boot"},{"floor":10,"key":"Girya"},{"floor":14,"key":"Orichalcum"},{"floor":17,"key":"Pen Nib"},{"floor":17,"key":"The Courier"},{"floor":17,"key":"WingedGreaves"},{"floor":22,"key":"Darkstone Periapt"},{"floor":23,"key":"TungstenRod"},{"floor":25,"key":"Gremlin Horn"},{"floor":26,"key":"Blue Candle"},{"floor":28,"key":"Bronze Scales"},{"floor":29,"key":"Dream Catcher"},{"floor":30,"key":"Oddly Smooth Stone"}],"event_choices":[{"damage_healed":0,"gold_gain":0,"player_choice":"Success","damage_taken":7,"relics_obtained":["Singing Bowl"],"max_hp_gain":0,"max_hp_loss":0,"event_name":"Scrap Ooze","floor":3,"gold_loss":0},{"damage_healed":0,"gold_gain":0,"player_choice":"Trade","damage_taken":0,"relics_obtained":["GremlinMask"],"max_hp_gain":0,"max_hp_loss":0,"event_name":"FaceTrader","floor":4,"gold_loss":0},{"damage_healed":0,"gold_gain":0,"player_choice":"Obtained Relic","damage_taken":0,"relics_obtained":["Tiny Chest"],"max_hp_gain":0,"max_hp_loss":0,"event_name":"Addict","floor":19,"gold_loss":85},{"damage_healed":0,"gold_gain":0,"player_choice":"Ignored","damage_taken":0,"max_hp_gain":0,"max_hp_loss":0,"event_name":"Cursed Tome","floor":20,"gold_loss":0},{"cards_removed":["Strike_G"],"damage_healed":0,"gold_gain":0,"player_choice":"Gave Gold","damage_taken":0,"max_hp_gain":0,"max_hp_loss":0,"event_name":"Beggar","floor":31,"gold_loss":75}],"is_beta":false,"boss_relics":[{"not_picked":["Ectoplasm","Coffee Dripper"],"picked":"Calling Bell"}],"items_purged_floors":[21],"is_endless":false,"potions_floor_spawned":[5,7,10,16,23],"killed_by":"Collector","ascension_level":5}}