{"host":"btj53a7qlsawl9sy","time":1608731290,"event":{"mods":["Act Like it!","BaseMod","Better Vampires","Colored Powertips","Gensokyo","Luminous","Marisa（F雨　魔理沙）","Marked Mod","Minty Spire (QoL Compilation)","Quick Restart","Reimu（博丽灵梦）","Relic Stats","Remilia（蕾米莉亚）","Replay The Spire","Spicy Shops","StSLib","The Administrix","The Hierophant","The Servant 0.9.4","Waifu the Spire","WarShipGirlsR/战舰少女R mod","Youmu（魂魄妖梦）","Yuyuko","vexMod","【东方二次创作】八云紫mod","【遗物卡牌】REMEMod"],"gold_per_floor":[119,131,106,124,138,173,173,173,173],"floor_reached":8,"playtime":583,"items_purged":[],"score":108,"play_id":"7180285e-8f8c-44a9-b225-7b4ce42240fb","local_time":"20201223214810","is_ascension_mode":false,"campfire_choices":[{"floor":7,"key":"REST"}],"circlet_count":0,"master_deck":["Strike_S","Strike_S","Strike_S+1","Strike_S","Defend_S","Defend_S","Defend_S","Defend_S","KidneyShot","Exchange","FastForward","Defy","Barrier","Comet+1","DoubleEdge"],"relics":["REME_ComplimentaryCards","vexMod:BigBerry","Whetstone"],"acts_visited":["Exordium"],"potions_floor_usage":[6,6],"damage_taken":[{"damage":6,"enemies":"Jaw Worm","floor":1,"turns":4},{"damage":2,"enemies":"Small Slimes","floor":2,"turns":5},{"damage":9,"enemies":"Cultist","floor":4,"turns":5},{"damage":2,"enemies":"Lots of Slimes","floor":5,"turns":9},{"damage":55,"enemies":"Lagavulin","floor":6,"turns":16},{"damage":50,"enemies":"Gremlin Nob","floor":8,"turns":5}],"seed_played":"-482415362048516937","potions_obtained":[{"floor":2,"key":"FearPotion"},{"floor":5,"key":"Energy Potion"}],"is_trial":false,"path_per_floor":["M","M","?","M","M","E","R","E"],"character_chosen":"THE_SERVANT","items_purchased":[],"campfire_rested":1,"item_purchase_floors":[],"current_hp_per_floor":[89,87,87,78,76,21,49,0,0],"gold":173,"neow_bonus":"BOSS_RELIC","is_daily":false,"chose_seed":false,"campfire_upgraded":0,"win_rate":0.0,"timestamp":1608731290,"path_taken":["M","M","?","M","M","E","R","E"],"items_purchased_type":[],"build_version":"2020-12-22","purchased_purges":0,"victory":false,"max_hp_per_floor":[95,95,95,95,95,95,95,95,95],"relic_stats":{"counters":[6,44],"Whetstone":["Comet","Strike_S"],"obtain_stats":[{"Uniform":0,"Whetstone":6,"REME_ComplimentaryCards":0,"vexMod:BigBerry":0},{"Uniform":0,"Whetstone":5,"REME_ComplimentaryCards":0,"vexMod:BigBerry":0},{"Uniform":0,"Whetstone":39,"REME_ComplimentaryCards":0,"vexMod:BigBerry":0}]},"card_choices":[{"not_picked":["Unruled","Spin"],"picked":"FastForward","floor":1},{"not_picked":["Desolation","FastForward"],"picked":"Defy","floor":2},{"not_picked":["Sabotage","BottledTime"],"picked":"Barrier","floor":4},{"not_picked":["Rewind","FastForward"],"picked":"Comet","floor":5},{"not_picked":["RealityMarble","TimeWarp"],"picked":"DoubleEdge","floor":6}],"player_experience":109211,"relics_obtained":[{"floor":6,"key":"Whetstone"}],"event_choices":[],"is_beta":false,"boss_relics":[],"items_purged_floors":[],"is_endless":false,"potions_floor_spawned":[2,5],"killed_by":"Gremlin Nob","ascension_level":0}}