{"host":"60d5wzi2cpvs73ka","time":1608726095,"event":{"mods":["Abigail Mod","AchievementEnabler","Act Like it!","BaseMod","Friendly Minions","Gensokyo","Infinite Spire","Minty Spire (QoL Compilation)","Shop Mod","StSLib","The Dragon Tamer","The Hierophant"],"gold_per_floor":[109,109,119,119,132,132,160,160,160,192,212,230,30,30,30,134,134,152,163,173,173,186,186,215,215,215,232,246,246,246,259,259,356,356,446,446,532,657,657,657,657,766,766,778,790,893,1014,1134,1146,1168,1168,1168],"floor_reached":50,"playtime":3864,"items_purged":[],"score":759,"play_id":"c9b4f650-85ef-4deb-a1f1-efc5890a240f","local_time":"20201223212135","is_ascension_mode":false,"metric_token":799,"campfire_choices":[{"data":"DTMod:HeatWave","floor":6,"key":"SMITH"},{"data":"DTMod:Threaten","floor":8,"key":"SMITH"},{"floor":15,"key":"REST"},{"data":"DTMod:Weaken","floor":23,"key":"SMITH"},{"floor":29,"key":"REST"},{"floor":32,"key":"REST"},{"floor":41,"key":"REST"},{"floor":44,"key":"REST"},{"floor":49,"key":"REST"}],"dtmod_dragon_data":[0,50,2,4,4,1],"circlet_count":0,"master_deck":["DTMod:Strike","DTMod:Strike","DTMod:Strike","DTMod:DoubleHit+1","DTMod:TargetDefense","DTMod:TargetDefense","DTMod:TargetDefense","DTMod:TargetDefense","DTMod:SwitchingTactic","DTMod:Overwhelm+1","DTMod:HeatWave+1","DTMod:Threaten+1","DTMod:ForkedFire+1","DTMod:Weaken+1","DTMod:BalancedStrike+1","DTMod:GearUp","DTMod:WarmUp","Writhe","DTMod:Multitask","DTMod:Safeguard","DTMod:Astonish+1","DTMod:BalancedStrike+1","RitualDagger+1","DTMod:RecklessFlurry+1","DTMod:Weaken+1","Necronomicurse","DTMod:BizarreTactic+1","DTMod:Weaken+1","DTMod:RepeatStrike+1","DTMod:Cover+1","infinitespire:Starlight","DTMod:BurningEnergy","DTMod:RunningTactic+1","Gensokyo:AllTheWorldsEvil","DTMod:GearUp","DTMod:GhostSkin"],"relics":["Velvet Choker","Molten Egg 2","White Beast Statue","SacredBark","DTMod:BasicTextbook","Necronomicon","DTMod:TacticalNote","Cursed Key","Bird Faced Urn","infinitespire:Midas Blood","MawBank","InkBottle"],"acts_visited":["Exordium","TheCity","TheBeyond"],"potions_floor_usage":[7,10,24,24,24,27,28,33,33,37,38,40,48,50,50,50],"damage_taken":[{"damage":2,"enemies":"Small Slimes","floor":1,"turns":4},{"damage":0,"enemies":"Jaw Worm","floor":3,"turns":3},{"damage":0,"enemies":"2 Louse","floor":5,"turns":2},{"damage":0,"enemies":"3 Sentries","floor":7,"turns":7},{"damage":0,"enemies":"Gremlin Nob","floor":10,"turns":3},{"damage":3,"enemies":"Lots of Slimes","floor":11,"turns":2},{"damage":0,"enemies":"2 Fungi Beasts","floor":12,"turns":2},{"damage":0,"enemies":"Slime Boss","floor":16,"turns":9},{"damage":0,"enemies":"3 Byrds","floor":18,"turns":6},{"damage":0,"enemies":"Chosen","floor":19,"turns":6},{"damage":0,"enemies":"Centurion and Healer","floor":20,"turns":8},{"damage":0,"enemies":"Snecko","floor":22,"turns":5},{"damage":18,"enemies":"Gremlin Leader","floor":24,"turns":6},{"damage":0,"enemies":"Snake Plant","floor":27,"turns":5},{"damage":0,"enemies":"Cultist and Chosen","floor":28,"turns":3},{"damage":0,"enemies":"Centurion and Healer","floor":31,"turns":4},{"damage":0,"enemies":"Collector","floor":33,"turns":10},{"damage":0,"enemies":"3 Shapes","floor":35,"turns":2},{"damage":0,"enemies":"Orb Walker","floor":37,"turns":5},{"damage":6,"enemies":"Mind Bloom Boss Battle","floor":38,"turns":6},{"damage":0,"enemies":"Jaw Worm Horde","floor":40,"turns":1},{"damage":27,"enemies":"Reptomancer","floor":42,"turns":7},{"damage":10,"enemies":"Sphere and 2 Shapes","floor":46,"turns":4},{"damage":0,"enemies":"Nemesis","floor":47,"turns":7},{"damage":53,"enemies":"Writhing Mass","floor":48,"turns":10},{"damage":37,"enemies":"Time Eater","floor":50,"turns":13}],"seed_played":"-7677859689308406977","potions_obtained":[{"floor":1,"key":"Fire Potion"},{"floor":5,"key":"DuplicationPotion"},{"floor":11,"key":"DuplicationPotion"},{"floor":12,"key":"Strength Potion"},{"floor":16,"key":"Energy Potion"},{"floor":18,"key":"Explosive Potion"},{"floor":24,"key":"SkillPotion"},{"floor":27,"key":"SteroidPotion"},{"floor":28,"key":"Dexterity Potion"},{"floor":31,"key":"Explosive Potion"},{"floor":33,"key":"infinitespire:BlackPotion"},{"floor":35,"key":"Dexterity Potion"},{"floor":37,"key":"Swift Potion"},{"floor":38,"key":"Strength Potion"},{"floor":39,"key":"CultistPotion"},{"floor":39,"key":"SmokeBomb"},{"floor":42,"key":"DuplicationPotion"},{"floor":46,"key":"Explosive Potion"},{"floor":48,"key":"Strength Potion"}],"is_trial":false,"path_per_floor":["M","?","M","?","M","R","E","R","T","E","M","M","$","?","R","B",null,"M","M","M","?","M","R","E","?","T","M","M","R","?","M","R","B",null,"M","?","M","?","?","M","R","E","T","R","?","M","E","M","R","B"],"character_chosen":"THE_DT","items_purchased":["DTMod:GearUp","DTMod:WarmUp"],"campfire_rested":6,"item_purchase_floors":[13,13],"current_hp_per_floor":[43,34,34,27,27,27,27,27,27,27,24,24,24,24,37,37,45,45,45,45,39,39,39,21,5,5,5,5,18,18,18,31,31,45,45,34,34,38,38,38,45,32,32,45,45,45,45,8,21,0,0,0],"gold":1168,"neow_bonus":"BOSS_RELIC","is_daily":false,"chose_seed":false,"campfire_upgraded":3,"win_rate":0.0,"timestamp":1608726095,"path_taken":["M","?","M","?","M","R","E","R","T","E","M","M","$","?","R","BOSS","M","M","?","?","M","R","E","?","T","M","M","R","?","M","R","BOSS","M","?","M","?","?","?","R","E","T","R","?","?","E","M","R","BOSS"],"items_purchased_type":["Card","Card"],"build_version":"2020-12-22","purchased_purges":0,"victory":false,"max_hp_per_floor":[45,45,45,45,45,45,45,45,45,45,45,45,45,45,45,45,45,45,45,45,45,45,45,45,45,45,45,45,45,45,45,45,45,45,45,45,45,45,45,45,45,45,45,45,45,45,45,45,45,45,45,45],"card_choices":[{"not_picked":["DTMod:BurningEnergy","DTMod:Weaken"],"picked":"DTMod:Overwhelm","floor":1},{"not_picked":["DTMod:BlazingStrike","DTMod:LastStand"],"picked":"DTMod:HeatWave","floor":3},{"not_picked":["DTMod:BuildUp","DTMod:Coolant"],"picked":"DTMod:Threaten","floor":5},{"not_picked":["DTMod:Prediction","DTMod:FlameSlash+1"],"picked":"DTMod:ForkedFire+1","floor":7},{"not_picked":["DTMod:ComboAttack+1","DTMod:FlameSlash+1","DTMod:BreakAttack+1"],"picked":"SKIP","floor":10},{"not_picked":["DTMod:QuickFly+1","DTMod:Haste"],"picked":"DTMod:Weaken","floor":11},{"not_picked":["DTMod:MagicField","DTMod:BurningEnergy"],"picked":"DTMod:BalancedStrike+1","floor":12},{"not_picked":["DTMod:Multitask","DTMod:Outburst"],"picked":"DTMod:Safeguard","floor":16},{"not_picked":["DTMod:MasterPlan","DTMod:LastStand+1"],"picked":"DTMod:Astonish+1","floor":18},{"not_picked":["DTMod:Hide+1","DTMod:Conduct"],"picked":"DTMod:BalancedStrike+1","floor":19},{"not_picked":["DTMod:Feint+1","DTMod:BurningEnergy","DTMod:MagicField+1"],"picked":"SKIP","floor":20},{"not_picked":["DTMod:ForkedFire+1","DTMod:CalculatedDefense"],"picked":"DTMod:RecklessFlurry+1","floor":22},{"not_picked":["DTMod:MasterPlan","DTMod:Training"],"picked":"DTMod:Weaken+1","floor":24},{"not_picked":["DTMod:TauntingStrike+1","DTMod:QuickFly+1"],"picked":"DTMod:BizarreTactic+1","floor":27},{"not_picked":["DTMod:Cover","DTMod:BlueScale+1"],"picked":"DTMod:Weaken+1","floor":28},{"not_picked":["DTMod:QuickFly+1","DTMod:FlameSlash+1","DTMod:Weaken"],"picked":"SKIP","floor":31},{"not_picked":["DTMod:FierySynthesis+1","DTMod:Harmonize"],"picked":"DTMod:RepeatStrike+1","floor":33},{"not_picked":["DTMod:BurningEnergy","DTMod:BlazingStrike+1"],"picked":"DTMod:Cover+1","floor":35},{"not_picked":["infinitespire:Oblivion","infinitespire:Collect"],"picked":"infinitespire:Starlight","floor":36},{"not_picked":["DTMod:CleansingStrike+1","DTMod:BlueScale"],"picked":"DTMod:BurningEnergy","floor":37},{"not_picked":["DTMod:StunTrap","DTMod:CleansingStrike+1"],"picked":"DTMod:RunningTactic+1","floor":38},{"not_picked":["DTMod:Threaten","DTMod:Hide","DTMod:ForkedFire+1"],"picked":"SKIP","floor":42},{"not_picked":["DTMod:HeatWave+1","DTMod:Training+1"],"picked":"DTMod:GhostSkin","floor":46},{"not_picked":["DTMod:Dissolve+1","DTMod:Threaten+1","DTMod:DarkBreath+1"],"picked":"SKIP","floor":47},{"not_picked":["DTMod:Feint+1","DTMod:Weaken","DTMod:BreakAttack+1"],"picked":"SKIP","floor":48}],"player_experience":221738,"relics_obtained":[{"floor":7,"key":"Molten Egg 2"},{"floor":10,"key":"White Beast Statue"},{"floor":24,"key":"DTMod:BasicTextbook"},{"floor":25,"key":"Necronomicon"},{"floor":26,"key":"DTMod:TacticalNote"},{"floor":38,"key":"Bird Faced Urn"},{"floor":42,"key":"infinitespire:Midas Blood"},{"floor":43,"key":"MawBank"},{"floor":47,"key":"InkBottle"}],"event_choices":[{"damage_healed":0,"gold_gain":0,"player_choice":"Entered Light","damage_taken":9,"max_hp_gain":0,"max_hp_loss":0,"event_name":"Shining Light","floor":2,"gold_loss":0,"cards_upgraded":["DTMod:DoubleHit","DTMod:Overwhelm"]},{"cards_removed":["DTMod:Strike"],"damage_healed":0,"gold_gain":0,"player_choice":"Card Removal","damage_taken":7,"max_hp_gain":0,"max_hp_loss":0,"event_name":"Golden Wing","floor":4,"gold_loss":0},{"damage_healed":0,"gold_gain":0,"player_choice":"2 cards matched","damage_taken":0,"max_hp_gain":0,"max_hp_loss":0,"event_name":"Match and Keep!","floor":14,"gold_loss":0,"cards_obtained":["Writhe","DTMod:Multitask"]},{"damage_healed":0,"gold_gain":0,"player_choice":"2 cards matched","damage_taken":0,"max_hp_gain":0,"max_hp_loss":0,"event_name":"Match and Keep!","floor":14,"gold_loss":0,"cards_obtained":["Writhe","DTMod:Multitask"]},{"damage_healed":0,"gold_gain":0,"player_choice":"Joined the Cult","damage_taken":6,"max_hp_gain":0,"max_hp_loss":0,"event_name":"Nest","floor":21,"gold_loss":0,"cards_obtained":["RitualDagger"]},{"damage_healed":0,"gold_gain":0,"player_choice":"Obtained Book","damage_taken":16,"max_hp_gain":0,"max_hp_loss":0,"event_name":"Cursed Tome","floor":25,"gold_loss":0},{"damage_healed":0,"gold_gain":0,"player_choice":"Ignored","damage_taken":0,"max_hp_gain":0,"max_hp_loss":0,"event_name":"Ghosts","floor":30,"gold_loss":0},{"damage_healed":0,"gold_gain":0,"player_choice":"Fight","damage_taken":0,"max_hp_gain":0,"max_hp_loss":0,"event_name":"MindBloom","floor":38,"gold_loss":0},{"damage_healed":0,"gold_gain":0,"player_choice":"Got Potions","damage_taken":0,"max_hp_gain":0,"max_hp_loss":0,"event_name":"Lab","floor":39,"gold_loss":0},{"damage_healed":0,"gold_gain":0,"player_choice":"Copied","damage_taken":0,"max_hp_gain":0,"max_hp_loss":0,"event_name":"Duplicator","floor":45,"gold_loss":0,"cards_obtained":["DTMod:GearUp"]}],"is_beta":false,"boss_relics":[{"not_picked":["SlaversCollar","Runic Pyramid"],"picked":"SacredBark"},{"not_picked":["Tiny House","Pandora\u0027s Box"],"picked":"Cursed Key"}],"items_purged_floors":[],"is_endless":false,"potions_floor_spawned":[1,5,11,12,16,18,19,20,22,24,27,28,31,33,35,37,38,40,42,46,47,48],"killed_by":"Time Eater","ascension_level":0}}