{"host":"pbf6u3tyx46snqc7","time":1608759727,"event":{"mods":["AchievementEnabler","BaseMod","Colored Map","Minty Spire (QoL Compilation)","Rare Cards Sparkle","Shop Mod","SuperFastMode"],"gold_per_floor":[117,192,342,1,19,51,51,0,0,19,35,47,47,65,65,140,140,155,173,199,199,179,179,179,179],"floor_reached":24,"playtime":544,"items_purged":[],"score":467,"play_id":"67e85466-bdf3-4b82-af1b-420ce89e6299","local_time":"20201224064207","is_ascension_mode":true,"campfire_choices":[{"data":"Redo","floor":7.0,"key":"SMITH"},{"data":"Fusion","floor":15.0,"key":"SMITH"},{"floor":23,"key":"REST"}],"circlet_count":0,"master_deck":["AscendersBane","Strike_B","Defend_B","Defend_B","Defend_B","Defend_B","Zap","Dualcast","Compile Driver","Redo+1","Reinforced Body","Defragment","Melter","White Noise","Fusion+1","Fission","Loop","Seek","Conserve Battery","White Noise"],"relics":["Cracked Core","NeowsBlessing","Membership Card","Symbiotic Virus","Cables","Eternal Feather","Tiny Chest","Empty Cage","Bag of Marbles"],"acts_visited":["Exordium","TheCity"],"potions_floor_usage":[19,24],"damage_taken":[{"damage":0.0,"enemies":"2 Louse","floor":1.0,"turns":1.0},{"damage":0.0,"enemies":"Small Slimes","floor":5.0,"turns":1.0},{"damage":0.0,"enemies":"3 Sentries","floor":6.0,"turns":1.0},{"damage":7.0,"enemies":"Jaw Worm","floor":10.0,"turns":2.0},{"damage":1.0,"enemies":"3 Louse","floor":11.0,"turns":2.0},{"damage":14.0,"enemies":"Red Slaver","floor":12.0,"turns":2.0},{"damage":0.0,"enemies":"Blue Slaver","floor":14.0,"turns":3.0},{"damage":33.0,"enemies":"The Guardian","floor":16.0,"turns":8.0},{"damage":33.0,"enemies":"2 Thieves","floor":18.0,"turns":4.0},{"damage":12,"enemies":"3 Byrds","floor":19,"turns":4},{"damage":44,"enemies":"Book of Stabbing","floor":24,"turns":4}],"seed_played":"6071426777013337925","potions_obtained":[{"floor":1.0,"key":"Fire Potion"},{"floor":5.0,"key":"Dexterity Potion"},{"floor":12.0,"key":"EssenceOfDarkness"},{"floor":19,"key":"LiquidMemories"},{"floor":22,"key":"Explosive Potion"}],"is_trial":false,"path_per_floor":["M","?","?","$","M","E","R","?","T","M","M","M","?","M","R","B",null,"M","M","T","?","?","R","E"],"character_chosen":"DEFECT","items_purchased":["Membership Card","Symbiotic Virus","Redo"],"campfire_rested":1,"item_purchase_floors":[4,4,4],"current_hp_per_floor":[64,53,53,53,53,53,53,53,53,46,45,31,31,31,43,10,56,23,11,11,11,11,44,0,0],"gold":179,"neow_bonus":"THREE_ENEMY_KILL","is_daily":false,"chose_seed":false,"campfire_upgraded":2,"win_rate":0.0,"timestamp":1608759727,"path_taken":["M","?","?","?","M","E","R","?","T","M","M","?","?","M","R","BOSS","M","?","?","?","?","R","E"],"items_purchased_type":["Relic","Relic","Card"],"build_version":"2020-12-22","purchased_purges":0,"victory":false,"max_hp_per_floor":[71,71,71,71,71,71,71,71,71,71,71,71,71,71,71,71,71,71,71,71,71,71,71,71,71],"card_choices":[{"not_picked":["Steam Power","Streamline"],"picked":"Compile Driver","floor":1.0},{"not_picked":["Beam Cell","Stack"],"picked":"Reinforced Body","floor":5.0},{"not_picked":["Reinforced Body","Redo"],"picked":"Defragment","floor":6.0},{"not_picked":["Leap","Stack"],"picked":"Melter","floor":10.0},{"not_picked":["Turbo","Sweeping Beam"],"picked":"White Noise","floor":11.0},{"not_picked":["Beam Cell","Blizzard"],"picked":"Fusion","floor":12.0},{"not_picked":["Leap","Ball Lightning"],"picked":"Loop","floor":14.0},{"not_picked":["Reboot","Hyperbeam"],"picked":"Seek","floor":16.0},{"not_picked":["Reinforced Body","Turbo"],"picked":"Conserve Battery","floor":18.0},{"not_picked":["Steam Power+1","Streamline+1"],"picked":"White Noise","floor":19}],"player_experience":321011,"relics_obtained":[{"floor":6.0,"key":"Cables"},{"floor":9.0,"key":"Tiny Chest"},{"floor":20,"key":"Bag of Marbles"}],"event_choices":[{"damage_healed":0.0,"max_hp_gain":0.0,"max_hp_loss":0.0,"gold_gain":75.0,"event_name":"World of Goop","player_choice":"Gather Gold","floor":2.0,"gold_loss":0.0,"damage_taken":11.0},{"damage_healed":0.0,"max_hp_gain":0.0,"max_hp_loss":0.0,"gold_gain":150.0,"event_name":"Liars Game","player_choice":"AGREE","floor":3.0,"gold_loss":0.0,"damage_taken":0.0,"cards_obtained":["Doubt"]},{"damage_healed":0.0,"max_hp_gain":0.0,"max_hp_loss":0.0,"gold_gain":0.0,"event_name":"WeMeetAgain","player_choice":"Paid Gold","floor":8.0,"gold_loss":51.0,"damage_taken":0.0,"relics_obtained":["Eternal Feather"]},{"damage_healed":0.0,"max_hp_gain":0.0,"max_hp_loss":0.0,"gold_gain":0.0,"cards_transformed":["Strike_B"],"event_name":"Transmorgrifier","player_choice":"Transformed","floor":13.0,"gold_loss":0.0,"damage_taken":0.0,"cards_obtained":["Fission"]},{"cards_removed":["Strike_B"],"damage_healed":0,"gold_gain":0,"player_choice":"Elegance","damage_taken":0,"max_hp_gain":0,"max_hp_loss":0,"event_name":"Back to Basics","floor":21,"gold_loss":0},{"damage_healed":0,"gold_gain":0,"player_choice":"Bought 1 Potion","damage_taken":0,"max_hp_gain":0,"max_hp_loss":0,"event_name":"The Woman in Blue","floor":22,"gold_loss":0}],"is_beta":false,"boss_relics":[{"not_picked":["Runic Pyramid","Astrolabe"],"picked":"Empty Cage"}],"items_purged_floors":[],"is_endless":false,"potions_floor_spawned":[1,5,12,19],"killed_by":"Book of Stabbing","ascension_level":18}}