{"host":"o54aw4mfims5m8ve","time":1608740398,"event":{"mods":["BaseMod","Downfall","Minty Spire (QoL Compilation)","StSLib"],"gold_per_floor":[99,118,23,40,57,57,80,40,40,59,85,115,115,149,169,269,269,119,133,133,144,154,167,167,187,16,48,48,58,78,78,93,194,194,119,119,119,4,15,30,76,76,110,128,128,147,180,180,194,194],"floor_reached":51,"playtime":6203,"items_purged":["Slimebound:Strike_Slimebound","Slimebound:Defend_Slimebound"],"score":766,"play_id":"a9c27d22-ef56-49e5-b6fd-92a74805092b","local_time":"20201223161958","is_ascension_mode":false,"campfire_choices":[{"floor":1,"key":"RECALL"},{"data":"Slimebound:SpikyOuterGoop","floor":9,"key":"SMITH"},{"data":"Slimebound:Nibble","floor":18,"key":"SMITH"},{"data":"Slimebound:LeadByExample","floor":28,"key":"SMITH"},{"data":"Slimebound:SlimeSlap","floor":35,"key":"SMITH"},{"data":"expansioncontent:DefensiveMode","floor":42,"key":"SMITH"},{"data":"expansioncontent:AwakenDeath","floor":45,"key":"SMITH"}],"circlet_count":0,"master_deck":["Slimebound:Tackle+1","Slimebound:Defend_Slimebound+1","Slimebound:Defend_Slimebound+1","Slimebound:Defend_Slimebound+1","Slimebound:Split+1","Slimebound:CorrosiveSpit+1","Slimebound:Prepare+1","Slimebound:SlimeSpikes+1","Slimebound:Gluttony+1","Slimebound:SplitAcid+1","Slimebound:SpikyOuterGoop+1","Slimebound:OneTwoCombo+1","Slimebound:LeechingTouch+1","Slimebound:SplitMire+1","Slimebound:SplitMire+1","Slimebound:Gluttony+1","Slimebound:Nibble+1","Slimebound:MinionMaster+1","Slimebound:LeechEnergy+1","Slimebound:SlimeBarrage+1","Slimebound:SamplingLick+1","Slimebound:LeadByExample+1","Slimebound:RejuvenatingLick+1","Slimebound:ProtectTheBoss+1","Slimebound:Schlurp+1","Slimebound:Nibble+1","Slimebound:Tackle+1","Slimebound:Tackle+1","Slimebound:Tackle+1","Slimebound:SlimeSlap+1","expansioncontent:AwakenDeath+1","expansioncontent:DefensiveMode+1","expansioncontent:LastStand+1","Slimebound:Equalize+1","Slimebound:MegaLick+1","Slimebound:ViciousTackle+1","Slimebound:PressTheAttack+1","Slimebound:FirmFortitude+1","Slimebound:Overexert+1","Parasite"],"relics":["Slimebound:AbsorbEndCombatUpgraded","CaptainsWheel","Eternal Feather","Philosopher\u0027s Stone","Matryoshka","Orichalcum","Potion Belt","Lantern","Torii","Regal Pillow"],"acts_visited":["Exordium","TheCity","TheBeyond"],"potions_floor_usage":[8,16,16,22,33,33,47,47,50],"damage_taken":[{"damage":8,"enemies":"2 Louse","floor":2,"turns":4},{"damage":4,"enemies":"downfall:FleeingMerchant","floor":3,"turns":4},{"damage":4,"enemies":"Cultist","floor":4,"turns":3},{"damage":8,"enemies":"Small Slimes","floor":5,"turns":4},{"damage":22,"enemies":"downfall:FleeingMerchant","floor":8,"turns":4},{"damage":18,"enemies":"2 Fungi Beasts","floor":10,"turns":4},{"damage":26,"enemies":"3 Sentries","floor":11,"turns":4},{"damage":29,"enemies":"Lagavulin","floor":14,"turns":5},{"damage":8,"enemies":"Red Slaver","floor":15,"turns":3},{"damage":54,"enemies":"downfall:Defect","floor":16,"turns":6},{"damage":16,"enemies":"Spheric Guardian","floor":19,"turns":3},{"damage":16,"enemies":"3 Cultists","floor":21,"turns":3},{"damage":32,"enemies":"Snecko","floor":22,"turns":4},{"damage":27,"enemies":"Snake Plant","floor":23,"turns":4},{"damage":25,"enemies":"Shelled Parasite and Fungi","floor":25,"turns":3},{"damage":32,"enemies":"downfall:FleeingMerchant","floor":26,"turns":4},{"damage":25,"enemies":"Book of Stabbing","floor":27,"turns":4},{"damage":16,"enemies":"Centurion and Healer","floor":29,"turns":5},{"damage":30,"enemies":"Snake Plant","floor":30,"turns":3},{"damage":16,"enemies":"Sentry and Sphere","floor":32,"turns":3},{"damage":57,"enemies":"downfall:Silent","floor":33,"turns":5},{"damage":47,"enemies":"downfall:FleeingMerchant","floor":38,"turns":4},{"damage":23,"enemies":"Orb Walker","floor":39,"turns":3},{"damage":26,"enemies":"3 Shapes","floor":40,"turns":5},{"damage":14,"enemies":"Nemesis","floor":43,"turns":5},{"damage":34,"enemies":"3 Darklings","floor":44,"turns":5},{"damage":24,"enemies":"Sphere and 2 Shapes","floor":46,"turns":5},{"damage":20,"enemies":"Giant Head","floor":47,"turns":7},{"damage":21,"enemies":"Writhing Mass","floor":49,"turns":4},{"damage":46,"enemies":"downfall:Ironclad","floor":50,"turns":12}],"seed_played":"5068243891242066067","potions_obtained":[{"floor":2,"key":"Slimebound:SlimyTonguePotion"},{"floor":4,"key":"Weak Potion"},{"floor":14,"key":"LiquidBronze"},{"floor":16,"key":"FearPotion"},{"floor":19,"key":"Weak Potion"},{"floor":22,"key":"CultistPotion"},{"floor":29,"key":"Strength Potion"},{"floor":40,"key":"Energy Potion"},{"floor":43,"key":"FearPotion"},{"floor":44,"key":"LiquidBronze"},{"floor":46,"key":"champ:CounterPotion"}],"is_trial":false,"path_per_floor":["R","M","$","M","M","?","T","$","R","M","E","?","?","E","M","B",null,"R","M","?","M","M","M","T","M","$","E","R","M","M","?","M","B",null,"R","?","?","$","M","M","T","R","E","M","R","M","E","?","M","B",null],"character_chosen":"SLIMEBOUND","items_purchased":["Slimebound:Gluttony","Slimebound:LeechingTouch","Slimebound:RejuvenatingLick"],"campfire_rested":0,"item_purchase_floors":[3,8,26],"current_hp_per_floor":[66,62,66,66,66,66,66,64,64,60,56,56,56,57,63,39,66,76,76,76,76,70,71,71,66,72,76,76,76,58,58,60,45,76,76,66,66,55,52,54,54,75,76,74,76,76,76,76,76,76],"gold":194,"neow_bonus":"TEN_PERCENT_HP_BONUS","is_daily":false,"chose_seed":false,"campfire_upgraded":6,"win_rate":0.0,"timestamp":1608740398,"path_taken":["R","M","$","M","M","?","T","?","R","M","E","?","?","E","M","BOSS","R","M","?","M","M","M","T","M","$","E","R","?","M","?","M","BOSS","R","?","?","$","M","M","T","R","E","M","R","M","E","?","M","BOSS"],"items_purchased_type":["Card","Card","Card"],"build_version":"2020-12-22","purchased_purges":2,"victory":true,"max_hp_per_floor":[66,66,66,66,66,66,66,66,66,66,66,66,66,66,66,66,66,76,76,76,76,76,76,76,76,76,76,76,76,76,76,76,76,76,76,76,76,76,76,76,76,76,76,76,76,76,76,76,76,76],"card_choices":[{"not_picked":["Slimebound:SlimeBrawl","Slimebound:SplitBruiser"],"picked":"Slimebound:Prepare","floor":2},{"not_picked":["Slimebound:FinishingTackle","Slimebound:SplitLeeching"],"picked":"Slimebound:SlimeSpikes","floor":3},{"not_picked":["Slimebound:SlimeSpikes","Slimebound:SplitBruiser"],"picked":"Slimebound:SplitAcid","floor":4},{"not_picked":["Slimebound:LeechingTouch","Slimebound:ComboTackle"],"picked":"Slimebound:SpikyOuterGoop","floor":5},{"not_picked":["Slimebound:BestDefense","Slimebound:RollThrough"],"picked":"Slimebound:OneTwoCombo","floor":8},{"not_picked":["Slimebound:SplitBruiser","Slimebound:GoopSpray"],"picked":"Slimebound:SplitMire","floor":10},{"not_picked":["Slimebound:FormOfPuddle","Slimebound:DisruptingSlam"],"picked":"Slimebound:SplitMire","floor":11},{"not_picked":["Slimebound:ViciousTackle","Slimebound:PressTheAttack"],"picked":"Slimebound:Gluttony","floor":14},{"not_picked":["Slimebound:GoopTackle","Slimebound:Schlurp"],"picked":"Slimebound:Nibble","floor":15},{"not_picked":["Slimebound:WasteNot","Slimebound:OneTwoCombo"],"picked":"Slimebound:MinionMaster","floor":16},{"not_picked":["Slimebound:SplitBruiser","Slimebound:SlimeBrawl"],"picked":"Slimebound:LeechEnergy","floor":19},{"not_picked":["Slimebound:LeechEnergy+1","Slimebound:SlimeBrawl","Slimebound:GrowthPunch+1"],"picked":"SKIP","floor":21},{"not_picked":["Slimebound:FinishingTackle+1","Slimebound:ComboTackle","Slimebound:Gluttony+1"],"picked":"SKIP","floor":22},{"not_picked":["Slimebound:SplitBruiser","Slimebound:Schlurp"],"picked":"Slimebound:SlimeBarrage+1","floor":23},{"not_picked":["Slimebound:SplitAcid","Slimebound:SlimeTap"],"picked":"Slimebound:SamplingLick","floor":25},{"not_picked":["Slimebound:LeechingTouch","Slimebound:TongueLash"],"picked":"Slimebound:LeadByExample","floor":26},{"not_picked":["Slimebound:HauntingLick+1","Slimebound:MassRepurpose"],"picked":"Slimebound:ProtectTheBoss","floor":27},{"not_picked":["Slimebound:SlimeSpikes","Slimebound:ComboTackle"],"picked":"Slimebound:Schlurp+1","floor":29},{"not_picked":["Slimebound:SamplingLick","Slimebound:LeechingTouch"],"picked":"Slimebound:Nibble+1","floor":30},{"not_picked":["Slimebound:ComboTackle","Slimebound:SpikyOuterGoop","Slimebound:SplitLeeching+1"],"picked":"SKIP","floor":32},{"not_picked":["Slimebound:PrepareCrush","Slimebound:Teamwork"],"picked":"Slimebound:SlimeSlap","floor":33},{"not_picked":["expansioncontent:BronzeBeam","expansioncontent:SuperHexaguard"],"picked":"expansioncontent:AwakenDeath","floor":36},{"not_picked":["expansioncontent:HyperBeam","expansioncontent:FaceSlap"],"picked":"expansioncontent:DefensiveMode","floor":36},{"not_picked":["expansioncontent:HyperBeam","expansioncontent:BronzeBeam"],"picked":"expansioncontent:LastStand","floor":36},{"not_picked":["Slimebound:SplitLeeching+1","Slimebound:SlimeBrawl"],"picked":"Slimebound:Equalize","floor":38},{"not_picked":["Slimebound:ComboTackle+1","Slimebound:LeechEnergy+1"],"picked":"Slimebound:MegaLick+1","floor":39},{"not_picked":["Slimebound:SplitLeeching+1","Slimebound:DisruptingSlam+1"],"picked":"Slimebound:ViciousTackle","floor":40},{"not_picked":["Slimebound:LeechEnergy","Slimebound:SplitLeeching","Slimebound:SplitMire"],"picked":"SKIP","floor":43},{"not_picked":["Slimebound:Dissolve+1","Slimebound:LivingWall+1"],"picked":"Slimebound:PressTheAttack","floor":44},{"not_picked":["Slimebound:SplitMire+1","Slimebound:FinishingTackle"],"picked":"Slimebound:FirmFortitude","floor":46},{"not_picked":["Slimebound:SlimeSpikes+1","Slimebound:ForwardTackle"],"picked":"Slimebound:Overexert","floor":47},{"not_picked":["Slimebound:SplitMire+1","Slimebound:Dissolve+1","Slimebound:ComboTackle"],"picked":"SKIP","floor":49}],"player_experience":106883,"relics_obtained":[{"floor":11,"key":"CaptainsWheel"},{"floor":14,"key":"Eternal Feather"},{"floor":24,"key":"Matryoshka"},{"floor":27,"key":"Orichalcum"},{"floor":41,"key":"Potion Belt"},{"floor":41,"key":"Lantern"},{"floor":43,"key":"Torii"},{"floor":47,"key":"Regal Pillow"}],"event_choices":[{"damage_healed":0,"gold_gain":0,"player_choice":"Forge","damage_taken":0,"max_hp_gain":0,"max_hp_loss":0,"event_name":"Accursed Blacksmith","floor":6,"gold_loss":0,"cards_upgraded":["Slimebound:Split"]},{"damage_healed":0,"gold_gain":0,"player_choice":"Grow","damage_taken":0,"max_hp_gain":0,"max_hp_loss":0,"event_name":"Living Wall","floor":13,"gold_loss":0,"cards_upgraded":["Slimebound:SlimeSpikes"]},{"damage_healed":0,"gold_gain":0,"player_choice":"Upgraded","damage_taken":0,"max_hp_gain":0,"max_hp_loss":0,"event_name":"Upgrade Shrine","floor":20,"gold_loss":0,"cards_upgraded":["Slimebound:LeechEnergy"]}],"is_beta":false,"boss_relics":[{"not_picked":["Busted Crown","Snecko Eye"],"picked":"Philosopher\u0027s Stone"},{"not_picked":["Calling Bell","Tiny House"],"picked":"Slimebound:AbsorbEndCombatUpgraded"}],"items_purged_floors":[26,38],"is_endless":false,"potions_floor_spawned":[2,4,14,16,19,22,29,32,40,43,44,46],"ascension_level":0}}