{"host":"w3q5ijqu8eoknil3","time":1608746092,"event":{"mods":["BaseMod","Block Reminder","Colored Powertips","Minty Spire (QoL Compilation)","Quick Restart","Relic Stats","ojb\u0027s Better Paths Mod","ojb\u0027s Info Mod"],"gold_per_floor":[117,128,128,128,41,41,85,99,122,160,178,191,204,242,242,332,332,345,303,303,1,24,24,24],"floor_reached":23,"playtime":1066,"items_purged":[],"score":476,"play_id":"d77935e5-e8f4-4631-87c7-3bac1dd3594f","local_time":"20201223175452","is_ascension_mode":true,"campfire_choices":[{"data":"Armaments","floor":6,"key":"SMITH"},{"data":"Flame Barrier","floor":15,"key":"SMITH"}],"circlet_count":0,"master_deck":["AscendersBane","Strike_R","Strike_R","Strike_R","Strike_R","Strike_R","Defend_R+1","Defend_R","Defend_R","Defend_R+1","Bash","Iron Wave","Armaments+1","Flame Barrier+1","Shockwave","Rampage","Reaper","Headbutt","Clothesline","Disarm","Battle Trance","Immolate","CurseOfTheBell","Metallicize","Pommel Strike","Shame","Apotheosis","Second Wind","Berserk"],"relics":["Burning Blood","NeowsBlessing","Golden Idol","FaceOfCleric","War Paint","Ancient Tea Set","Question Card","Bronze Scales","Calling Bell","Nunchaku","Sundial","Dead Branch","Strawberry"],"acts_visited":["Exordium","TheCity"],"potions_floor_usage":[10,11,16,16,22,23],"damage_taken":[{"damage":0,"enemies":"2 Louse","floor":1,"turns":1},{"damage":0,"enemies":"Cultist","floor":2,"turns":1},{"damage":0,"enemies":"3 Sentries","floor":7,"turns":2},{"damage":10,"enemies":"Small Slimes","floor":8,"turns":5},{"damage":20,"enemies":"Lagavulin","floor":10,"turns":7},{"damage":10,"enemies":"Exordium Wildlife","floor":11,"turns":5},{"damage":2,"enemies":"Blue Slaver","floor":12,"turns":5},{"damage":20,"enemies":"Lots of Slimes","floor":13,"turns":6},{"damage":36,"enemies":"3 Sentries","floor":14,"turns":12},{"damage":34,"enemies":"The Guardian","floor":16,"turns":12},{"damage":6,"enemies":"3 Byrds","floor":18,"turns":2},{"damage":35,"enemies":"2 Thieves","floor":19,"turns":5},{"damage":15,"enemies":"Snake Plant","floor":22,"turns":4},{"damage":39,"enemies":"Book of Stabbing","floor":23,"turns":4}],"seed_played":"-7856980170210756049","potions_obtained":[{"floor":1,"key":"Strength Potion"},{"floor":7,"key":"Swift Potion"},{"floor":10,"key":"Energy Potion"},{"floor":11,"key":"SkillPotion"},{"floor":19,"key":"SkillPotion"},{"floor":22,"key":"Ancient Potion"}],"is_trial":false,"path_per_floor":["M","M","?","?","$","R","E","M","T","E","M","M","M","E","R","B",null,"M","M","?","$","M","E"],"character_chosen":"IRONCLAD","items_purchased":["Flame Barrier","Apotheosis","Second Wind"],"campfire_rested":0,"item_purchase_floors":[5,21,21],"current_hp_per_floor":[74,75,68,68,68,68,69,66,66,53,59,68,71,45,45,27,64,65,37,44,44,36,0,0],"gold":24,"neow_bonus":"THREE_ENEMY_KILL","is_daily":false,"chose_seed":false,"campfire_upgraded":2,"win_rate":0.0,"timestamp":1608746092,"path_taken":["M","M","?","?","$","R","E","?","T","E","M","M","M","E","R","BOSS","M","M","?","$","M","E"],"items_purchased_type":["Card","Card","Card"],"build_version":"2020-12-22","purchased_purges":0,"victory":false,"max_hp_per_floor":[75,75,68,68,68,68,69,70,70,71,72,73,74,75,75,76,76,77,78,85,85,86,86,86],"relic_stats":{"Nunchaku":[1],"FaceOfCleric":11,"counters":[14,71],"Golden Idol":68,"Sundial":[0],"Bronze Scales":[141],"Dead Branch":[13],"War Paint":["Defend_R","Defend_R"],"Question Card":9,"obtain_stats":[{"NeowsBlessing":0,"Golden Idol":3,"Dead Branch":17,"War Paint":7,"Ancient Tea Set":9,"Question Card":10,"Burning Blood":0,"Calling Bell":17,"Nunchaku":17,"FaceOfCleric":4,"Sundial":17,"Bronze Scales":14,"Strawberry":20},{"NeowsBlessing":0,"Golden Idol":2,"Dead Branch":10,"War Paint":3,"Ancient Tea Set":4,"Question Card":5,"Burning Blood":0,"Calling Bell":10,"Nunchaku":10,"FaceOfCleric":2,"Sundial":10,"Bronze Scales":9,"Strawberry":12},{"NeowsBlessing":0,"Golden Idol":2,"Dead Branch":56,"War Paint":4,"Ancient Tea Set":9,"Question Card":16,"Burning Blood":0,"Calling Bell":56,"Nunchaku":56,"FaceOfCleric":2,"Sundial":56,"Bronze Scales":44,"Strawberry":63}],"Burning Blood":67},"card_choices":[{"not_picked":["Bloodletting","Sentinel"],"picked":"Iron Wave","floor":1},{"not_picked":["Twin Strike","Dropkick"],"picked":"Armaments","floor":2},{"not_picked":["Clothesline","Searing Blow"],"picked":"Shockwave","floor":7},{"not_picked":["Sword Boomerang","Flex"],"picked":"Rampage","floor":8},{"not_picked":["Berserk","Pummel"],"picked":"Reaper","floor":10},{"not_picked":["Anger","Body Slam","Clash"],"picked":"Headbutt","floor":11},{"not_picked":["Searing Blow","Bloodletting","Body Slam"],"picked":"Clothesline","floor":12},{"not_picked":["Havoc","Cleave","Flex"],"picked":"Disarm","floor":13},{"not_picked":["Whirlwind","Body Slam","Rampage"],"picked":"Battle Trance","floor":14},{"not_picked":["Brutality","Exhume","Berserk"],"picked":"Immolate","floor":16},{"not_picked":["Burning Pact","True Grit","Armaments+1"],"picked":"Metallicize","floor":18},{"not_picked":["Entrench","Warcry","Searing Blow"],"picked":"Pommel Strike","floor":19},{"not_picked":["Warcry","Battle Trance","Clash+1"],"picked":"Berserk","floor":22}],"player_experience":936947,"relics_obtained":[{"floor":7,"key":"War Paint"},{"floor":9,"key":"Ancient Tea Set"},{"floor":10,"key":"Question Card"},{"floor":14,"key":"Bronze Scales"},{"floor":17,"key":"Nunchaku"},{"floor":17,"key":"Sundial"},{"floor":17,"key":"Dead Branch"}],"event_choices":[{"damage_healed":0,"gold_gain":0,"player_choice":"Lose Max HP","damage_taken":0,"relics_obtained":["Golden Idol"],"max_hp_gain":0,"max_hp_loss":7,"event_name":"Golden Idol","floor":3,"gold_loss":0},{"damage_healed":0,"gold_gain":0,"player_choice":"Trade","damage_taken":0,"relics_obtained":["FaceOfCleric"],"max_hp_gain":0,"max_hp_loss":0,"event_name":"FaceTrader","floor":4,"gold_loss":0},{"damage_healed":0,"gold_gain":0,"player_choice":"Stole Relic","damage_taken":0,"relics_obtained":["Strawberry"],"max_hp_gain":0,"max_hp_loss":0,"event_name":"Addict","floor":20,"gold_loss":0,"cards_obtained":["Shame"]}],"is_beta":false,"boss_relics":[{"not_picked":["SlaversCollar","Philosopher\u0027s Stone"],"picked":"Calling Bell"}],"items_purged_floors":[],"is_endless":false,"potions_floor_spawned":[1,7,10,11,13,19,22],"killed_by":"Book of Stabbing","ascension_level":20}}