{"host":"vc42n08di9czm3e7","time":1608765607,"event":{"mods":["AchievementEnabler","Act Like it!","BaseMod","Colored Powertips","Downfall","Friendly Minions","GifTheSpireLib","Jorbs\u0027s Wanderer Trilogy","Minty Spire (QoL Compilation)","Rare Cards Sparkle","StSLib","The Bug Knight"],"gold_per_floor":[99,111,131,147,159,172,172,172,31,43,43,28,28,46,62,160,160,160,174,174,174,187,205,205,225,225,325,325,325,341,6,25,129,129,129,143,143,155,169,183,237,47,47,67,67,115,203,223,242,242,242,242],"floor_reached":50,"playtime":4329,"items_purged":["champ:Strike","champ:Lariat","champ:SteelEdge"],"score":492,"play_id":"a10d82c8-0de4-49bf-9de1-493b6a1d2a20","local_time":"20201223182007","is_ascension_mode":false,"campfire_choices":[{"data":"champ:Execute","floor":1,"key":"SMITH"},{"data":"champ:Taunt","floor":8,"key":"SMITH"},{"data":"champ:StanceDance","floor":13,"key":"SMITH"},{"data":"champ:HoldFirm","floor":18,"key":"SMITH"},{"data":"champ:StrikeOfGenius","floor":28,"key":"SMITH"},{"floor":35,"key":"RECALL"}],"circlet_count":0,"master_deck":["champ:Strike","champ:Strike","champ:Strike","champ:Defend","champ:Defend","champ:Defend","champ:Defend","champ:Execute+1","champ:Taunt+1","champ:IronFortress","champ:GladiatorStyle","champ:FlashCut","champ:FlashCut","champ:StrikeOfGenius+1","champ:StanceDance+1","champ:BringItOn","champ:RisingSlash","champ:RecklessLeap","champ:HoldFirm+1","champ:Duel+1","champ:ArenaPreparation","champ:StanceDance+1","champ:Devastate+1","champ:PerfectedStrike","champ:CrownThrow","champ:ViciousMockery+1","champ:FlashCut+1","champ:AdrenalArmor","champ:PerfectedStrike+1","champ:HoldFirm","champ:Shatter+1","champ:CalledShot+1","champ:PerfectedStrike"],"relics":["champ:ChampionCrown","Coffee Dripper","Kunai","Enchiridion","Pantograph","Bird Faced Urn","Fusion Hammer","Oddly Smooth Stone","Red Mask","downfall:RedIOUUpgrade","Whetstone"],"acts_visited":["Exordium","TheCity","TheBeyond"],"potions_floor_usage":[16,19,33,40,42,50,50],"damage_taken":[{"damage":22,"enemies":"Cultist","floor":2,"turns":5},{"damage":4,"enemies":"Small Slimes","floor":3,"turns":5},{"damage":13,"enemies":"Jaw Worm","floor":4,"turns":7},{"damage":0,"enemies":"2 Fungi Beasts","floor":5,"turns":5},{"damage":13,"enemies":"Blue Slaver","floor":6,"turns":4},{"damage":8,"enemies":"downfall:FleeingMerchant","floor":9,"turns":4},{"damage":4,"enemies":"Large Slime","floor":10,"turns":9},{"damage":0,"enemies":"downfall:FleeingMerchant","floor":12,"turns":4},{"damage":0,"enemies":"2 Fungi Beasts","floor":14,"turns":4},{"damage":24,"enemies":"3 Louse","floor":15,"turns":4},{"damage":46,"enemies":"downfall:Watcher","floor":16,"turns":10},{"damage":8,"enemies":"3 Byrds","floor":19,"turns":8},{"damage":18,"enemies":"Spheric Guardian","floor":22,"turns":4},{"damage":29,"enemies":"Shelled Parasite and Fungi","floor":23,"turns":6},{"damage":20,"enemies":"Cultist and Chosen","floor":25,"turns":6},{"damage":31,"enemies":"Sentry and Sphere","floor":30,"turns":6},{"damage":39,"enemies":"downfall:FleeingMerchant","floor":31,"turns":4},{"damage":13,"enemies":"Chosen and Byrds","floor":32,"turns":4},{"damage":90,"enemies":"downfall:Ironclad","floor":33,"turns":7},{"damage":5,"enemies":"Orb Walker","floor":36,"turns":3},{"damage":15,"enemies":"3 Shapes","floor":38,"turns":3},{"damage":36,"enemies":"Transient","floor":39,"turns":5},{"damage":34,"enemies":"Jaw Worm Horde","floor":40,"turns":3},{"damage":42,"enemies":"downfall:FleeingMerchant","floor":42,"turns":4},{"damage":18,"enemies":"Writhing Mass","floor":44,"turns":5},{"damage":18,"enemies":"downfall:FleeingMerchant","floor":47,"turns":2},{"damage":61,"enemies":"Sphere and 2 Shapes","floor":48,"turns":6},{"damage":34,"enemies":"Transient","floor":49,"turns":5},{"damage":142,"enemies":"downfall:Silent","floor":50,"turns":6}],"seed_played":"-9200324686389091408","potions_obtained":[{"floor":3,"key":"champ:TechniquePotion"},{"floor":4,"key":"AttackPotion"},{"floor":14,"key":"ColorlessPotion"},{"floor":16,"key":"FearPotion"},{"floor":19,"key":"Energy Potion"},{"floor":33,"key":"AttackPotion"},{"floor":48,"key":"ColorlessPotion"},{"floor":49,"key":"ColorlessPotion"}],"is_trial":false,"path_per_floor":["R","M","M","M","M","M","T","R","$","M","?","$","R","M","M","B",null,"R","M","?","?","M","M","T","M","?","?","R","T","M","$","M","B",null,"R","M","?","M","M","M","T","$","?","M","R","T","$","M","M","B"],"character_chosen":"THE_CHAMP","items_purchased":["champ:StanceDance","Bird Faced Urn","champ:PerfectedStrike","champ:Shatter","Whetstone"],"campfire_rested":0,"item_purchase_floors":[9,31,31,42,47],"current_hp_per_floor":[99,80,79,74,74,61,68,68,65,64,52,52,52,52,43,32,106,106,106,106,84,81,72,72,72,56,56,56,56,40,40,38,34,111,111,111,111,111,111,107,107,111,111,105,105,105,107,92,102,0,0,0],"gold":242,"neow_bonus":"TEN_PERCENT_HP_BONUS","is_daily":false,"chose_seed":false,"campfire_upgraded":5,"win_rate":0.0,"timestamp":1608765607,"path_taken":["R","M","M","M","M","M","T","R","$","?","?","$","R","M","M","BOSS","R","M","?","?","M","M","T","M","?","?","R","?","M","$","M","BOSS","R","M","?","M","M","M","T","$","?","M","R","?","$","?","M","BOSS"],"items_purchased_type":["Card","Relic","Card","Card","Relic"],"build_version":"2020-12-13","purchased_purges":3,"victory":false,"max_hp_per_floor":[99,99,99,99,99,99,106,106,106,106,106,106,106,106,106,106,106,106,106,106,111,111,111,111,111,111,111,111,111,111,111,111,111,111,111,111,111,111,111,111,111,111,111,111,111,111,111,111,111,111,111,111],"card_choices":[{"not_picked":["champ:FanOfKnives","champ:GladiatorsShout"],"picked":"champ:IronFortress","floor":2},{"not_picked":["champ:Haymaker","champ:BerserkersShout"],"picked":"champ:GladiatorStyle","floor":3},{"not_picked":["champ:TornadoPunch","champ:Backstep"],"picked":"champ:FlashCut","floor":4},{"not_picked":["champ:RisingSlash","champ:DeathBlow"],"picked":"champ:FlashCut","floor":5},{"not_picked":["champ:RecklessLeap","champ:Duel"],"picked":"champ:Lariat","floor":6},{"not_picked":["champ:ShieldWall","champ:BerserkersShout"],"picked":"champ:StrikeOfGenius","floor":9},{"not_picked":["champ:Circumvent","champ:HeartStrike"],"picked":"champ:BringItOn","floor":10},{"not_picked":["champ:SkillfulDodge","champ:BladeFlurry"],"picked":"champ:RisingSlash","floor":12},{"not_picked":["champ:RisingSlash","champ:BerserkersShout"],"picked":"champ:RecklessLeap","floor":14},{"not_picked":["champ:MurderStrike","champ:BerserkersShout"],"picked":"champ:EnragedBash","floor":15},{"not_picked":["champ:HeavySlash","champ:CheapShot"],"picked":"champ:HoldFirm","floor":16},{"not_picked":["champ:FanOfKnives","champ:FocusedGladiator"],"picked":"champ:Duel+1","floor":19},{"not_picked":["champ:BladeFlurry+1","champ:GladiatorsShout+1"],"picked":"champ:ArenaPreparation","floor":22},{"not_picked":["champ:PerfectedStrike","champ:Circumvent"],"picked":"champ:SteelEdge","floor":23},{"not_picked":["champ:FocusedGladiator","champ:Circumvent","champ:StanceDance"],"picked":"SKIP","floor":25},{"not_picked":["champ:BerserkersShout+1","champ:GladiatorsShout"],"picked":"champ:StanceDance+1","floor":30},{"not_picked":["champ:TornadoPunch","champ:GladiatorsShout+1"],"picked":"champ:Devastate","floor":31},{"not_picked":["champ:FanOfKnives","champ:FalseCounter","champ:BerserkersShout"],"picked":"SKIP","floor":32},{"not_picked":["champ:MurderStrike","champ:ShieldSlam"],"picked":"champ:CrownThrow","floor":33},{"not_picked":["champ:AdrenalArmor+1","champ:FanOfKnives+1"],"picked":"champ:ViciousMockery+1","floor":36},{"not_picked":["champ:StanceDance+1","champ:FocusedBerserking"],"picked":"champ:FlashCut+1","floor":38},{"not_picked":["champ:TornadoPunch","champ:DefensiveShout+1"],"picked":"champ:AdrenalArmor","floor":39},{"not_picked":["champ:HeartStrike","champ:TornadoPunch+1"],"picked":"champ:PerfectedStrike+1","floor":40},{"not_picked":["champ:GladiatorStyle+1","champ:DefensiveShout+1"],"picked":"champ:HoldFirm","floor":42},{"not_picked":["champ:ViciousMockery","champ:ArenaPreparation","champ:BladeFlurry"],"picked":"SKIP","floor":44},{"not_picked":["champ:Haymaker","champ:BladeFlurry+1"],"picked":"champ:CalledShot+1","floor":47},{"not_picked":["champ:Encircle+1","champ:FocusedDefense","champ:Duel"],"picked":"SKIP","floor":48},{"not_picked":["champ:StanceDance","champ:Circumvent+1"],"picked":"champ:PerfectedStrike","floor":49}],"player_experience":183421,"relics_obtained":[{"floor":7,"key":"Strawberry"},{"floor":24,"key":"Kunai"},{"floor":26,"key":"Enchiridion"},{"floor":29,"key":"Pantograph"},{"floor":41,"key":"Oddly Smooth Stone"}],"event_choices":[{"damage_healed":0,"gold_gain":0,"player_choice":"Fled","damage_taken":12,"max_hp_gain":0,"max_hp_loss":0,"event_name":"Scrap Ooze","floor":11,"gold_loss":0}],"is_beta":false,"boss_relics":[{"not_picked":["SacredBark","Philosopher\u0027s Stone"],"picked":"Coffee Dripper"},{"not_picked":["Calling Bell","SlaversCollar"],"picked":"Fusion Hammer"}],"items_purged_floors":[9,42,47],"is_endless":false,"potions_floor_spawned":[3,4,14,15,16,19,25,30,33,38,39,48,49],"killed_by":"downfall:Silent","ascension_level":0}}