{"host":"580ga1x1z8x1b2ni","time":1608734300,"event":{"mods":["Act Like it!","BaseMod","BetterRewards","Hallownest","Hubris","Minty Spire (QoL Compilation)","Replay The Spire","StSLib","Waifu the Spire","[IsaacMod]ÒÔÈö¼âËþ","vexMod"],"gold_per_floor":[117,0,23,36,53,53,88,53,80,46,46,46,60,88,88,88,88],"floor_reached":16,"playtime":706,"items_purged":["Streamline"],"score":158,"play_id":"fe9f2809-ddf0-4805-89ee-c357631de98a","local_time":"20201223223820","daily_mods":["SealedDeck","Vintage","Heirloom","Time Dilation"],"is_ascension_mode":false,"campfire_choices":[{"data":"Double Energy","floor":6,"key":"SMITH"},{"data":"Recycle","floor":11,"key":"SMITH"},{"data":"White Noise","floor":15,"key":"SMITH"}],"circlet_count":0,"master_deck":["Hologram","Loop","Steam","Leap","White Noise+1","Streamline","Turbo","Double Energy+1","Coolheaded","Pot Of Greed","Scrape","Recycle+1","Pot Of Greed","Gash"],"relics":["Unceasing Top","HushsDoor","Damocles","BlankCard","Potion Belt","Regal Pillow","Hallownest:BankAccountRelic","Grinning Jar","Gambling Chip","Juzu Bracelet","vexMod:FocusSash","Orichalcum","Lantern","Replay:Bottled Steam","Geode","Replay:Mystery Machine","StrikeDummy","MealTicket","Anchor"],"acts_visited":["Hallownest:Greenpath"],"potions_floor_usage":[7,16,16],"damage_taken":[{"damage":0,"enemies":"Hallownest:monsterHuskGuard","floor":1,"turns":2},{"damage":0,"enemies":"Hallownest:monsterHuskWarrior","floor":4,"turns":4},{"damage":0,"enemies":"Hallownest:2_Baldur","floor":5,"turns":3},{"damage":0,"enemies":"Hallownest:eliteCrystalGuardian","floor":7,"turns":3},{"damage":5,"enemies":"Hallownest:Guard_and_Warrior","floor":13,"turns":5},{"damage":0,"enemies":"Hallownest:eliteVengeflyKing","floor":14,"turns":4},{"damage":7,"enemies":"Hallownest:BossHornet","floor":16,"turns":2}],"seed_played":"-8272909908422011969","potions_obtained":[{"floor":1,"key":"Weak Potion"},{"floor":7,"key":"FocusPotion"},{"floor":14,"key":"Dexterity Potion"}],"is_trial":true,"path_per_floor":["M","?","T","M","M","R","E","$","T","$","R","?","M","E","R","B"],"character_chosen":"DEFECT","items_purchased":["Recycle"],"campfire_rested":0,"item_purchase_floors":[10],"current_hp_per_floor":[75,75,75,75,75,75,75,75,75,75,75,75,70,70,70,0,0],"gold":88,"neow_bonus":"","is_daily":false,"chose_seed":false,"campfire_upgraded":3,"win_rate":0.0,"timestamp":1608734300,"path_taken":["M","?","?","?","M","R","E","?","T","$","R","?","M","E","R","BOSS"],"items_purchased_type":["Card"],"build_version":"2020-12-22","purchased_purges":1,"victory":false,"max_hp_per_floor":[75,75,75,75,75,75,75,75,75,75,75,75,75,75,75,75,75],"card_choices":[{"not_picked":["Turbo","Barrage"],"picked":"Scrape","floor":7},{"not_picked":["Sunder","Genetic Algorithm"],"picked":"Gash","floor":14}],"player_experience":217097,"relics_obtained":[{"floor":1,"key":"Potion Belt"},{"floor":1,"key":"Regal Pillow"},{"floor":3,"key":"Grinning Jar"},{"floor":4,"key":"Gambling Chip"},{"floor":4,"key":"Juzu Bracelet"},{"floor":5,"key":"vexMod:FocusSash"},{"floor":5,"key":"Orichalcum"},{"floor":7,"key":"Lantern"},{"floor":7,"key":"Replay:Bottled Steam"},{"floor":9,"key":"Geode"},{"floor":13,"key":"Replay:Mystery Machine"},{"floor":13,"key":"StrikeDummy"},{"floor":14,"key":"MealTicket"},{"floor":14,"key":"Anchor"}],"event_choices":[],"is_beta":false,"boss_relics":[],"items_purged_floors":[8],"is_endless":false,"potions_floor_spawned":[1,7,14],"killed_by":"Hallownest:BossHornet","ascension_level":0}}