{"host":"amyouew1jj5rel7b","time":1608716505,"event":{"mods":["AchievementEnabler","BaseMod","Better Altar","Better Match","Better Note","Better Skull","CapriCore","Minty Spire (QoL Compilation)","Permanent Neow","Spicy Shops","StSLib","SuperFastMode","The Dragon Tamer"],"gold_per_floor":[112,112,123,48,198,231,231,257,284,318,318,353,26,57,57,128,128,148,148,162,52,62,91,91,125,125,145,175,175,256,281,281,356,356,372,386,398,30,30,55,55,87,113,161,177,202,217,231,231,302,377,377,390,390,390,390],"floor_reached":54,"playtime":3010,"items_purged":["Doubt"],"score":2992,"play_id":"d230c2c2-20f9-464d-bdc7-300e009e48a4","local_time":"20201223184145","daily_mods":["Draft","Heirloom","Elite Swarm"],"is_ascension_mode":true,"metric_token":863,"campfire_choices":[{"data":"DTMod:Outburst","floor":7.0,"key":"SMITH"},{"data":"DTMod:Safeguard","floor":11.0,"key":"SMITH"},{"data":"DTMod:RepeatStrike","floor":15.0,"key":"SMITH"},{"data":"DTMod:Training","floor":24.0,"key":"SMITH"},{"data":"DTMod:DragonDance","floor":29.0,"key":"SMITH"},{"floor":32.0,"key":"REST"},{"data":"DTMod:HeadStart","floor":41.0,"key":"SMITH"},{"data":"Pain","floor":49,"key":"PURGE"}],"dtmod_dragon_data":[44,46,1,1,12,11],"circlet_count":0,"master_deck":["AscendersBane","DTMod:ForkedFire","DTMod:DragonDance+1","DTMod:Dissolve","DTMod:Hide","DTMod:CleansingStrike","DTMod:BlazingStrike","DTMod:BurningEnergy","DTMod:SneakAttack","DTMod:Coolant","DTMod:SneakAttack+1","DTMod:MasterPlan","DTMod:BalancedStrike","DTMod:BurningForce","DTMod:Dissolve","DTMod:ForkedFire","DTMod:CleansingStrike+1","DTMod:BizarreTactic","DTMod:Outburst+1","DTMod:Safeguard+1","DTMod:HeadStart+1","DTMod:TriAttack","DTMod:Hide","DTMod:RepeatStrike+1","DTMod:LightShield","DTMod:QuickFly","DTMod:HeadStart","DTMod:Training+1","DTMod:Inferno","DTMod:Cover","DTMod:EchoTactic","DTMod:InvisibleFlame+1","DTMod:HeadStart","DTMod:Multitask","DTMod:BurningForce+1","DTMod:QuickFly+1","DTMod:HeadStart","DTMod:ResonanceForm","DTMod:DarkBreath"],"relics":["DTMod:PactStone","Girya","MealTicket","Du-Vu Doll","DTMod:DragonFood","Whetstone","Art of War","Omamori","Bottled Tornado","Centennial Puzzle","Cursed Key","Ginger","Mango","Pear","Red Mask","Question Card","Thread and Needle","Philosopher\u0027s Stone","Membership Card","DTMod:SwitchButton","Boot","Pantograph","Ancient Tea Set","Akabeko","Lizard Tail","Peace Pipe","Sozu"],"acts_visited":["Exordium","TheCity","TheBeyond","Exordium"],"potions_floor_usage":[50,51],"damage_taken":[{"damage":0.0,"enemies":"2 Louse","floor":1.0,"turns":2.0},{"damage":0.0,"enemies":"Small Slimes","floor":3.0,"turns":2.0},{"damage":6.0,"enemies":"3 Sentries","floor":6.0,"turns":6.0},{"damage":0.0,"enemies":"Lagavulin","floor":8.0,"turns":4.0},{"damage":3.0,"enemies":"Gremlin Nob","floor":10.0,"turns":3.0},{"damage":0.0,"enemies":"3 Sentries","floor":12.0,"turns":7.0},{"damage":0.0,"enemies":"Lagavulin","floor":14.0,"turns":3.0},{"damage":0.0,"enemies":"Slime Boss","floor":16.0,"turns":4.0},{"damage":0.0,"enemies":"3 Byrds","floor":18.0,"turns":4.0},{"damage":8.0,"enemies":"Shell Parasite","floor":20.0,"turns":2.0},{"damage":0.0,"enemies":"Centurion and Healer","floor":22.0,"turns":2.0},{"damage":11.0,"enemies":"Book of Stabbing","floor":23.0,"turns":4.0},{"damage":0.0,"enemies":"Slavers","floor":25.0,"turns":3.0},{"damage":0.0,"enemies":"Shelled Parasite and Fungi","floor":27.0,"turns":1.0},{"damage":0.0,"enemies":"Masked Bandits","floor":28.0,"turns":3.0},{"damage":0.0,"enemies":"Book of Stabbing","floor":31.0,"turns":2.0},{"damage":0.0,"enemies":"Collector","floor":33.0,"turns":4.0},{"damage":0.0,"enemies":"3 Darklings","floor":35.0,"turns":2.0},{"damage":0.0,"enemies":"Orb Walker","floor":36.0,"turns":2.0},{"damage":0.0,"enemies":"3 Darklings","floor":37.0,"turns":2.0},{"damage":0.0,"enemies":"Giant Head","floor":40.0,"turns":4.0},{"damage":0.0,"enemies":"Reptomancer","floor":42.0,"turns":2.0},{"damage":6,"enemies":"2 Orb Walkers","floor":44,"turns":3},{"damage":0,"enemies":"Sphere and 2 Shapes","floor":45,"turns":2},{"damage":0,"enemies":"Giant Head","floor":46,"turns":5},{"damage":0,"enemies":"4 Shapes","floor":47,"turns":2},{"damage":0,"enemies":"3 Darklings","floor":48,"turns":2},{"damage":0,"enemies":"Donu and Deca","floor":50,"turns":4},{"damage":20,"enemies":"Time Eater","floor":51,"turns":3},{"damage":0,"enemies":"Jaw Worm","floor":53,"turns":1}],"seed_played":"-4196795630668679461","potions_obtained":[{"floor":3.0,"key":"SpeedPotion"},{"floor":6.0,"key":"Ancient Potion"},{"floor":18.0,"key":"Block Potion"},{"floor":23.0,"key":"FearPotion"},{"floor":28.0,"key":"Swift Potion"},{"floor":31.0,"key":"FearPotion"},{"floor":35.0,"key":"GamblersBrew"},{"floor":37.0,"key":"AttackPotion"},{"floor":45,"key":"GamblersBrew"},{"floor":48,"key":"LiquidMemories"},{"floor":50,"key":"FearPotion"}],"is_trial":true,"path_per_floor":["M","?","M","?","?","E","R","E","T","E","R","E","$","E","R","B",null,"M","?","M","$","M","E","R","E","T","M","?","R","T","E","R","B",null,"M","M","M","$","?","E","R","E","T","?","M","E","M","M","R","B","B",null,"M","?"],"character_chosen":"THE_DT","items_purchased":["Bottled Tornado","DTMod:Hide","DTMod:Training","Membership Card","DTMod:SwitchButton","Boot"],"campfire_rested":1,"item_purchase_floors":[13,13,21,38,38,38],"current_hp_per_floor":[37,37,37,37,37,31,31,31,31,28,28,28,41,41,41,41,41,41,41,33,41,41,30,30,44,54,54,54,54,54,54,65,65,65,65,65,65,65,62,62,62,62,62,56,56,56,56,56,56,62,42,57,57,50,50,50],"gold":390,"neow_bonus":"","is_daily":false,"chose_seed":false,"campfire_upgraded":6,"win_rate":0.0,"timestamp":1608716505,"path_taken":["M","?","M","?","?","E","R","E","T","E","R","E","$","E","R","BOSS","M","?","M","?","?","E","R","E","T","M","?","R","?","E","R","BOSS","M","?","M","$","?","E","R","E","T","?","M","E","M","M","R","BOSS","BOSS","M","?"],"items_purchased_type":["Relic","Card","Card","Relic","Relic","Relic"],"build_version":"2020-12-22","purchased_purges":1,"victory":false,"max_hp_per_floor":[41,41,41,41,41,41,41,41,41,41,41,41,41,41,41,41,41,41,41,41,41,41,41,41,55,65,65,65,65,65,65,65,65,65,65,65,65,65,62,62,62,62,62,62,62,62,62,62,62,62,62,62,62,62,62,62],"card_choices":[{"not_picked":["DTMod:ComboAttack","DTMod:Cover"],"picked":"DTMod:ForkedFire","floor":0.0},{"not_picked":["DTMod:CalculatedDefense","DTMod:PurifyingFlame"],"picked":"DTMod:DragonDance","floor":0.0},{"not_picked":["DTMod:ComboAttack","DTMod:Weaken"],"picked":"DTMod:Dissolve","floor":0.0},{"not_picked":["DTMod:LowKick","DTMod:MagiciansMark"],"picked":"DTMod:Hide","floor":0.0},{"not_picked":["DTMod:Feint","DTMod:BizarreTactic"],"picked":"DTMod:CleansingStrike","floor":0.0},{"not_picked":["DTMod:QuickFly","DTMod:Shift"],"picked":"DTMod:BlazingStrike","floor":0.0},{"not_picked":["DTMod:BreakAttack","DTMod:MasterPlan"],"picked":"DTMod:BurningEnergy","floor":0.0},{"not_picked":["DTMod:Weaken","DTMod:Conduct"],"picked":"DTMod:SneakAttack","floor":0.0},{"not_picked":["DTMod:HeatWave","DTMod:Threaten"],"picked":"DTMod:Coolant","floor":0.0},{"not_picked":["DTMod:MagiciansMark","DTMod:Conduct"],"picked":"DTMod:SneakAttack","floor":0.0},{"not_picked":["DTMod:DeepFocus","DTMod:Overwhelm"],"picked":"DTMod:MasterPlan","floor":0.0},{"not_picked":["DTMod:Punisher","DTMod:BurningEnergy"],"picked":"DTMod:BalancedStrike","floor":0.0},{"not_picked":["DTMod:MagicField","DTMod:Cover"],"picked":"DTMod:BurningForce","floor":0.0},{"not_picked":["DTMod:Feint","DTMod:CleansingStrike"],"picked":"DTMod:Dissolve","floor":0.0},{"not_picked":["DTMod:Threaten","DTMod:CalculatedDefense"],"picked":"DTMod:ForkedFire","floor":0.0},{"not_picked":["DTMod:MasterPlan","DTMod:MaximumCharge"],"picked":"DTMod:CleansingStrike","floor":1.0},{"not_picked":["DTMod:BalancedStrike","DTMod:CrossStep"],"picked":"DTMod:BizarreTactic","floor":3.0},{"not_picked":["DTMod:RepeatStrike","DTMod:OpeningTactic"],"picked":"DTMod:Outburst","floor":6.0},{"not_picked":["DTMod:Outburst","DTMod:EchoTactic"],"picked":"DTMod:Safeguard","floor":8.0},{"not_picked":["DTMod:LightShield","DTMod:ShadowImage"],"picked":"DTMod:HeadStart","floor":10.0},{"not_picked":["DTMod:Harmonize","DTMod:GearUp"],"picked":"DTMod:TriAttack","floor":12.0},{"not_picked":["DTMod:Harmonize","DTMod:GearUp"],"picked":"DTMod:RepeatStrike","floor":14.0},{"not_picked":["DTMod:Outburst","DTMod:Harmonize"],"picked":"DTMod:LightShield","floor":16.0},{"not_picked":["DTMod:MasterPlan","DTMod:MagiciansMark"],"picked":"DTMod:QuickFly","floor":18.0},{"not_picked":["DTMod:BurningEnergy","DTMod:Feint","DTMod:BreakAttack"],"picked":"SKIP","floor":20.0},{"not_picked":["DTMod:Adaptation","DTMod:Punisher","DTMod:CleansingStrike"],"picked":"SKIP","floor":22.0},{"not_picked":["DTMod:StunTrap","DTMod:Multitask"],"picked":"DTMod:Inferno","floor":23.0},{"not_picked":["DTMod:ExcessFootwork","DTMod:StunTrap","DTMod:Harmonize"],"picked":"SKIP","floor":25.0},{"not_picked":["DTMod:Weaken","DTMod:MasterPlan"],"picked":"DTMod:Cover","floor":27.0},{"not_picked":["DTMod:Outburst","DTMod:Inferno","DTMod:StunTrap","DTMod:ExcessFootwork"],"picked":"SKIP","floor":31.0},{"not_picked":["DTMod:Prediction","DTMod:Inferno","DTMod:LightShield"],"picked":"DTMod:EchoTactic","floor":33.0},{"not_picked":["DTMod:Astonish","DTMod:DragonDance+1","DTMod:FlameSlash"],"picked":"DTMod:InvisibleFlame+1","floor":35.0},{"not_picked":["DTMod:CleansingStrike","DTMod:BlueScale","DTMod:SneakAttack","DTMod:Punisher"],"picked":"SKIP","floor":36.0},{"not_picked":["DTMod:MagiciansMark","DTMod:Weaken","DTMod:MasterPlan","DTMod:BuildUp"],"picked":"SKIP","floor":37.0},{"not_picked":["DTMod:Safeguard","DTMod:Harmonize","DTMod:Multitask"],"picked":"DTMod:HeadStart","floor":40.0},{"not_picked":["DTMod:Inferno","DTMod:LightShield","DTMod:Prediction"],"picked":"DTMod:Multitask","floor":42.0},{"not_picked":["DTMod:FlameSlash","DTMod:LowKick","DTMod:Observe"],"picked":"DTMod:BurningForce+1","floor":44},{"not_picked":["DTMod:Adaptation","DTMod:FlameSlash","DTMod:LastStand"],"picked":"DTMod:QuickFly+1","floor":45},{"not_picked":["DTMod:Multitask","DTMod:Inferno","DTMod:RepeatStrike","DTMod:SealedStrike"],"picked":"SKIP","floor":46},{"not_picked":["DTMod:Training","DTMod:MagicField","DTMod:SneakAttack","DTMod:Threaten"],"picked":"SKIP","floor":47},{"not_picked":["DTMod:ComboAttack","DTMod:PurifyingFlame","DTMod:SneakAttack+1","DTMod:Punisher"],"picked":"SKIP","floor":48},{"not_picked":["DTMod:StunTrap","DTMod:Inferno","DTMod:Outburst"],"picked":"DTMod:HeadStart","floor":50},{"not_picked":["DTMod:Harmonize","DTMod:Outburst","DTMod:SealedStrike"],"picked":"DTMod:ResonanceForm","floor":51},{"not_picked":["DTMod:HeatWave","DTMod:Feint","DTMod:LowKick"],"picked":"DTMod:DarkBreath","floor":53}],"player_experience":265950,"relics_obtained":[{"floor":6.0,"key":"Du-Vu Doll"},{"floor":8.0,"key":"DTMod:DragonFood"},{"floor":9.0,"key":"Whetstone"},{"floor":10.0,"key":"Art of War"},{"floor":12.0,"key":"Omamori"},{"floor":14.0,"key":"Centennial Puzzle"},{"floor":23.0,"key":"Ginger"},{"floor":25.0,"key":"Mango"},{"floor":26.0,"key":"Pear"},{"floor":28.0,"key":"Red Mask"},{"floor":30.0,"key":"Question Card"},{"floor":31.0,"key":"Thread and Needle"},{"floor":40.0,"key":"Pantograph"},{"floor":42.0,"key":"Ancient Tea Set"},{"floor":43.0,"key":"Akabeko"},{"floor":44,"key":"Lizard Tail"},{"floor":46,"key":"Peace Pipe"}],"event_choices":[{"damage_healed":0.0,"max_hp_gain":0.0,"max_hp_loss":0.0,"gold_gain":0.0,"event_name":"Big Fish","player_choice":"Box","floor":2.0,"gold_loss":0.0,"damage_taken":0.0,"relics_obtained":["MealTicket"],"cards_obtained":["Regret"]},{"cards_removed":["Regret"],"damage_healed":0.0,"max_hp_gain":0.0,"max_hp_loss":0.0,"gold_gain":0.0,"event_name":"The Cleric","player_choice":"Card Removal","floor":4.0,"gold_loss":75.0,"damage_taken":0.0},{"damage_healed":0.0,"max_hp_gain":0.0,"max_hp_loss":0.0,"gold_gain":150.0,"event_name":"Liars Game","player_choice":"AGREE","floor":5.0,"gold_loss":0.0,"damage_taken":0.0,"cards_obtained":["Doubt"]},{"damage_healed":0.0,"max_hp_gain":0.0,"max_hp_loss":0.0,"gold_gain":0.0,"event_name":"Duplicator","player_choice":"Copied","floor":19.0,"gold_loss":0.0,"damage_taken":0.0,"cards_obtained":["DTMod:HeadStart"]},{"damage_healed":0.0,"max_hp_gain":0.0,"max_hp_loss":0.0,"gold_gain":0.0,"event_name":"Masked Bandits","player_choice":"Fought Bandits","floor":28.0,"gold_loss":0.0,"damage_taken":0.0},{"damage_healed":0.0,"max_hp_gain":0.0,"max_hp_loss":3.0,"gold_gain":0.0,"event_name":"Winding Halls","player_choice":"Max HP","floor":39.0,"gold_loss":0.0,"damage_taken":0.0},{"damage_healed":0,"gold_gain":0,"player_choice":"Fight","damage_taken":0,"max_hp_gain":0,"max_hp_loss":0,"event_name":"Mysterious Sphere","floor":44,"gold_loss":0}],"is_beta":false,"boss_relics":[{"not_picked":["Runic Pyramid","Velvet Choker"],"picked":"Cursed Key"},{"not_picked":["Busted Crown","Snecko Eye"],"picked":"Philosopher\u0027s Stone"},{"not_picked":["Black Star","Astrolabe"],"picked":"Sozu"}],"items_purged_floors":[38],"is_endless":true,"potions_floor_spawned":[3,6,14,18,23,28,31,35,37,45,46,48,50,53],"ascension_level":20}}