{"host":"Melcetto","time":1608692809,"event":{"mods":["AlwaysNeverKeys","BaseMod","Better Vampires","Colored Map","Colored Powertips","DeckTracker","Emptier Cage","Minty Spire (QoL Compilation)","Permanent Neow","Quick Restart","Random Character Button","Rare Cards Sparkle","Relic Sorter","Relic Stats","StSLib","Transform Curses"],"gold_per_floor":[99,99,99,99,99,99,99,99,99,99,99,99,99,99,99,99,99],"floor_reached":16,"playtime":5936,"items_purged":[],"score":224,"play_id":"7af572c5-0253-4f7e-a223-df12e743e51a","local_time":"20201222220649","is_ascension_mode":true,"campfire_choices":[{"data":"Whirlwind","floor":6,"key":"SMITH"},{"floor":10,"key":"REST"},{"data":"Bash","floor":13,"key":"SMITH"},{"data":"Inflame","floor":15,"key":"SMITH"}],"circlet_count":0,"master_deck":["AscendersBane","Strike_R","Strike_R","Strike_R","Strike_R+1","Defend_R","Defend_R","Defend_R+1","Defend_R","Bash+1","Perfected Strike","Whirlwind+1","Burning Pact","Inflame+1","Offering","Feel No Pain"],"relics":["Ectoplasm","Bird Faced Urn","Potion Belt","Toy Ornithopter"],"acts_visited":["Exordium"],"potions_floor_usage":[7,12,14],"damage_taken":[{"damage":0,"enemies":"2 Louse","floor":1,"turns":2},{"damage":12,"enemies":"Jaw Worm","floor":3,"turns":2},{"damage":0,"enemies":"Small Slimes","floor":4,"turns":2},{"damage":8,"enemies":"Exordium Wildlife","floor":5,"turns":3},{"damage":7,"enemies":"3 Sentries","floor":7,"turns":3},{"damage":0,"enemies":"Large Slime","floor":8,"turns":4},{"damage":23,"enemies":"Lagavulin","floor":12,"turns":5},{"damage":7,"enemies":"Lots of Slimes","floor":14,"turns":2},{"damage":33,"enemies":"Hexaghost","floor":16,"turns":7}],"seed_played":"2183021330686946908","potions_obtained":[{"floor":5,"key":"Strength Potion"},{"floor":7,"key":"SmokeBomb"},{"floor":8,"key":"Dexterity Potion"},{"floor":12,"key":"BloodPotion"}],"is_trial":false,"path_per_floor":["M","?","M","M","M","R","E","M","T","R","?","E","R","M","R","B"],"character_chosen":"IRONCLAD","items_purchased":[],"campfire_rested":1,"item_purchase_floors":[],"current_hp_per_floor":[68,45,33,33,25,25,18,18,18,40,33,12,12,25,25,0,0],"gold":99,"neow_bonus":"BOSS_RELIC","is_daily":false,"chose_seed":false,"campfire_upgraded":3,"win_rate":0.0,"timestamp":1608692809,"path_taken":["M","?","M","M","M","R","E","M","T","R","?","E","R","M","R","BOSS"],"items_purchased_type":[],"build_version":"2020-12-18","purchased_purges":0,"victory":false,"max_hp_per_floor":[75,75,75,75,75,75,75,75,75,75,75,75,75,75,75,75,75],"relic_stats":{"counters":[9,30],"Bird Faced Urn":[6],"Ectoplasm":184,"obtain_stats":[{"Potion Belt":9,"Bird Faced Urn":7,"Ectoplasm":0,"Burning Blood":0,"Toy Ornithopter":12},{"Potion Belt":6,"Bird Faced Urn":5,"Ectoplasm":0,"Burning Blood":0,"Toy Ornithopter":7},{"Potion Belt":16,"Bird Faced Urn":12,"Ectoplasm":0,"Burning Blood":0,"Toy Ornithopter":21}],"Toy Ornithopter":5},"card_choices":[{"not_picked":["Heavy Blade","Havoc","Iron Wave"],"picked":"SKIP","floor":1},{"not_picked":["Heavy Blade","True Grit"],"picked":"Perfected Strike","floor":3},{"not_picked":["Wild Strike","Carnage"],"picked":"Whirlwind","floor":4},{"not_picked":["Sever Soul","Flex","Carnage"],"picked":"SKIP","floor":5},{"not_picked":["Headbutt","Havoc","Burning Pact"],"picked":"SKIP","floor":7},{"not_picked":["Headbutt","Havoc"],"picked":"Burning Pact","floor":7},{"not_picked":["Wild Strike","Headbutt"],"picked":"Inflame","floor":8},{"not_picked":["Dropkick","Havoc"],"picked":"Offering","floor":12},{"not_picked":["Headbutt","Perfected Strike"],"picked":"Feel No Pain","floor":14}],"player_experience":18701242,"relics_obtained":[{"floor":7,"key":"Bird Faced Urn"},{"floor":9,"key":"Potion Belt"},{"floor":12,"key":"Toy Ornithopter"}],"event_choices":[{"damage_healed":0,"gold_gain":0,"player_choice":"Entered Light","damage_taken":23,"max_hp_gain":0,"max_hp_loss":0,"event_name":"Shining Light","floor":2,"gold_loss":0,"cards_upgraded":["Defend_R","Strike_R"]},{"cards_removed":["Strike_R"],"damage_healed":0,"gold_gain":0,"player_choice":"Card Removal","damage_taken":7,"max_hp_gain":0,"max_hp_loss":0,"event_name":"Golden Wing","floor":11,"gold_loss":0}],"is_beta":true,"boss_relics":[],"items_purged_floors":[],"is_endless":false,"potions_floor_spawned":[5,7,8,12],"killed_by":"Hexaghost","ascension_level":20}}