{"host":"03a85bwj0a5skoit","time":1608707673,"event":{"mods":["BaseMod","Block Reminder","Minty Spire (QoL Compilation)","Relic Stats","StSLib"],"gold_per_floor":[111,111,129,140,140,165,165,180,180,210,210,226,34,46,46,117,117,131,131,131],"floor_reached":19,"playtime":687,"items_purged":["Strike_R"],"score":458,"play_id":"9ca2d861-c361-46e6-82e8-372b5266e145","local_time":"20201223174433","is_ascension_mode":true,"campfire_choices":[{"data":"Rampage","floor":7,"key":"SMITH"},{"floor":11,"key":"REST"},{"floor":15,"key":"REST"}],"circlet_count":0,"master_deck":["AscendersBane","Strike_R","Strike_R","Strike_R","Defend_R","Defend_R","Defend_R","Defend_R","Bash","Twin Strike","Rampage+1","Warcry","Feed","Evolve","Fire Breathing","Dropkick","Impervious","Immolate","Dual Wield"],"relics":["SlaversCollar","Oddly Smooth Stone","Singing Bowl","FossilizedHelix","Velvet Choker"],"acts_visited":["Exordium","TheCity"],"potions_floor_usage":[6,10,16],"damage_taken":[{"damage":15,"enemies":"Small Slimes","floor":1,"turns":6},{"damage":2,"enemies":"Cultist","floor":3,"turns":4},{"damage":2,"enemies":"Jaw Worm","floor":4,"turns":4},{"damage":30,"enemies":"3 Sentries","floor":6,"turns":9},{"damage":14,"enemies":"3 Louse","floor":8,"turns":4},{"damage":20,"enemies":"Gremlin Nob","floor":10,"turns":4},{"damage":8,"enemies":"Blue Slaver","floor":12,"turns":5},{"damage":4,"enemies":"2 Fungi Beasts","floor":14,"turns":4},{"damage":0,"enemies":"Slime Boss","floor":16,"turns":7},{"damage":43,"enemies":"3 Byrds","floor":18,"turns":6},{"damage":36,"enemies":"Shell Parasite","floor":19,"turns":6}],"seed_played":"8086527301127122600","potions_obtained":[{"floor":3,"key":"DuplicationPotion"},{"floor":6,"key":"HeartOfIron"},{"floor":14,"key":"FearPotion"},{"floor":16,"key":"ElixirPotion"},{"floor":18,"key":"Regen Potion"}],"is_trial":false,"path_per_floor":["M","?","M","M","?","E","R","M","T","E","R","M","$","M","R","B",null,"M","M"],"character_chosen":"IRONCLAD","items_purchased":["Fire Breathing","Dropkick"],"campfire_rested":2,"item_purchase_floors":[13,13],"current_hp_per_floor":[53,75,73,71,64,34,34,23,23,5,29,21,21,20,44,47,76,36,0,0],"gold":131,"neow_bonus":"BOSS_RELIC","is_daily":false,"chose_seed":false,"campfire_upgraded":1,"win_rate":0.0,"timestamp":1608707673,"path_taken":["M","?","M","?","?","E","R","M","T","E","R","M","$","M","R","BOSS","M","M"],"items_purchased_type":["Card","Card"],"build_version":"2020-12-22","purchased_purges":1,"victory":false,"max_hp_per_floor":[75,75,75,75,75,75,75,78,78,80,80,80,80,83,83,86,86,89,89,89],"relic_stats":{"Singing Bowl":2,"counters":[11,59],"obtain_stats":[{"SlaversCollar":0,"Singing Bowl":9,"Oddly Smooth Stone":6,"Velvet Choker":17,"Burning Blood":0,"FossilizedHelix":10},{"SlaversCollar":0,"Singing Bowl":5,"Oddly Smooth Stone":4,"Velvet Choker":9,"Burning Blood":0,"FossilizedHelix":6},{"SlaversCollar":0,"Singing Bowl":27,"Oddly Smooth Stone":23,"Velvet Choker":47,"Burning Blood":0,"FossilizedHelix":31}]},"card_choices":[{"not_picked":["Shrug It Off","Rupture"],"picked":"Twin Strike","floor":1},{"not_picked":["Anger","Armaments"],"picked":"Rampage","floor":3},{"not_picked":["Clothesline","Sword Boomerang"],"picked":"Warcry","floor":4},{"not_picked":["Power Through","Flex"],"picked":"Feed","floor":6},{"not_picked":["Body Slam","Sword Boomerang","Heavy Blade"],"picked":"SKIP","floor":8},{"not_picked":["Fire Breathing","Havoc","Pommel Strike"],"picked":"Singing Bowl","floor":10},{"not_picked":["Iron Wave","Armaments"],"picked":"Evolve","floor":12},{"not_picked":["Iron Wave","Burning Pact"],"picked":"Impervious","floor":14},{"not_picked":["Demon Form","Limit Break"],"picked":"Immolate","floor":16},{"not_picked":["Armaments","Pummel"],"picked":"Dual Wield","floor":18}],"player_experience":2301004,"relics_obtained":[{"floor":6,"key":"Oddly Smooth Stone"},{"floor":9,"key":"Singing Bowl"},{"floor":10,"key":"FossilizedHelix"}],"event_choices":[{"damage_healed":22,"gold_gain":0,"player_choice":"Full Heal","damage_taken":0,"max_hp_gain":0,"max_hp_loss":0,"event_name":"Wheel of Change","floor":2,"gold_loss":0},{"cards_removed":["Strike_R"],"damage_healed":0,"gold_gain":0,"player_choice":"Card Removal","damage_taken":7,"max_hp_gain":0,"max_hp_loss":0,"event_name":"Golden Wing","floor":5,"gold_loss":0}],"is_beta":false,"boss_relics":[{"not_picked":["Runic Dome","SacredBark"],"picked":"Velvet Choker"}],"items_purged_floors":[13],"is_endless":false,"potions_floor_spawned":[3,6,14,16,18],"killed_by":"Shell Parasite","ascension_level":20}}