{"host":"55yei7x27djrlaep","time":1608713745,"event":{"mods":["Act Like it!","Aspiration","BaseMod","Better Third Choice","BetterRewards","Colored Map","Downfall","Friendly Minions","GifTheSpireLib","Hubris","Minty Spire (QoL Compilation)","Replay The Spire","StSLib","Stuff the Spire","The Cursed","The Servant 0.9.4"],"gold_per_floor":[115,115,115,47,61,86,96,123,169,185,185,185,38,48,48,152,152,172,447,467,481,481,508,508,508,557,557,557],"floor_reached":27,"playtime":1179,"items_purged":["Strike_B"],"score":306,"play_id":"f031f18f-678c-4f5e-819c-72fa0cf45492","local_time":"20201223115545","is_ascension_mode":true,"campfire_choices":[{"data":"Zap","floor":12.0,"key":"SMITH"},{"data":"StuffTheSpire:LoadUp","floor":15.0,"key":"SMITH"},{"floor":25,"key":"REST"}],"circlet_count":0,"master_deck":["Strike_B","Strike_B","Strike_B","Defend_B","Defend_B","Defend_B","Defend_B","Zap+1","Dualcast","Cold Snap","Crystallizer","Rebound","ReplayGash","hubris:PowerSurge","Self Repair","StuffTheSpire:LoadUp+1","hubris:PowerSurge","Coolheaded","All For One","Fusion","Regret","StuffTheSpire:Rend","Compile Driver+1","Leap"],"relics":["StuffTheSpire:OccultApparatus","NeowsBlessing","hubris:GlazedTorus","hubris:RGBLights","hubris:Towel","Sozu","Blood Vial","Bag of Preparation"],"acts_visited":["Exordium","TheCity"],"potions_floor_usage":[23],"damage_taken":[{"damage":0.0,"enemies":"Small Slimes","floor":1.0,"turns":1.0},{"damage":0.0,"enemies":"2 Louse","floor":5.0,"turns":1.0},{"damage":0.0,"enemies":"Lagavulin","floor":6.0,"turns":1.0},{"damage":2.0,"enemies":"Jaw Worm","floor":7.0,"turns":3.0},{"damage":15.0,"enemies":"3 Sentries","floor":8.0,"turns":7.0},{"damage":0.0,"enemies":"Large Slime","floor":10.0,"turns":4.0},{"damage":7.0,"enemies":"Gremlin Gang","floor":14.0,"turns":2.0},{"damage":34.0,"enemies":"Hexaghost","floor":16.0,"turns":8.0},{"damage":0,"enemies":"Spheric Guardian","floor":18,"turns":2},{"damage":4,"enemies":"Chosen","floor":20,"turns":4},{"damage":23,"enemies":"Snake Plant","floor":21,"turns":3},{"damage":34,"enemies":"Gremlin Leader","floor":23,"turns":5},{"damage":42,"enemies":"Book of Stabbing","floor":27,"turns":4}],"seed_played":"-820934307360897490","potions_obtained":[{"floor":1.0,"key":"Fire Potion"},{"floor":6.0,"key":"SkillPotion"},{"floor":7.0,"key":"Guardian:BlockOnCardUsePotion"},{"floor":10.0,"key":"sneckomod:MuddlingPotion"}],"is_trial":false,"path_per_floor":["M","?","?","$","M","E","M","E","T","M","?","R","$","M","R","B",null,"M","?","M","M","?","E","?","R","T","E"],"character_chosen":"DEFECT","items_purchased":["Crystallizer","hubris:PowerSurge"],"campfire_rested":1,"item_purchase_floors":[4,13],"current_hp_per_floor":[75,75,75,75,75,75,73,58,58,65,65,65,65,58,58,31,75,75,75,75,52,38,11,11,35,35,0,0],"gold":557,"neow_bonus":"THREE_ENEMY_KILL","is_daily":false,"chose_seed":false,"campfire_upgraded":2,"win_rate":0.0,"timestamp":1608713745,"path_taken":["M","?","?","?","M","E","?","E","T","M","?","R","$","M","R","BOSS","BOSS","M","?","?","M","?","E","?","R","T","E"],"items_purchased_type":["Card","Card"],"build_version":"2020-12-22","purchased_purges":1,"victory":false,"max_hp_per_floor":[75,75,75,75,75,75,75,75,75,75,75,75,75,75,75,75,75,75,75,75,75,80,80,80,80,80,80,80],"card_choices":[{"not_picked":["Rebound","Sweeping Beam"],"picked":"Cold Snap","floor":1.0},{"not_picked":["StuffTheSpire:Plugnplay","StuffTheSpire:CleanHardDrive"],"picked":"Rebound","floor":5.0},{"not_picked":["Hologram","ReplayTheSpireMod:Omega Cannon"],"picked":"ReplayGash","floor":6.0},{"not_picked":["ReplaySolidLightProjector","Barrage"],"picked":"hubris:PowerSurge","floor":7.0},{"not_picked":["ReplayTheSpireMod:GoodbyeWorld","Hologram"],"picked":"Self Repair","floor":8.0},{"not_picked":["Hologram","ReplayTheSpireMod:Reroute Power"],"picked":"StuffTheSpire:LoadUp","floor":10.0},{"not_picked":["Streamline","ReplayTheSpireMod:GoodbyeWorld"],"picked":"Coolheaded","floor":14.0},{"not_picked":["Thunder Strike","hubris:DoWhile"],"picked":"All For One","floor":16},{"not_picked":["Sweeping Beam","Ball Lightning+1"],"picked":"Fusion","floor":18},{"not_picked":["Redo","StuffTheSpire:LoadUp"],"picked":"StuffTheSpire:Rend","floor":20},{"not_picked":["Leap","Cold Snap"],"picked":"Compile Driver+1","floor":21},{"not_picked":["Static Discharge","StuffTheSpire:LoadUp"],"picked":"Leap","floor":23}],"player_experience":366161,"relics_obtained":[{"floor":6.0,"key":"hubris:GlazedTorus"},{"floor":8.0,"key":"hubris:RGBLights"},{"floor":23,"key":"Blood Vial"},{"floor":26,"key":"Bag of Preparation"}],"event_choices":[{"damage_healed":0,"gold_gain":275,"player_choice":"Desecrate","damage_taken":0,"max_hp_gain":0,"max_hp_loss":0,"event_name":"Golden Shrine","floor":19,"gold_loss":0,"cards_obtained":["Regret"]},{"damage_healed":0,"gold_gain":0,"player_choice":"Shed Blood","damage_taken":19,"max_hp_gain":5,"max_hp_loss":0,"event_name":"Forgotten Altar","floor":22,"gold_loss":0},{"damage_healed":0,"gold_gain":0,"player_choice":"Bought 0 Potions","damage_taken":0,"max_hp_gain":0,"max_hp_loss":0,"event_name":"The Woman in Blue","floor":24,"gold_loss":0}],"is_beta":false,"boss_relics":[{"not_picked":["hubris:RunicObelisk","StuffTheSpire:ModemDavis"],"picked":"Sozu"}],"items_purged_floors":[13],"is_endless":false,"potions_floor_spawned":[1,6,7,10,18,21,23],"killed_by":"Book of Stabbing","ascension_level":3}}