{"host":"9d83omykrosjn1d3","time":1608724266,"event":{"mods":["AchievementEnabler","BaseMod","BetterRewards","Card Forge","Hubris","MarisaÅiñ∂âJÅ@ñÇóùçπÅj","Minty Spire (QoL Compilation)","Permanent Neow","Shop Mod","StSLib","SuperFastMode","The Animator","The Cursed"],"gold_per_floor":[117,117,117,135,85,113,138,169,169,196,196,196],"floor_reached":11,"playtime":808,"items_purged":[],"score":99,"play_id":"96cb6285-3838-4a77-9c5f-8e23395746c2","local_time":"20201223205106","daily_mods":["SealedDeck","Heirloom","Flight","DeadlyEvents","Elite Swarm"],"is_ascension_mode":false,"campfire_choices":[],"circlet_count":0,"master_deck":["TheCursedMod:ReleasedStrength","TheCursedMod:CursedShiv","TheCursedMod:Mangle","TheCursedMod:Stigma","TheCursedMod:CircleOfFlame","TheCursedMod:CircleOfBlood","TheCursedMod:CircleOfCorruption","TheCursedMod:CircleOfWindfury","TheCursedMod:CircleOfFocus","TheCursedMod:CircleOfCorruption","TheCursedMod:Mangle","TheCursedMod:FleshFromBone","TheCursedMod:DoubleShield","TheCursedMod:CursedSpellbook","TheCursedMod:DemonSword","TheCursedMod:NeowsMight","TheCursedMod:AntiAging","TheCursedMod:NeowsMight"],"relics":["TheCursedMod:BlackMagic101","Hammer of Thor","Seething Fire","Anvil of the Gods","Ginger","Lizard Tail","hubris:SphereOfDissonance","hubris:SlimyHat","hubris:DisguiseKit","hubris:ToyBattleship"],"acts_visited":["Exordium"],"potions_floor_usage":[],"damage_taken":[{"damage":5,"enemies":"2 Louse","floor":1,"turns":2},{"damage":15,"enemies":"Cultist","floor":4,"turns":4},{"damage":33,"enemies":"3 Sentries","floor":6,"turns":9},{"damage":8,"enemies":"Lagavulin","floor":7,"turns":3},{"damage":28,"enemies":"Gremlin Nob","floor":8,"turns":4},{"damage":11,"enemies":"Lagavulin","floor":10,"turns":4},{"damage":28,"enemies":"3 Sentries","floor":11,"turns":3}],"seed_played":"-4375631472912373461","potions_obtained":[{"floor":1,"key":"CultistPotion"},{"floor":7,"key":"SteroidPotion"},{"floor":10,"key":"DuplicationPotion"}],"is_trial":true,"path_per_floor":["M","?","?","M","?","E","E","E","T","E","E"],"character_chosen":"THE_CURSED","items_purchased":[],"campfire_rested":0,"item_purchase_floors":[],"current_hp_per_floor":[72,77,69,56,56,23,15,30,30,21,0,0],"gold":196,"neow_bonus":"","is_daily":false,"chose_seed":false,"campfire_upgraded":0,"win_rate":0.0,"timestamp":1608724266,"path_taken":["M","?","?","?","?","E","E","E","T","E","E"],"items_purchased_type":[],"build_version":"2020-12-22","purchased_purges":0,"victory":false,"max_hp_per_floor":[75,80,80,80,80,80,80,80,80,82,82,82],"card_choices":[{"not_picked":["TheCursedMod:Stretching","TheCursedMod:SpitefulStrike"],"picked":"TheCursedMod:CircleOfCorruption","floor":1},{"not_picked":["TheCursedMod:CursedShiv","TheCursedMod:Wield"],"picked":"TheCursedMod:Mangle","floor":4},{"not_picked":["TheCursedMod:VoidForm","TheCursedMod:UltimatePain"],"picked":"TheCursedMod:DemonSword","floor":6},{"not_picked":["TheCursedMod:CircleOfAbyss","TheCursedMod:ManaCirculation"],"picked":"TheCursedMod:NeowsMight","floor":7},{"not_picked":["TheCursedMod:ShockAndAwe","TheCursedMod:CircleOfAbyss"],"picked":"TheCursedMod:AntiAging","floor":8},{"not_picked":["TheCursedMod:AntiAging","TheCursedMod:Neurasthenia","Phantasmal Killer"],"picked":"TheCursedMod:NeowsMight","floor":10}],"player_experience":744665,"relics_obtained":[{"floor":6,"key":"Lizard Tail"},{"floor":7,"key":"hubris:SphereOfDissonance"},{"floor":8,"key":"hubris:SlimyHat"},{"floor":9,"key":"hubris:DisguiseKit"},{"floor":10,"key":"hubris:ToyBattleship"}],"event_choices":[{"damage_healed":0,"gold_gain":0,"player_choice":"Donut","damage_taken":0,"max_hp_gain":5,"max_hp_loss":0,"event_name":"Big Fish","floor":2,"gold_loss":0},{"damage_healed":0,"gold_gain":0,"player_choice":"Damaged","damage_taken":8,"max_hp_gain":0,"max_hp_loss":0,"event_name":"Wheel of Change","floor":3,"gold_loss":0},{"cards_removed":["TheCursedMod:SurpriseAttack"],"damage_healed":0,"gold_gain":0,"player_choice":"Card Removal","damage_taken":0,"max_hp_gain":0,"max_hp_loss":0,"event_name":"The Cleric","floor":5,"gold_loss":50}],"is_beta":false,"boss_relics":[],"items_purged_floors":[],"is_endless":false,"potions_floor_spawned":[1,7,10],"killed_by":"3 Sentries","ascension_level":0}}