{"host":"qekv59dthhdg54sz","time":1608726034,"event":{"mods":["AchievementEnabler","BaseMod","Colored Map","DeckTracker","KOR Keyword Fix","Minty Spire (QoL Compilation)","Rare Cards Sparkle","StSLib","SuperFastMode"],"gold_per_floor":[119,138,138,108,9,21,21,56,83,112,124,49,49,84,84,162,162,173,48,60,60,80,80,93,93,93,113,128,128,161,273,285,375,387,419,103,118,135,135,160,160,195,195,195,211,61,61,61,61,61,61,61],"floor_reached":51,"playtime":2354,"items_purged":["Strike_G","Caltrops","Dash","Unload+1"],"score":1786,"play_id":"27417119-a697-46b5-bf49-2585c777121f","local_time":"20201223212034","is_ascension_mode":true,"campfire_choices":[{"data":"Dash","floor":7.0,"key":"SMITH"},{"data":"Backflip","floor":13.0,"key":"SMITH"},{"data":"Concentrate","floor":15.0,"key":"SMITH"},{"data":"Adrenaline","floor":23.0,"key":"SMITH"},{"floor":29.0,"key":"REST"},{"data":"Burst","floor":32.0,"key":"SMITH"},{"data":"Well Laid Plans","floor":41.0,"key":"SMITH"},{"data":"Acrobatics","floor":47.0,"key":"SMITH"},{"data":"Tactician","floor":49.0,"key":"SMITH"}],"circlet_count":0,"master_deck":["AscendersBane","Survivor","Neutralize+1","Predator","Backflip+1","Finesse","Dash+1","Blade Dance","Reflex","Eviscerate","Concentrate+1","Adrenaline+1","Quick Slash","Caltrops","A Thousand Cuts","Quick Slash","Venomology","Burst+1","Backflip","Finisher+1","Malaise","Grand Finale","Well Laid Plans+1","Tactician+1","Acrobatics+1"],"relics":["Ring of the Snake","NeowsBlessing","Pen Nib","Bag of Preparation","Gambling Chip","Omamori","Pandora\u0027s Box","Blue Candle","MawBank","Lizard Tail","Ornamental Fan","Calling Bell","Ancient Tea Set","Gremlin Horn","Torii","Strawberry","Kunai","Whetstone"],"acts_visited":["Exordium","TheCity","TheBeyond"],"potions_floor_usage":[51,51,51],"damage_taken":[{"damage":0.0,"enemies":"2 Louse","floor":1.0,"turns":1.0},{"damage":0.0,"enemies":"Cultist","floor":2.0,"turns":1.0},{"damage":0.0,"enemies":"Small Slimes","floor":6.0,"turns":1.0},{"damage":14.0,"enemies":"Gremlin Nob","floor":8.0,"turns":5.0},{"damage":33.0,"enemies":"Lagavulin","floor":10.0,"turns":7.0},{"damage":0.0,"enemies":"Looter","floor":11.0,"turns":2.0},{"damage":0.0,"enemies":"Gremlin Nob","floor":14.0,"turns":2.0},{"damage":0.0,"enemies":"Hexaghost","floor":16.0,"turns":6.0},{"damage":0.0,"enemies":"3 Byrds","floor":18.0,"turns":2.0},{"damage":0.0,"enemies":"Shell Parasite","floor":20.0,"turns":3.0},{"damage":19.0,"enemies":"Sentry and Sphere","floor":22.0,"turns":6.0},{"damage":0.0,"enemies":"Snecko","floor":24.0,"turns":2.0},{"damage":0.0,"enemies":"Cultist and Chosen","floor":27.0,"turns":1.0},{"damage":0.0,"enemies":"Sentry and Sphere","floor":28.0,"turns":3.0},{"damage":0.0,"enemies":"Gremlin Leader","floor":30.0,"turns":4.0},{"damage":0.0,"enemies":"Colosseum Slavers","floor":31.0,"turns":1.0},{"damage":0.0,"enemies":"Colosseum Nobs","floor":31.0,"turns":1.0},{"damage":33.0,"enemies":"Champ","floor":33.0,"turns":11.0},{"damage":0.0,"enemies":"3 Shapes","floor":35.0,"turns":2.0},{"damage":0.0,"enemies":"3 Darklings","floor":37.0,"turns":1.0},{"damage":0.0,"enemies":"Writhing Mass","floor":38.0,"turns":7.0},{"damage":26.0,"enemies":"Giant Head","floor":40.0,"turns":6.0},{"damage":3.0,"enemies":"Nemesis","floor":42.0,"turns":5.0},{"damage":2.0,"enemies":"4 Shapes","floor":45.0,"turns":6.0},{"damage":0.0,"enemies":"Donu and Deca","floor":50.0,"turns":3.0},{"damage":24,"enemies":"Time Eater","floor":51,"turns":7}],"seed_played":"-9127668206361364653","potions_obtained":[{"floor":4.0,"key":"GhostInAJar"},{"floor":4.0,"key":"EntropicBrew"},{"floor":20.0,"key":"Ancient Potion"},{"floor":27.0,"key":"LiquidMemories"},{"floor":30.0,"key":"Energy Potion"},{"floor":31.0,"key":"PowerPotion"}],"is_trial":false,"path_per_floor":["M","M","?","?","$","M","R","E","T","E","M","$","R","E","R","B",null,"M","$","M","?","M","R","M","?","T","M","M","R","E","?","R","B",null,"M","$","M","M","?","E","R","E","T","?","M","$","R","$","R","B","B"],"character_chosen":"THE_SILENT","items_purchased":["Finesse","Backflip","Grand Finale","Well Laid Plans"],"campfire_rested":1,"item_purchase_floors":[5,19,36,36],"current_hp_per_floor":[59,59,59,59,59,59,59,45,45,12,12,12,12,12,12,12,53,53,53,53,53,34,34,34,16,16,16,16,37,37,37,37,4,54,54,54,54,54,54,35,35,32,32,32,30,30,30,30,30,30,6,6],"gold":61,"neow_bonus":"THREE_ENEMY_KILL","is_daily":false,"chose_seed":false,"campfire_upgraded":8,"win_rate":0.0,"timestamp":1608726034,"path_taken":["M","M","?","?","$","M","R","E","T","E","?","?","R","E","R","BOSS","M","$","M","?","M","R","M","?","T","M","M","R","E","?","R","BOSS","M","$","M","M","?","E","R","E","T","?","M","$","R","?","R","BOSS","BOSS"],"items_purchased_type":["Card","Card","Card","Card"],"build_version":"2020-12-22","purchased_purges":4,"victory":false,"max_hp_per_floor":[66,66,66,66,66,66,66,66,66,66,66,66,66,66,66,66,66,66,66,66,66,66,66,66,71,71,71,71,71,71,71,71,71,71,71,71,71,71,67,74,74,74,74,74,74,74,74,74,74,74,74,74],"card_choices":[{"not_picked":["Backflip","Dagger Throw"],"picked":"Predator","floor":1.0},{"not_picked":["Dodge and Roll","Acrobatics"],"picked":"Backflip","floor":2.0},{"not_picked":["All Out Attack","Underhanded Strike"],"picked":"Dash","floor":6.0},{"not_picked":["Acrobatics","Quick Slash"],"picked":"Blade Dance","floor":8.0},{"not_picked":["Cloak And Dagger","Outmaneuver"],"picked":"Reflex","floor":10.0},{"not_picked":["Underhanded Strike","Dash"],"picked":"Eviscerate","floor":11.0},{"not_picked":["Glass Knife","Endless Agony"],"picked":"Concentrate","floor":14.0},{"not_picked":["Wraith Form v2","Envenom"],"picked":"Adrenaline","floor":16.0},{"not_picked":["Bane","Choke","Deflect"],"picked":"SKIP","floor":18.0},{"not_picked":["Infinite Blades","Blade Dance","Backflip"],"picked":"SKIP","floor":20.0},{"not_picked":["Dagger Spray","Deadly Poison","Backflip"],"picked":"SKIP","floor":22.0},{"not_picked":["Bane","Tools of the Trade"],"picked":"Finisher+1","floor":24.0},{"not_picked":["Sucker Punch","Poisoned Stab","Quick Slash"],"picked":"SKIP","floor":27.0},{"not_picked":["Crippling Poison","Dodge and Roll","Finisher+1"],"picked":"SKIP","floor":28.0},{"not_picked":["Sucker Punch","Blade Dance","Wraith Form v2"],"picked":"SKIP","floor":30.0},{"not_picked":["Night Terror","Storm of Steel"],"picked":"Malaise","floor":33.0},{"not_picked":["Dagger Throw","Deadly Poison+1","Finisher"],"picked":"SKIP","floor":35.0},{"not_picked":["Cloak And Dagger","Sucker Punch","Outmaneuver"],"picked":"SKIP","floor":37.0},{"not_picked":["Deflect","Malaise","PiercingWail"],"picked":"SKIP","floor":38.0},{"not_picked":["Skewer+1","Terror"],"picked":"Tactician","floor":40.0},{"not_picked":["Dodge and Roll","Deadly Poison","Dash+1"],"picked":"SKIP","floor":42.0},{"not_picked":["Predator","Prepared"],"picked":"Acrobatics","floor":45.0}],"player_experience":743407,"relics_obtained":[{"floor":8.0,"key":"Pen Nib"},{"floor":9.0,"key":"Bag of Preparation"},{"floor":10.0,"key":"Gambling Chip"},{"floor":14.0,"key":"Omamori"},{"floor":26.0,"key":"Blue Candle"},{"floor":30.0,"key":"MawBank"},{"floor":31.0,"key":"Lizard Tail"},{"floor":31.0,"key":"Ornamental Fan"},{"floor":34.0,"key":"Ancient Tea Set"},{"floor":34.0,"key":"Gremlin Horn"},{"floor":34.0,"key":"Torii"},{"floor":40.0,"key":"Strawberry"},{"floor":42.0,"key":"Kunai"},{"floor":43.0,"key":"Whetstone"}],"event_choices":[{"damage_healed":0.0,"max_hp_gain":0.0,"max_hp_loss":0.0,"gold_gain":0.0,"event_name":"Liars Game","player_choice":"Ignored","floor":3.0,"gold_loss":0.0,"damage_taken":0.0},{"damage_healed":0.0,"max_hp_gain":0.0,"max_hp_loss":0.0,"gold_gain":0.0,"event_name":"The Woman in Blue","player_choice":"Bought 2 Potions","floor":4.0,"gold_loss":0.0,"damage_taken":0.0},{"damage_healed":0.0,"max_hp_gain":5.0,"max_hp_loss":0.0,"gold_gain":0.0,"event_name":"Forgotten Altar","player_choice":"Shed Blood","floor":25.0,"gold_loss":0.0,"damage_taken":23.0},{"damage_healed":0.0,"max_hp_gain":0.0,"max_hp_loss":0.0,"gold_gain":0.0,"event_name":"Colosseum","player_choice":"Fight","floor":31.0,"gold_loss":0.0,"damage_taken":0.0},{"damage_healed":0.0,"max_hp_gain":0.0,"max_hp_loss":0.0,"gold_gain":0.0,"event_name":"Colosseum","player_choice":"Fought Nobs","floor":31.0,"gold_loss":0.0,"damage_taken":0.0},{"damage_healed":0.0,"max_hp_gain":0.0,"max_hp_loss":4.0,"gold_gain":0.0,"event_name":"Winding Halls","player_choice":"Max HP","floor":39.0,"gold_loss":0.0,"damage_taken":0.0},{"damage_healed":0.0,"max_hp_gain":0.0,"max_hp_loss":0.0,"gold_gain":0.0,"event_name":"The Moai Head","player_choice":"Ignored","floor":44.0,"gold_loss":0.0,"damage_taken":0.0}],"is_beta":false,"boss_relics":[{"not_picked":["Sozu","Busted Crown"],"picked":"Pandora\u0027s Box"},{"not_picked":["Cursed Key","HoveringKite"],"picked":"Calling Bell"}],"items_purged_floors":[12,19,36,46],"is_endless":false,"potions_floor_spawned":[6,11,20,24,27,30,31,37,38],"killed_by":"Time Eater","ascension_level":20}}