{"host":"flm17o2q7bfjyna6","time":1608744108,"event":{"mods":["2.2 Compatiblity","Act Like it!","BaseMod","Better Altar","Better Match","Better Note","Better Sensory Stone","Better Skull","Better Third Choice","Better Vampires","Colored Map","Colored Powertips","DeckTracker","Hermit","Ironclad Rager","Minty Spire (QoL Compilation)","Quick Restart","Replay The Spire","Reworked Bosses","Spicy Shops","StSLib","Wandering Minibosses"],"gold_per_floor":[15,15,32,32,50,50,82,82,82,109,109,109,123,28,28,123,123,143,143,163,113,113,113,124,124,171,171,203,222,222,237,237,237,237],"floor_reached":33,"playtime":1169,"items_purged":[],"score":341,"play_id":"128d28f8-12fb-49e9-9dfe-4c82ba7efc2e","local_time":"20201223122148","is_ascension_mode":true,"campfire_choices":[{"data":"Flex","floor":6,"key":"SMITH"},{"data":"Iron Wave","floor":8,"key":"SMITH"},{"data":"Sword Boomerang","floor":12,"key":"SMITH"},{"floor":15,"key":"DIG"},{"data":"Thunderclap","floor":23,"key":"SMITH"},{"data":"Rampage","floor":25,"key":"SMITH"},{"data":"Battle Trance","floor":27,"key":"SMITH"},{"data":"Iron Wave","floor":32,"key":"SMITH"}],"circlet_count":0,"master_deck":["Bash+1","Parasite","Twin Strike","Twin Strike","Twin Strike","Iron Wave","Iron Wave","Iron Wave+1","Iron Wave","Flex+1","Dropkick","Self Repair+1","Sword Boomerang+1","Rampage+1","Battle Trance+1","Body Slam+1","Thunderclap+1"],"relics":["Iron Core","Singing Bowl","Whetstone","Simple Rune","Tiny Chest","StoneCalendar","Mark of Pain","Incense Burner","Regal Pillow","King of Hearts","Golden Egg"],"acts_visited":["Exordium","TheCity"],"potions_floor_usage":[],"damage_taken":[{"damage":0,"enemies":"2 Louse","floor":1,"turns":2},{"damage":7,"enemies":"Jaw Worm","floor":3,"turns":2},{"damage":3,"enemies":"Small Slimes","floor":5,"turns":2},{"damage":10,"enemies":"Lagavulin","floor":7,"turns":4},{"damage":18,"enemies":"Gremlin Nob","floor":10,"turns":4},{"damage":5,"enemies":"Gremlin Gang","floor":13,"turns":3},{"damage":25,"enemies":"Hexaghost","floor":16,"turns":7},{"damage":6,"enemies":"Spheric Guardian","floor":18,"turns":3},{"damage":6,"enemies":"3 Byrds","floor":20,"turns":4},{"damage":12,"enemies":"Snecko","floor":24,"turns":4},{"damage":18,"enemies":"Gremlin Leader","floor":28,"turns":6},{"damage":31,"enemies":"Snake Plant","floor":29,"turns":3},{"damage":2,"enemies":"Centurion and Healer","floor":31,"turns":4},{"damage":53,"enemies":"Pondfish","floor":33,"turns":5}],"seed_played":"1758981601203479531","potions_obtained":[{"floor":1,"key":"Block Potion"},{"floor":3,"key":"SteroidPotion"},{"floor":13,"key":"SmokeBomb"},{"floor":20,"key":"SteroidPotion"},{"floor":29,"key":"SpeedPotion"}],"is_trial":false,"path_per_floor":["M","?","M","?","M","R","E","R","T","E","?","R","M","$","R_BF","B",null,"M","?","M","?","?","R","M","R","T","R","E","M","T","M","R_BF","B"],"character_chosen":"IRONCLAD","items_purchased":["Tiny Chest","Body Slam+1"],"campfire_rested":0,"item_purchase_floors":[14,14],"current_hp_per_floor":[57,57,56,56,63,63,63,63,63,57,57,57,52,52,52,39,67,73,73,77,77,77,77,77,77,77,77,61,42,42,52,52,0,0],"gold":237,"neow_bonus":"IRONCLAD_BERSERKER","is_daily":false,"chose_seed":false,"campfire_upgraded":7,"win_rate":0.0,"timestamp":1608744108,"path_taken":["M","?","M","?","?","R","E","R","T","E","?","R","?","?","R_BF","BOSS","M","?","M","?","?","R","M","R","T","R","E","M","?","?","R_BF","BOSS"],"items_purchased_type":["Relic","Card"],"build_version":"2020-12-22","purchased_purges":0,"victory":false,"max_hp_per_floor":[72,72,72,72,72,72,72,72,72,74,74,74,74,74,74,76,76,78,78,78,78,78,78,80,80,80,80,82,84,84,86,86,86,86],"card_choices":[{"not_picked":["Battle Trance","Heavy Blade"],"picked":"Flex","floor":1},{"not_picked":["Anger","Burning Pact"],"picked":"Dropkick","floor":3},{"not_picked":["Feel No Pain","Power Through"],"picked":"Sword Boomerang","floor":5},{"not_picked":["Wild Strike","Capacitor"],"picked":"Rampage","floor":7},{"not_picked":["True Grit","Fiend Fire","Heavy Blade"],"picked":"Singing Bowl","floor":10},{"not_picked":["Spot Weakness","Run Through"],"picked":"Battle Trance","floor":13},{"not_picked":["Double Tap","Bludgeon","Corruption"],"picked":"Singing Bowl","floor":16},{"not_picked":["Shrug It Off","Clash+1","Body Slam"],"picked":"Singing Bowl","floor":18},{"not_picked":["Sword Boomerang+1","Twin Strike"],"picked":"Thunderclap","floor":20},{"not_picked":["Pommel Strike","Anger","Sword Boomerang"],"picked":"Singing Bowl","floor":24},{"not_picked":["Flex+1","Dual Wield","Armaments"],"picked":"Singing Bowl","floor":28},{"not_picked":["Headbutt","Flex","Carnage"],"picked":"Singing Bowl","floor":29},{"not_picked":["Clash","Pommel Strike+1","Anger"],"picked":"Singing Bowl","floor":31}],"player_experience":1608391,"relics_obtained":[{"floor":7,"key":"Singing Bowl"},{"floor":9,"key":"Whetstone"},{"floor":10,"key":"Simple Rune"},{"floor":15,"key":"StoneCalendar"},{"floor":26,"key":"Regal Pillow"},{"floor":28,"key":"King of Hearts"},{"floor":30,"key":"Golden Egg"}],"event_choices":[{"cards_removed":["Twin Strike"],"damage_healed":0,"gold_gain":0,"player_choice":"Purged","damage_taken":0,"max_hp_gain":0,"max_hp_loss":0,"event_name":"Purifier","floor":11,"gold_loss":0},{"damage_healed":0,"gold_gain":0,"player_choice":"Gave Potion","damage_taken":0,"relics_obtained":["Incense Burner"],"max_hp_gain":0,"max_hp_loss":0,"event_name":"WeMeetAgain","floor":19,"gold_loss":0},{"damage_healed":0,"gold_gain":0,"player_choice":"Bet on Owner","damage_taken":0,"max_hp_gain":0,"max_hp_loss":0,"event_name":"The Joust","floor":21,"gold_loss":50},{"cards_removed":["Injury"],"damage_healed":0,"gold_gain":0,"player_choice":"Card Removal","damage_taken":0,"max_hp_gain":0,"max_hp_loss":0,"event_name":"Wheel of Change","floor":22,"gold_loss":0}],"is_beta":false,"boss_relics":[{"not_picked":["Cursed Key","Velvet Choker"],"picked":"Mark of Pain"}],"items_purged_floors":[],"is_endless":false,"potions_floor_spawned":[1,3,13,20,29],"killed_by":"Pondfish","ascension_level":5}}