{"host":"edk8ruzv78x6jv19","time":1608754107,"event":{"mods":["BaseMod","Bestiary","Better Third Choice","Energized Spire","Infinite Spire","Lobotomy","Minty Spire (QoL Compilation)","Replay The Spire","StSLib","The Blue Laboratory","Thieving Mod","Treasure Hunter"],"gold_per_floor":[174,174,21,21,54,54,54,84,84,115,150,184,109,141,141,242,242,262,14,113,113,125,153,201,201,201,201,222,222,222,241,241,390,390,446,497,0,0,11,11,11,11,61,61,61,75,75,101,101,146],"floor_reached":51,"playtime":1657,"items_purged":["ReplayTheSpireMod:LeadingStrike","ReplayTheSpireMod:Muscle Training+1","Pommel Strike","Looming Evil"],"score":921,"play_id":"2e2154c5-575b-4af9-a8ec-1980bf8879b4","local_time":"20201223140827","daily_mods":["SealedDeck","Heirloom","Time Dilation","Flight","Elite Swarm","Lethality"],"is_ascension_mode":false,"campfire_choices":[{"data":"ReplayTheSpireMod:Muscle Training","floor":6.0,"key":"SMITH"},{"data":"Flex","floor":7.0,"key":"SMITH"},{"data":"Limit Break","floor":15.0,"key":"SMITH"},{"floor":32.0,"key":"DIG"},{"data":"infinitespire:OneForAll","floor":40.0,"key":"SMITH"},{"data":"infinitespire:Collect","floor":44.0,"key":"SMITH"},{"data":"infinitespire:Starlight","floor":45.0,"key":"SMITH"},{"floor":49,"key":"DIG"}],"circlet_count":0,"master_deck":["Sword Boomerang","Cleave","Twin Strike","Rampage","Clash","Flex+1","infinitespire:OneForAll+1","Flex","Flex","TH:CursedSword","TH:PixieDust","TH:Mimic","TH:CursedSword","TH:Mimic","Limit Break+1","TH:DeckOfManyThings","TH:Mimic","TH:CopperCoins","infinitespire:Collect+1","infinitespire:FutureSight","Flex+1","Decay","infinitespire:Starlight+1","TH:CursedSword","Heavy Blade","TH:CursedSword"],"relics":["Burning Blood","infinitespire:Golems Mask","Bag of Marbles","Orichalcum","Gremlin Food","Replay:Ringing Soul","Self Forming Clay","ReplayTheSpireMod:Spearhead","Mercury Hourglass","Pocketwatch","Philosopher\u0027s Stone","King of Hearts","infinitespire:Eraser","Lantern","Blood Vial","infinitespire:Bottled Soul","Ring of Hypnosis","ReplayTheSpireMod:Ring of Challenge","Du-Vu Doll","SlaversCollar","Blue Candle","energizedSpire:DecayingSkull","Pondfish Scales","Red Mask","ChewingGum","Replay:Baseball","White Beast Statue","Durian"],"acts_visited":["Exordium","TheCity","TheBeyond"],"potions_floor_usage":[],"damage_taken":[{"damage":0.0,"enemies":"Jaw Worm","floor":1.0,"turns":1.0},{"damage":0.0,"enemies":"Lagavulin","floor":8.0,"turns":1.0},{"damage":0.0,"enemies":"Gremlin Nob","floor":10.0,"turns":1.0},{"damage":0.0,"enemies":"Lagavulin","floor":11.0,"turns":2.0},{"damage":0.0,"enemies":"Gremlin Nob","floor":12.0,"turns":1.0},{"damage":13.0,"enemies":"Lagavulin","floor":14.0,"turns":2.0},{"damage":26.0,"enemies":"Fading Forest","floor":16.0,"turns":7.0},{"damage":1.0,"enemies":"Shell Parasite","floor":18.0,"turns":1.0},{"damage":13.0,"enemies":"2 Thieves","floor":22.0,"turns":2.0},{"damage":25.0,"enemies":"Replay:Snechameleon","floor":23.0,"turns":2.0},{"damage":1.0,"enemies":"Centurion and Healer","floor":28.0,"turns":1.0},{"damage":2.0,"enemies":"Shelled Parasite and Fungi","floor":31.0,"turns":1.0},{"damage":34.0,"enemies":"Collector","floor":33.0,"turns":5.0},{"damage":1.0,"enemies":"3 Shapes","floor":35.0,"turns":1.0},{"damage":3.0,"enemies":"Mind Bloom Boss Battle","floor":36.0,"turns":2.0},{"damage":9.0,"enemies":"Orb Walker","floor":39.0,"turns":2.0},{"damage":2,"enemies":"4 Shapes","floor":46,"turns":2},{"damage":1,"enemies":"Nemesis","floor":48,"turns":1},{"damage":0,"enemies":"Replay:Hell Engine","floor":50,"turns":1}],"seed_played":"5424857186401581568","potions_obtained":[{"floor":5.0,"key":"blueLaboratory:NullPotion"},{"floor":5.0,"key":"blueLaboratory:BottleOfVodka"},{"floor":5.0,"key":"Death Potion"},{"floor":16.0,"key":"Fire Potion"},{"floor":23.0,"key":"Regen Potion"},{"floor":33.0,"key":"Reflective Coating"},{"floor":36.0,"key":"EssenceOfSteel"},{"floor":46,"key":"blueLaboratory:PhilterOfMotion"}],"is_trial":true,"path_per_floor":["M","?","$","$","?","R","R","E","T","E","E","E","$","E","R","B",null,"M","$","?","?","M","E","T","?","T","?","M","?","AVR","M","R","B",null,"M","?","?","$","M","R","?","AVR","T","R","R","M","?","E","R","B",null],"character_chosen":"IRONCLAD","items_purchased":["Orichalcum","King of Hearts"],"campfire_rested":0,"item_purchase_floors":[3,19],"current_hp_per_floor":[80,77,77,77,57,57,57,63,63,72,81,89,89,85,85,78,95,95,95,95,95,88,69,72,72,75,75,82,85,88,94,94,85,107,107,107,107,107,107,107,110,113,116,116,116,122,95,120,125,133],"gold":146,"neow_bonus":"","is_daily":false,"chose_seed":false,"campfire_upgraded":6,"win_rate":0.0,"timestamp":1608754107,"path_taken":["M","?","$","$","?","R","R","E","T","E","E","E","$","E","R","BOSS","M","$","?","?","?","E","?","?","T","?","?","?","AVR","M","R","BOSS","M","?","?","$","M","R","?","AVR","T","R","R","?","?","E","R","BOSS"],"items_purchased_type":["Relic","Relic"],"build_version":"2020-12-22","purchased_purges":4,"victory":true,"max_hp_per_floor":[80,80,80,80,80,80,80,80,80,83,86,89,89,92,92,95,95,95,95,95,95,95,95,98,98,101,101,101,104,107,107,107,107,107,107,107,107,107,110,110,113,116,119,119,119,122,125,128,133,133],"card_choices":[{"not_picked":["Pummel","Run Through"],"picked":"Flex","floor":1.0},{"not_picked":["Second Wind","Heavy Blade"],"picked":"Flex","floor":5.0},{"not_picked":["TH:EnergyPotion"],"picked":"TH:CursedSword","floor":8.0},{"not_picked":["Replay:Many Hands","Eclipse","Demon Form"],"picked":"SKIP","floor":8.0},{"not_picked":["TH:BikiniMail","TH:DeckOfManyThings"],"picked":"SKIP","floor":9.0},{"not_picked":["TH:DeckOfManyThings"],"picked":"TH:PixieDust","floor":10.0},{"not_picked":["Reaper","Bludgeon","Fiend Fire"],"picked":"SKIP","floor":10.0},{"not_picked":["TH:TreasureMap"],"picked":"TH:Mimic","floor":11.0},{"not_picked":["Offering","Juggernaut","Eclipse"],"picked":"SKIP","floor":11.0},{"not_picked":["TH:Mimic"],"picked":"TH:CursedSword","floor":12.0},{"not_picked":["Double Tap","Brutality","Bludgeon"],"picked":"SKIP","floor":12.0},{"not_picked":["TH:TreasureMap"],"picked":"TH:Mimic","floor":14.0},{"not_picked":["Brutality","Exhume"],"picked":"Limit Break","floor":14.0},{"not_picked":["TH:ArmorSpikes"],"picked":"TH:DeckOfManyThings","floor":16.0},{"not_picked":["Shockwave","Sword Boomerang","Perfected Strike"],"picked":"SKIP","floor":18.0},{"not_picked":["Sword Boomerang+1","Shockwave","ReplayTheSpireMod:Strike From Hell+1"],"picked":"SKIP","floor":22.0},{"not_picked":["TH:ArmorSpikes","TH:ElvenBoots"],"picked":"SKIP","floor":23.0},{"not_picked":["Brutality","Demonic Infusion","Berserk"],"picked":"SKIP","floor":23.0},{"not_picked":["TH:DeckOfManyThings"],"picked":"TH:Mimic","floor":24.0},{"not_picked":["TH:BikiniMail"],"picked":"TH:CopperCoins","floor":26.0},{"not_picked":["Massacre","True Grit","Heavy Blade"],"picked":"SKIP","floor":28.0},{"not_picked":["Hemokinesis","Havoc","Fire Breathing+1"],"picked":"SKIP","floor":31.0},{"not_picked":["Heavy Blade","Shrug It Off","Cleave+1"],"picked":"SKIP","floor":35.0},{"not_picked":["Havoc+1","Offering"],"picked":"Flex+1","floor":39.0},{"not_picked":["TH:BikiniMail"],"picked":"TH:CursedSword","floor":43.0},{"not_picked":["Abandon+1","Thunderclap+1"],"picked":"Heavy Blade","floor":46},{"not_picked":["infinitespire:NeuralNetwork","infinitespire:Execution"],"picked":"infinitespire:SealOfDarkness+","floor":47},{"not_picked":["TH:Mimic"],"picked":"TH:CursedSword","floor":48},{"not_picked":["Berserk","Feed","Eclipse"],"picked":"SKIP","floor":48}],"player_experience":33587,"relics_obtained":[{"floor":8.0,"key":"Gremlin Food"},{"floor":9.0,"key":"Replay:Ringing Soul"},{"floor":10.0,"key":"Self Forming Clay"},{"floor":11.0,"key":"ReplayTheSpireMod:Spearhead"},{"floor":12.0,"key":"Mercury Hourglass"},{"floor":14.0,"key":"Pocketwatch"},{"floor":23.0,"key":"Lantern"},{"floor":24.0,"key":"Blood Vial"},{"floor":26.0,"key":"infinitespire:Bottled Soul"},{"floor":29.0,"key":"Ring of Hypnosis"},{"floor":29.0,"key":"ReplayTheSpireMod:Ring of Challenge"},{"floor":32.0,"key":"Blue Candle"},{"floor":36.0,"key":"Pondfish Scales"},{"floor":43.0,"key":"Replay:Baseball"},{"floor":48,"key":"White Beast Statue"},{"floor":49,"key":"Durian"}],"event_choices":[{"damage_healed":0.0,"max_hp_gain":0.0,"max_hp_loss":0.0,"gold_gain":0.0,"event_name":"betterThird:BetterScrap","player_choice":"Relic ","floor":2.0,"gold_loss":0.0,"damage_taken":3.0,"cards_obtained":["All For One"]},{"damage_healed":0.0,"max_hp_gain":0.0,"max_hp_loss":0.0,"gold_gain":99.0,"event_name":"betterThird:BetterNest","player_choice":"Steal","floor":20.0,"gold_loss":0.0,"damage_taken":0.0},{"damage_healed":0.0,"max_hp_gain":0.0,"max_hp_loss":0.0,"gold_gain":0.0,"event_name":"Vampires","player_choice":"Ignored","floor":25.0,"gold_loss":0.0,"damage_taken":0.0},{"damage_healed":0.0,"max_hp_gain":0.0,"max_hp_loss":0.0,"gold_gain":0.0,"event_name":"NoteForYourself","player_choice":"Ignored","floor":27.0,"gold_loss":0.0,"damage_taken":0.0},{"damage_healed":0.0,"max_hp_gain":0.0,"max_hp_loss":0.0,"gold_gain":0.0,"event_name":"MindBloom","player_choice":"Fight","floor":36.0,"gold_loss":0.0,"damage_taken":0.0},{"damage_healed":0.0,"max_hp_gain":0.0,"max_hp_loss":0.0,"gold_gain":0.0,"event_name":"Tomb of Lord Red Mask","player_choice":"Paid","floor":37.0,"gold_loss":497.0,"damage_taken":0.0,"relics_obtained":["Red Mask"]},{"damage_healed":0.0,"max_hp_gain":0.0,"max_hp_loss":0.0,"gold_gain":0.0,"event_name":"Wheel of Change","player_choice":"Cursed","floor":41.0,"gold_loss":0.0,"damage_taken":0.0,"cards_obtained":["Decay"]}],"is_beta":false,"boss_relics":[{"not_picked":["Calling Bell","ReplayTheSpireMod:SealedPack"],"picked":"Philosopher\u0027s Stone"},{"not_picked":["Sozu","Snecko Heart"],"picked":"energizedSpire:DecayingSkull"}],"items_purged_floors":[13,19,30,42],"is_endless":false,"potions_floor_spawned":[10,11,16,22,23,33,36,46],"ascension_level":0}}