{"host":"00tqcjwpycel7e54","time":1608686975,"event":{"mods":["ATMod(阿瑾Mod)","BaseMod","Colored Powertips","Displayed Cursed Tome","Downfall","Hermit","Highlight Path","KomeijiMod","Lobotomy","Luminous","Marisa（F雨　魔理沙）","Minty Spire (QoL Compilation)","Remilia（蕾米莉亚）","Replay The Spire","Robot Space Explorer","Shop Mod","Spicy Shops","StSLib","The Administrix","The Bug Knight","The Cursed","The Dragon Tamer","The Gatherer","The Hierophant","The Runesmith","The Senshi","The Servant 0.9.4","WarShipGirlsR/战舰少女R mod","Youmu（魂魄妖梦）","Yuyuko","【东方二次创作】八云紫mod","【遗物卡牌】REMEMod"],"gold_per_floor":[110,120,120,130,130,130,130,130],"floor_reached":7,"playtime":595,"items_purged":[],"score":78,"play_id":"2c2e6f6d-f89c-4ced-9277-bc607627752e","local_time":"20201223092935","is_ascension_mode":true,"campfire_choices":[{"floor":6.0,"key":"REST"}],"circlet_count":0,"master_deck":["AscendersBane","Strike_G","Strike_G","Strike_G","Strike_G","Strike_G","Defend_G","Defend_G","Defend_G","Defend_G","Defend_G","Survivor","Neutralize","Scorched","Backflip","WallGazer","Poisoned Stab+1","FairyFestival","REME_GreenPollution"],"relics":["Ring of the Snake","AT_ATBox","REME_ComplimentaryCards","CogitoBucket","Shovel"],"acts_visited":["Exordium"],"potions_floor_usage":[],"damage_taken":[{"damage":2.0,"enemies":"Cultist","floor":1.0,"turns":5.0},{"damage":0.0,"enemies":"2 Louse","floor":2.0,"turns":1.0},{"damage":4.0,"enemies":"Jaw Worm","floor":4.0,"turns":2.0},{"damage":59,"enemies":"Lagavulin","floor":7,"turns":5}],"seed_played":"-6930417184394813285","potions_obtained":[{"floor":4.0,"key":"SteroidPotion"}],"is_trial":false,"path_per_floor":["M","M","?","M","?","R","E"],"character_chosen":"THE_SILENT","items_purchased":[],"campfire_rested":1,"item_purchase_floors":[],"current_hp_per_floor":[57,57,22,18,18,37,0,0],"gold":130,"neow_bonus":"","is_daily":false,"chose_seed":false,"campfire_upgraded":0,"win_rate":0.0,"timestamp":1608686975,"path_taken":["M","M","?","M","?","R","E"],"items_purchased_type":[],"build_version":"2020-12-13","purchased_purges":0,"victory":false,"max_hp_per_floor":[66,66,66,66,66,66,66,66],"card_choices":[{"not_picked":["MHz","Wellcheers"],"picked":"Scorched","floor":1.0},{"not_picked":["Dodge and Roll","Acrobatics"],"picked":"Backflip","floor":1.0},{"not_picked":["PunishingBird","UniverseFragment"],"picked":"WallGazer","floor":2.0},{"not_picked":["Choke","Bane"],"picked":"Poisoned Stab","floor":2.0},{"not_picked":["OldLady","CrumblingArmor"],"picked":"FairyFestival","floor":4.0},{"not_picked":["Backflip","Finisher"],"picked":"REME_GreenPollution","floor":4.0}],"player_experience":685196,"relics_obtained":[],"event_choices":[{"damage_healed":0.0,"max_hp_gain":0.0,"max_hp_loss":0.0,"gold_gain":0.0,"event_name":"Scrap Ooze","player_choice":"Success","floor":3.0,"gold_loss":0.0,"damage_taken":35.0,"relics_obtained":["Shovel"]}],"is_beta":false,"boss_relics":[],"items_purged_floors":[],"is_endless":false,"potions_floor_spawned":[4],"killed_by":"Lagavulin","ascension_level":18}}