{"host":"qw1m3zcvi888b4j7","time":1608694457,"event":{"mods":["AchievementEnabler","Act Like it!","BaseMod","Block Reminder","Colored Map","Colored Powertips","Curses Come First","DeckTracker","Hermit","Highlight Path","Hubris","Minty Spire (QoL Compilation)","Quick Restart","Rare Cards Sparkle","Relic Sorter","Relic Stats","Replay The Spire","StSLib","SuperFastMode","The Blue Laboratory","The Cursed","The Servant 0.9.4","everything is the same but u backflip on backflip"],"gold_per_floor":[110,110,42,53,53,53,80,80,106,114,289,289,105,20,20,119,169,84,84,99,13680,13680,13680,12544,12544,12544,11464,9189,9189,8901,8134,8134,6232,6232,6047,4958,15302,14719,13432,13432,13432,13432,13432,12963,12963,12963,10681,10708,10708,8108,8108,8108,14243,14277,13877],"floor_reached":56,"playtime":1733,"items_purged":["Doubt","Doubt"],"score":2218,"play_id":"d6c0f951-1aa9-4d5c-9857-992fa32ad4bd","local_time":"20201223043417","is_ascension_mode":true,"campfire_choices":[{"floor":6,"key":"RECALL"},{"data":"Zap","floor":12,"key":"SMITH"},{"data":"Transmutation","floor":15,"key":"SMITH"},{"data":"Capacitor","floor":23,"key":"SMITH"},{"data":"Lockon","floor":25,"key":"SMITH"},{"data":"Storm","floor":29,"key":"SMITH"},{"data":"FTL","floor":32,"key":"SMITH"},{"data":"Heatsinks","floor":40,"key":"SMITH"},{"data":"Sweeping Beam","floor":42,"key":"SMITH"},{"data":"Coolheaded","floor":46,"key":"SMITH"},{"data":"Darkness","floor":49,"key":"SMITH"},{"data":"ReplayTheSpireMod:Omega Cannon","floor":52,"key":"SMITH"}],"circlet_count":0,"master_deck":["Strike_B","Strike_B","Strike_B","Defend_B","Defend_B","Defend_B","Zap+1","Dualcast","Cold Snap","Cold Snap","Loop+1","Ball Lightning","Sweeping Beam+1","ReplayTheSpireMod:IOU","ReplayTheSpireMod:IOU","Defragment","Beam Cell","ReplayTheSpireMod:IOU","Transmutation+1","Conserve Battery","ReplayTheSpireMod:Repulse","Replay:Bootleg Shield Generator","Lockon+1","Ball Lightning+1","ReplayTheSpireMod:Omega Cannon+1","Melter","Turbo","Capacitor+1","ReplayTheSpireMod:IOU","ReplayTheSpireMod:IOU","ReplayTheSpireMod:IOU","ReplayTheSpireMod:IOU","ReplayTheSpireMod:IOU","ReplayTheSpireMod:IOU","ReplayTheSpireMod:IOU","ReplayTheSpireMod:IOU","ReplayTheSpireMod:IOU","ReplayTheSpireMod:IOU","ReplayTheSpireMod:IOU","ReplayTheSpireMod:IOU","ReplayTheSpireMod:IOU","ReplayTheSpireMod:IOU","ReplayTheSpireMod:IOU","ReplayTheSpireMod:IOU","ReplayTheSpireMod:IOU","Barrage+1","Barrage","Ball Lightning","Coolheaded+1","Heatsinks+1","Leap","Secret Technique","Good Instincts","ReplayTheSpireMod:IOU","ReplayTheSpireMod:IOU","ReplayTheSpireMod:IOU","ReplayTheSpireMod:IOU","ReplayTheSpireMod:IOU","ReplayTheSpireMod:IOU","ReplayTheSpireMod:IOU","ReplayTheSpireMod:IOU","ReplayTheSpireMod:IOU","ReplayTheSpireMod:IOU","ReplayTheSpireMod:IOU","ReplayTheSpireMod:IOU","ReplayTheSpireMod:IOU","ReplayTheSpireMod:IOU","ReplayTheSpireMod:IOU","ReplayTheSpireMod:IOU","ReplayTheSpireMod:IOU","ReplayTheSpireMod:IOU","ReplayTheSpireMod:IOU","ReplayTheSpireMod:IOU","ReplayTheSpireMod:IOU","ReplayTheSpireMod:IOU","ReplayTheSpireMod:IOU","ReplayTheSpireMod:IOU","ReplayTheSpireMod:IOU","ReplayTheSpireMod:IOU","ReplayTheSpireMod:IOU","J.A.X.","BasicCrystalCard","BasicCrystalCard","Storm+1","Panic Button","FTL+1","Barrage","The Bomb","Purity","Crystallizer+1","Lockon+1","Melter","Heatsinks+1","Rebound","Chaos","Streamline+1","Capacitor+1","Electrodynamics","ReplayTheSpireMod:Omega Cannon+1","CurseOfTheBell","BasicCrystalCard+1","ReplayTheSpireMod:Calculation Training+1","HandOfGreed+1","Gash+1","hubris:Ukulele+1","Glacier","Buffer","Darkness+1","ReplayTheSpireMod:Uncanny Aura","ReplayTheSpireMod:IOU","ReplayTheSpireMod:IOU","ReplayTheSpireMod:IOU","ReplayTheSpireMod:IOU","ReplayTheSpireMod:IOU","ReplayTheSpireMod:IOU","ReplayTheSpireMod:IOU","ReplayTheSpireMod:IOU","ReplayTheSpireMod:IOU","ReplayTheSpireMod:IOU","ReplayTheSpireMod:IOU","ReplayTheSpireMod:IOU","ReplayTheSpireMod:IOU","ReplayTheSpireMod:IOU","ReplayTheSpireMod:IOU","ReplayTheSpireMod:IOU","ReplayTheSpireMod:IOU","ReplayTheSpireMod:IOU","ReplayTheSpireMod:IOU","ReplayTheSpireMod:IOU","ReplayTheSpireMod:IOU","ReplayTheSpireMod:IOU","ReplayTheSpireMod:IOU","ReplayTheSpireMod:IOU","ReplayTheSpireMod:IOU","ReplayTheSpireMod:IOU","ReplayTheSpireMod:IOU","ReplayTheSpireMod:IOU","ReplayTheSpireMod:IOU","ReplayTheSpireMod:IOU","ReplayTheSpireMod:IOU","ReplayTheSpireMod:IOU","ReplayTheSpireMod:IOU","ReplayTheSpireMod:IOU","ReplayTheSpireMod:IOU","ReplayTheSpireMod:IOU","ReplayTheSpireMod:IOU","ReplayTheSpireMod:IOU","ReplayTheSpireMod:IOU","ReplayTheSpireMod:IOU","ReplayTheSpireMod:IOU","ReplayTheSpireMod:IOU","ReplayTheSpireMod:IOU","ReplayTheSpireMod:IOU","ReplayTheSpireMod:IOU","ReplayTheSpireMod:IOU","ReplayTheSpireMod:IOU","ReplayTheSpireMod:IOU","ReplayTheSpireMod:IOU","ReplayTheSpireMod:IOU","ReplayTheSpireMod:IOU","ReplayTheSpireMod:IOU","ReplayTheSpireMod:IOU","ReplayTheSpireMod:IOU","ReplayTheSpireMod:IOU","ReplayTheSpireMod:IOU","ReplayTheSpireMod:IOU","ReplayTheSpireMod:IOU","ReplayTheSpireMod:IOU","ReplayTheSpireMod:IOU","ReplayTheSpireMod:IOU","ReplayTheSpireMod:IOU","ReplayTheSpireMod:IOU","ReplayTheSpireMod:IOU","ReplayTheSpireMod:IOU","ReplayTheSpireMod:IOU","ReplayTheSpireMod:IOU","ReplayTheSpireMod:IOU","ReplayTheSpireMod:IOU","ReplayTheSpireMod:IOU","ReplayTheSpireMod:IOU","ReplayTheSpireMod:IOU","ReplayTheSpireMod:IOU","ReplayTheSpireMod:IOU","ReplayTheSpireMod:IOU","Melter+1","Crystallizer+1","hubris:EnhanceAbility","Lockon+1","Sweeping Beam+1","Hello World+1","Streamline+1","Gash+1","hubris:DoWhile+1","ReplaySolidLightProjector+1","Electrodynamics+1","Panache+1","Panacea+1","ReplayTheSpireMod:IOU","ReplayTheSpireMod:IOU","ReplayTheSpireMod:IOU","ReplayTheSpireMod:IOU","ReplayTheSpireMod:IOU","ReplayTheSpireMod:IOU","ReplayTheSpireMod:IOU","ReplayTheSpireMod:IOU","ReplayTheSpireMod:IOU","ReplayTheSpireMod:IOU","ReplayTheSpireMod:IOU","ReplayTheSpireMod:IOU","ReplayTheSpireMod:IOU","ReplayTheSpireMod:IOU","ReplayTheSpireMod:IOU","ReplayTheSpireMod:IOU","ReplayTheSpireMod:IOU","ReplayTheSpireMod:IOU","ReplayTheSpireMod:IOU","ReplayTheSpireMod:IOU","ReplayTheSpireMod:IOU","ReplayTheSpireMod:IOU","ReplayTheSpireMod:IOU","ReplayTheSpireMod:IOU","ReplayTheSpireMod:IOU","ReplayTheSpireMod:IOU","ReplayTheSpireMod:IOU","ReplayTheSpireMod:IOU","ReplayTheSpireMod:IOU","ReplayTheSpireMod:IOU","ReplayTheSpireMod:IOU","ReplayTheSpireMod:IOU","ReplayTheSpireMod:IOU","ReplayTheSpireMod:IOU","ReplayTheSpireMod:IOU","ReplayTheSpireMod:IOU","ReplayTheSpireMod:IOU","ReplayTheSpireMod:IOU","ReplayTheSpireMod:IOU","ReplayTheSpireMod:IOU","ReplayTheSpireMod:IOU","ReplayTheSpireMod:IOU","ReplayTheSpireMod:IOU","ReplayTheSpireMod:IOU","ReplayTheSpireMod:IOU","ReplayTheSpireMod:IOU","ReplayTheSpireMod:IOU","ReplayTheSpireMod:IOU","ReplayTheSpireMod:IOU","ReplayTheSpireMod:IOU","ReplayTheSpireMod:IOU","ReplayTheSpireMod:IOU","ReplayTheSpireMod:IOU","ReplayTheSpireMod:IOU","ReplayTheSpireMod:IOU","ReplayTheSpireMod:IOU","ReplayTheSpireMod:IOU","ReplayTheSpireMod:IOU","ReplayTheSpireMod:IOU","ReplayTheSpireMod:IOU","ReplayTheSpireMod:IOU","ReplayTheSpireMod:IOU","ReplayTheSpireMod:IOU","ReplayTheSpireMod:IOU","ReplayTheSpireMod:IOU","ReplayTheSpireMod:IOU","ReplayTheSpireMod:IOU","ReplayTheSpireMod:IOU","ReplayTheSpireMod:IOU","ReplayTheSpireMod:IOU","ReplayTheSpireMod:IOU","ReplayTheSpireMod:IOU","ReplayTheSpireMod:IOU","Scrape+1"],"relics":["Cracked Core","Replay:Wax Seal","NeowsBlessing","ReplayTheSpireMod:CursedCoin","ReplayTheSpireMod:Lightbulb","Pear","hubris:Towel","Du-Vu Doll","hubris:FunFungus","hubris:EmptyBottle","Tiny House","hubris:BottledHeart","Replay:PocketPolymizer","Darkstone Periapt","Chemical X","Tiny Chest","Orrery","Question Card","Whetstone","Lantern","Calling Bell","Bag of Marbles","Molten Egg 2","CaptainsWheel","Calipers","Replay:Accelerometer","Toolbox","Golden Egg","Mirror","Geode","Replay:Frozen Program","Anchor","ReplayTheSpireMod:TigerMarble","Carrot"],"acts_visited":["Exordium","TheCity","TheBeyond","TheEnding"],"potions_floor_usage":[14,16,16,18,20,20,20,20,28,33,50,50,50],"damage_taken":[{"damage":0,"enemies":"Cultist","floor":1,"turns":1},{"damage":0,"enemies":"Small Slimes","floor":4,"turns":1},{"damage":0,"enemies":"Gremlin Nob","floor":7,"turns":1},{"damage":0,"enemies":"Jaw Worm","floor":13,"turns":1},{"damage":0,"enemies":"Large Slime","floor":14,"turns":3},{"damage":14,"enemies":"The Guardian","floor":16,"turns":6},{"damage":10,"enemies":"2 Thieves","floor":18,"turns":3},{"damage":0,"enemies":"Spheric Guardian","floor":20,"turns":2},{"damage":0,"enemies":"Snecko","floor":27,"turns":3},{"damage":0,"enemies":"Slavers","floor":28,"turns":5},{"damage":0,"enemies":"Snake Plant","floor":30,"turns":2},{"damage":0,"enemies":"Book of Stabbing","floor":31,"turns":3},{"damage":0,"enemies":"Pondfish","floor":33,"turns":5},{"damage":0,"enemies":"Orb Walker","floor":35,"turns":1},{"damage":0,"enemies":"3 Shapes","floor":36,"turns":3},{"damage":0,"enemies":"Writhing Mass","floor":38,"turns":2},{"damage":0,"enemies":"Sphere and 2 Shapes","floor":39,"turns":3},{"damage":0,"enemies":"Reptomancer","floor":44,"turns":2},{"damage":0,"enemies":"Transient","floor":47,"turns":5},{"damage":0,"enemies":"Giant Head","floor":48,"turns":1},{"damage":0,"enemies":"Awakened One","floor":50,"turns":7},{"damage":0,"enemies":"Shield and Spear","floor":54,"turns":1},{"damage":0,"enemies":"The Heart","floor":55,"turns":3}],"seed_played":"2167771750530304971","potions_obtained":[{"floor":13,"key":"blueLaboratory:CreativityPotion"},{"floor":16,"key":"blueLaboratory:FruitPunch"},{"floor":17,"key":"blueLaboratory:CoolantVial"},{"floor":20,"key":"Fruit Juice"},{"floor":35,"key":"blueLaboratory:SystemWipe"},{"floor":38,"key":"FairyPotion"},{"floor":48,"key":"FocusPotion"}],"is_trial":false,"path_per_floor":["M","?","$","M","?","R","E","?","T","$","?","R","M","M","R","B",null,"M","?","M","$","?","R","$","R","T","M","E","R","M","E","R","B",null,"M","M","$","M","M","R","?","R","T","E","?","R","M","E","R","B",null,"R","$","E","B",null],"character_chosen":"DEFECT","items_purchased":["ReplayTheSpireMod:CursedCoin","ReplayTheSpireMod:Lightbulb","Cold Snap","Sweeping Beam","Du-Vu Doll","hubris:FunFungus","hubris:EmptyBottle","Defragment","Beam Cell","Transmutation","Conserve Battery","ReplayTheSpireMod:Repulse","Replay:Bootleg Shield Generator","blueLaboratory:BottleOfVodka","Replay:PocketPolymizer","Darkstone Periapt","Regen Potion","Chemical X","Barrage","Ball Lightning","Coolheaded","Heatsinks","Leap","Secret Technique","Good Instincts","BasicCrystalCard","Storm","Panic Button","FTL","Barrage","The Bomb","Purity","Tiny Chest","Orrery","Question Card","blueLaboratory:RelayPotion","Calipers","Replay:Accelerometer","Toolbox","HandOfGreed+1","Gash+1","hubris:Ukulele+1","Glacier","Buffer","Darkness","ReplayTheSpireMod:Uncanny Aura","Replay:Frozen Program","Anchor","ReplayTheSpireMod:TigerMarble","Streamline+1","Gash+1","hubris:DoWhile","ReplaySolidLightProjector","Electrodynamics","Panache","Panacea"],"campfire_rested":0,"item_purchase_floors":[3,3,3,10,10,10,10,10,10,10,10,10,10,10,21,21,21,21,21,21,21,21,21,21,21,24,24,24,24,24,24,24,24,24,24,24,37,37,37,37,37,37,37,37,37,37,53,53,53,53,53,53,53,53,53,53],"current_hp_per_floor":[75,75,75,75,75,75,85,85,85,85,85,85,85,85,85,74,90,82,1,1,1,1,1,1,1,1,1,1,1,1,1,1,1,1,1,1,1,1,1,1,1,1,1,1,1,1,1,1,1,1,1,1,1,1,1],"gold":13877,"neow_bonus":"THREE_ENEMY_KILL","is_daily":false,"chose_seed":false,"campfire_upgraded":11,"win_rate":0.0,"timestamp":1608694457,"path_taken":["M","?","$","?","?","R","E","?","T","$","?","R","M","M","R","BOSS","M","?","M","$","?","R","?","R","T","M","E","R","M","E","R","BOSS","M","M","$","M","?","R","?","R","T","E","?","R","M","E","R","BOSS","R","$","E","BOSS"],"items_purchased_type":["Relic","Relic","Card","Card","Relic","Relic","Relic","Card","Card","Card","Card","Card","Card","Potion","Relic","Relic","Potion","Relic","Card","Card","Card","Card","Card","Card","Card","Card","Card","Card","Card","Card","Card","Card","Relic","Relic","Relic","Potion","Relic","Relic","Relic","Card","Card","Card","Card","Card","Card","Card","Relic","Relic","Relic","Card","Card","Card","Card","Card","Card","Card"],"build_version":"2020-12-13","purchased_purges":2,"victory":true,"max_hp_per_floor":[75,75,75,75,75,75,85,85,85,85,85,85,85,85,85,85,90,92,1,1,1,1,1,1,1,1,1,1,1,1,1,1,1,1,1,1,1,1,1,1,1,1,1,1,1,1,1,1,1,1,1,1,1,1,1],"relic_stats":{"Darkstone Periapt":2016,"counters":[23,64],"Tiny Chest":0,"Chemical X":[4],"Whetstone":["Barrage","Ball Lightning"],"Question Card":36,"obtain_stats":[{"Darkstone Periapt":21,"Replay:Accelerometer":37,"Golden Egg":43,"Lantern":31,"Carrot":54,"Tiny House":17,"Replay:PocketPolymizer":21,"Calipers":37,"Whetstone":28,"hubris:EmptyBottle":10,"Replay:Frozen Program":53,"Toolbox":37,"Tiny Chest":24,"hubris:FunFungus":10,"Chemical X":21,"Replay:Wax Seal":9,"Cracked Core":0,"Pear":7,"NeowsBlessing":0,"ReplayTheSpireMod:CursedCoin":3,"Geode":48,"hubris:Towel":8,"Question Card":24,"Du-Vu Doll":10,"Calling Bell":34,"CaptainsWheel":34,"Anchor":53,"hubris:BottledHeart":19,"Orrery":24,"Molten Egg 2":34,"Bag of Marbles":34,"ReplayTheSpireMod:TigerMarble":53,"ReplayTheSpireMod:Lightbulb":3,"Mirror":44},{"Darkstone Periapt":8,"Replay:Accelerometer":15,"Golden Egg":17,"Lantern":12,"Carrot":22,"Tiny House":6,"Replay:PocketPolymizer":8,"Calipers":15,"Whetstone":10,"hubris:EmptyBottle":3,"Replay:Frozen Program":21,"Toolbox":15,"Tiny Chest":8,"hubris:FunFungus":3,"Chemical X":8,"Replay:Wax Seal":3,"Cracked Core":0,"Pear":3,"NeowsBlessing":0,"ReplayTheSpireMod:CursedCoin":1,"Geode":20,"hubris:Towel":3,"Question Card":8,"Du-Vu Doll":3,"Calling Bell":13,"CaptainsWheel":13,"Anchor":21,"hubris:BottledHeart":7,"Orrery":8,"Molten Egg 2":13,"Bag of Marbles":13,"ReplayTheSpireMod:TigerMarble":21,"ReplayTheSpireMod:Lightbulb":1,"Mirror":18},{"Darkstone Periapt":18,"Replay:Accelerometer":40,"Golden Egg":45,"Lantern":31,"Carrot":61,"Tiny House":13,"Replay:PocketPolymizer":18,"Calipers":40,"Whetstone":26,"hubris:EmptyBottle":3,"Replay:Frozen Program":60,"Toolbox":40,"Tiny Chest":18,"hubris:FunFungus":3,"Chemical X":18,"Replay:Wax Seal":3,"Cracked Core":0,"Pear":3,"NeowsBlessing":0,"ReplayTheSpireMod:CursedCoin":1,"Geode":53,"hubris:Towel":3,"Question Card":18,"Du-Vu Doll":3,"Calling Bell":36,"CaptainsWheel":36,"Anchor":60,"hubris:BottledHeart":16,"Orrery":18,"Molten Egg 2":36,"Bag of Marbles":36,"ReplayTheSpireMod:TigerMarble":60,"ReplayTheSpireMod:Lightbulb":1,"Mirror":47}]},"card_choices":[{"not_picked":["Steam","Blizzard"],"picked":"Cold Snap","floor":1},{"not_picked":["Cold Snap","Streamline"],"picked":"Loop","floor":4},{"not_picked":["Leap","Hologram"],"picked":"Ball Lightning","floor":7},{"not_picked":["Hologram","Ball Lightning"],"picked":"Lockon","floor":13},{"not_picked":["Rip and Tear","Streamline"],"picked":"Ball Lightning","floor":14},{"not_picked":["Seek","Core Surge"],"picked":"ReplayTheSpireMod:Omega Cannon","floor":16},{"not_picked":["Compile Driver","Blizzard"],"picked":"Melter","floor":17},{"not_picked":["Redo","Self Repair+1"],"picked":"Turbo","floor":18},{"not_picked":["Steam Power","Amplify"],"picked":"Capacitor","floor":20},{"not_picked":["Steam","Sunder"],"picked":"Crystallizer+1","floor":24},{"not_picked":["Panic Button","ReplayTheSpireMod:Reroute Power"],"picked":"Lockon+1","floor":24},{"not_picked":["Beam Cell","Hello World"],"picked":"Melter","floor":24},{"not_picked":["Beam Cell","ReplayGash"],"picked":"Heatsinks+1","floor":24},{"not_picked":["Leap","Blizzard"],"picked":"Rebound","floor":24},{"not_picked":["Conserve Battery","Undo","ReplaySolidLightProjector"],"picked":"Chaos","floor":27},{"not_picked":["Panic Button+1","Sweeping Beam","Skim"],"picked":"Streamline+1","floor":28},{"not_picked":["Echo Form","Chaos+1","Sweeping Beam"],"picked":"Capacitor+1","floor":30},{"not_picked":["Barrage","Auto Shields+1","Cold Snap"],"picked":"Electrodynamics","floor":31},{"not_picked":["Electrodynamics","hubris:DoWhile","Buffer"],"picked":"ReplayTheSpireMod:Omega Cannon","floor":33},{"not_picked":["Turbo","Stack+1","Conserve Battery"],"picked":"BasicCrystalCard+1","floor":35},{"not_picked":["Auto Shields","Go for the Eyes+1","Sweeping Beam+1"],"picked":"ReplayTheSpireMod:Calculation Training+1","floor":36},{"not_picked":["Reinforced Body+1","Redo","Turbo+1"],"picked":"Melter+1","floor":38},{"not_picked":["BootSequence+1","Redo+1","ReplaySolidLightProjector+1"],"picked":"Crystallizer+1","floor":39},{"not_picked":["Replay:Bootleg Shield Generator","Dark Shackles","Forethought"],"picked":"hubris:EnhanceAbility","floor":41},{"not_picked":["Leap","Time Bomb+1","Streamline+1"],"picked":"Lockon+1","floor":44},{"not_picked":["Leap+1","Self Repair+1","Redo"],"picked":"Sweeping Beam+1","floor":47},{"not_picked":["Ball Lightning+1","Barrage+1","Chill+1"],"picked":"Hello World+1","floor":48},{"not_picked":["Heatsinks+1","Coolheaded","Gash+1"],"picked":"Scrape+1","floor":54}],"player_experience":119070,"relics_obtained":[{"floor":7,"key":"Pear"},{"floor":9,"key":"Replay:Wax Seal"},{"floor":28,"key":"Whetstone"},{"floor":31,"key":"Lantern"},{"floor":34,"key":"Bag of Marbles"},{"floor":34,"key":"Molten Egg 2"},{"floor":34,"key":"CaptainsWheel"},{"floor":43,"key":"Golden Egg"},{"floor":44,"key":"Mirror"},{"floor":48,"key":"Geode"},{"floor":54,"key":"Carrot"}],"event_choices":[{"cards_removed":["Defend_B"],"damage_healed":0,"gold_gain":0,"player_choice":"Purged","damage_taken":0,"max_hp_gain":0,"max_hp_loss":0,"event_name":"Purifier","floor":2,"gold_loss":0},{"damage_healed":0,"gold_gain":0,"player_choice":"Grow","damage_taken":0,"max_hp_gain":0,"max_hp_loss":0,"event_name":"Living Wall","floor":5,"gold_loss":0,"cards_upgraded":["Loop"]},{"damage_healed":0,"gold_gain":175,"player_choice":"AGREE","damage_taken":0,"max_hp_gain":0,"max_hp_loss":0,"event_name":"Liars Game","floor":11,"gold_loss":0,"cards_obtained":["Doubt"]},{"damage_healed":0,"gold_gain":0,"player_choice":"Obtain J.A.X.","damage_taken":0,"max_hp_gain":0,"max_hp_loss":0,"event_name":"Drug Dealer","floor":22,"gold_loss":0,"cards_obtained":["J.A.X."]},{"damage_healed":0,"gold_gain":0,"player_choice":"Memory 1","damage_taken":0,"max_hp_gain":0,"max_hp_loss":0,"event_name":"SensoryStone","floor":41,"gold_loss":0},{"cards_removed":["Strike_B"],"damage_healed":0,"gold_gain":0,"player_choice":"Removed Attack","damage_taken":0,"max_hp_gain":0,"max_hp_loss":0,"event_name":"Falling","floor":45,"gold_loss":0}],"is_beta":false,"boss_relics":[{"not_picked":["hubris:CrackedHourglass","hubris:Backtick"],"picked":"Tiny House"},{"not_picked":["Pandora\u0027s Box","Painkiller Herb"],"picked":"Calling Bell"}],"items_purged_floors":[10,21],"is_endless":false,"potions_floor_spawned":[13,16,20,27,35,38,39,44,48],"ascension_level":1}}