{"host":"o5hcpxouyak38pnq","time":1608767916,"event":{"mods":["BaseMod","DeckTracker","Downfall","Hermit","Hubris","Minty Spire (QoL Compilation)","Replay The Spire","StSLib","The Construct","The Cursed","The Poker Player"],"gold_per_floor":[195,205,217,217,232,249,249,349,362,372,372,391,316,316,331,331,331,331],"floor_reached":16,"playtime":3238,"items_purged":[],"score":96,"play_id":"60325565-e9e4-4df4-9f97-9624d85a624e","local_time":"20201223185836","is_ascension_mode":false,"campfire_choices":[{"floor":13,"key":"REST"}],"circlet_count":0,"master_deck":["champ:Strike","champ:Strike","champ:Strike","champ:Defend","champ:Defend","champ:Defend","champ:Execute","champ:Taunt+1","champ:BerserkersShout","champ:GutPunch","champ:StanceDance","champ:AdrenalArmor","champ:Encircle","champ:CrookedStrike","champ:GladiatorsShout","champ:AdrenalArmor","champ:EnragedBash"],"relics":["construct:WeddingRing","White Beast Statue","downfall:HeartBlessingBlue"],"acts_visited":["Exordium"],"potions_floor_usage":[8,9,10,12,16,16,16],"damage_taken":[{"damage":5,"enemies":"2 Louse","floor":2,"turns":3},{"damage":25,"enemies":"Cultist","floor":3,"turns":4},{"damage":18,"enemies":"Jaw Worm","floor":5,"turns":3},{"damage":12,"enemies":"Gremlin Gang","floor":6,"turns":6},{"damage":120,"enemies":"downfall:LadyInBlue","floor":8,"turns":12},{"damage":5,"enemies":"Lots of Slimes","floor":9,"turns":2},{"damage":5,"enemies":"Large Slime","floor":10,"turns":3},{"damage":5,"enemies":"Exordium Thugs","floor":12,"turns":6},{"damage":38,"enemies":"Gremlin Gang","floor":15,"turns":4},{"damage":43,"enemies":"downfall:Silent","floor":16,"turns":6}],"seed_played":"-6303988959250707396","potions_obtained":[{"floor":5,"key":"LiquidMemories"},{"floor":8,"key":"Explosive Potion"},{"floor":8,"key":"Fire Potion"},{"floor":8,"key":"Guardian:BlockOnCardUsePotion"},{"floor":9,"key":"CultistPotion"},{"floor":10,"key":"FearPotion"},{"floor":12,"key":"Reflective Coating"}],"is_trial":false,"path_per_floor":["R","M","M","?","M","M","T","?","M","M","?","M","R","?","M","B"],"character_chosen":"THE_CHAMP","items_purchased":[],"campfire_rested":1,"item_purchase_floors":[],"current_hp_per_floor":[90,90,78,78,68,66,66,6,6,6,6,6,46,46,33,0,0,0],"gold":331,"neow_bonus":"BOSS_RELIC","is_daily":false,"chose_seed":false,"campfire_upgraded":0,"win_rate":0.0,"timestamp":1608767916,"path_taken":["R","M","M","?","?","M","T","?","M","?","?","?","R","?","M","BOSS"],"items_purchased_type":[],"build_version":"2020-12-22","purchased_purges":0,"victory":false,"max_hp_per_floor":[90,90,90,90,90,90,90,90,90,90,90,90,100,100,100,100,100,100],"card_choices":[{"not_picked":["champ:RisingSlash","champ:DefensiveShout"],"picked":"champ:BerserkersShout","floor":2},{"not_picked":["champ:CrookedStrike","champ:SwordThrow"],"picked":"champ:GutPunch","floor":3},{"not_picked":["champ:FocusedDefense","champ:Riposte"],"picked":"champ:StanceDance","floor":5},{"not_picked":["champ:DefensiveShout","champ:FlashCut"],"picked":"champ:AdrenalArmor","floor":6},{"not_picked":["champ:PerfectedStrike","champ:Duel"],"picked":"champ:Encircle","floor":8},{"not_picked":["champ:PerfectedStrike","champ:Circumvent"],"picked":"champ:CrookedStrike","floor":9},{"not_picked":["champ:RisingSlash","champ:FocusedDefense"],"picked":"champ:GladiatorsShout","floor":10},{"not_picked":["champ:DefensiveStyle","champ:RecklessLeap"],"picked":"champ:AdrenalArmor","floor":12},{"not_picked":["champ:HoldFirm","champ:DefensiveStyle"],"picked":"champ:EnragedBash","floor":15}],"player_experience":516901,"relics_obtained":[{"floor":8,"key":"White Beast Statue"}],"event_choices":[{"damage_healed":0,"gold_gain":0,"player_choice":"Forge","damage_taken":0,"max_hp_gain":0,"max_hp_loss":0,"event_name":"Accursed Blacksmith","floor":4,"gold_loss":0,"cards_upgraded":["champ:Taunt"]},{"cards_removed":["champ:Strike"],"damage_healed":0,"gold_gain":0,"player_choice":"Purged","damage_taken":0,"max_hp_gain":0,"max_hp_loss":0,"event_name":"Purifier","floor":11,"gold_loss":0},{"cards_removed":["champ:Defend"],"damage_healed":0,"gold_gain":0,"player_choice":"Card Removal","damage_taken":0,"max_hp_gain":0,"max_hp_loss":0,"event_name":"The Cleric","floor":14,"gold_loss":0}],"is_beta":false,"boss_relics":[],"items_purged_floors":[],"is_endless":false,"potions_floor_spawned":[5,9,10,12,15],"killed_by":"downfall:Silent","ascension_level":0}}