{"host":"njruw0b0uprlitpx","time":1608738884,"event":{"mods":["2.2 Compatiblity","Astrologer","BaseMod","Better Altar","Better Match","Better Note","Better Sensory Stone","Better Skull","Better Third Choice","BetterRewards","Block Reminder","Colored Map","Colored Powertips","Ekko","Gremlin Mod","Hermit","Jedi Mod","Keyboard Shortcuts","Minty Spire (QoL Compilation)","Quick Restart","Relic Stats","Replay The Spire","SacredBarkPlus","Spicy Shops","StSLib","SuperFastMode","The Construct","The Cursed","The Marked","The Mystic","The Necromancer","The Spell Scribe"],"gold_per_floor":[136,136,136,172,203,277,277,345,345,345,377,46,76,153,153,319,319,390,4,4,54,124,124,124,124,124,204,204,271,271,351,351,528,628,688,543,543,1067,1067,1067,1067,1067,1128,1128,1128,1169,1216,1216,1251,1251,287,287,372],"floor_reached":54,"playtime":2813,"items_purged":["TheCursedMod:Dregs","hermit:Defend_Hermit","hermit:Strike_Hermit","Normality"],"score":1497,"play_id":"d08371f8-ba4b-4645-bd39-d126fa8b4168","local_time":"20201223095444","is_ascension_mode":true,"campfire_choices":[{"floor":7.0,"key":"REST"},{"data":"hermit:Quickdraw","floor":10.0,"key":"SMITH"},{"floor":15.0,"key":"REST"},{"floor":23.0,"key":"REST"},{"floor":25.0,"key":"REST"},{"floor":28.0,"key":"REST"},{"floor":32.0,"key":"REST"},{"data":"hermit:FatalDesire","floor":42.0,"key":"SMITH"},{"data":"hermit:Magnum","floor":44.0,"key":"SMITH"},{"data":"ReplayTheSpireMod:Brewmster","floor":52,"key":"SMITH"}],"circlet_count":0,"master_deck":["hermit:Strike_Hermit+1","hermit:Strike_Hermit+1","hermit:Strike_Hermit","hermit:Defend_Hermit+1","hermit:Defend_Hermit","hermit:Defend_Hermit","hermit:Snapshot","hermit:Covet+1","hermit:Determination+1","hermit:Glare+1","hermit:CursedWeapon","hermit:Quickdraw+1","hermit:Grudge","jedi:unlimitedpower","hermit:Enervate+1","hermit:Scavenge","hermit:Desperado","hermit:NoHoldsBarred+1","hermit:Shortfuse","hermit:Showdown","hermit:EyeOfTheStorm","hermit:PistolWhip","hermit:Desperado","hermit:Combo+1","hermit:Vantage","hermit:Deadeye","hermit:HoleUp+1","hermit:CalledShot+1","hermit:LowProfile+1","hermit:FatalDesire+1","hermit:FromBeyond","hermit:Reprieve","hermit:Dive+1","hermit:BlackWind","Clumsy","AscendersBane","hermit:HeroicBravado","Normality","hermit:HeroicBravado","hermit:Magnum+1","hermit:HoleUp+1","hermit:Cheat+1","hermit:Purgatory","ReplayTheSpireMod:Brewmster+1","hermit:NoHoldsBarred","Madness"],"relics":["hermit:Momento","StrikeDummy","Mango","War Paint","ReplayTheSpireMod:CursedCoin","Replay:Bandana","Oddly Smooth Stone","Replay:Mystery Machine","Turnip","Ornamental Fan","Replay:Bottled Snecko","Gremlin Food","StoneCalendar","Philosopher\u0027s Stone","Boot","Girya","jedi:heavyjacket","Replay:Wanted Poster","jedi:ominousloannote","Kunai","Centennial Puzzle","Pen Nib","White Beast Statue","BargainBundle","jedi:archwizardhat","Iron Hammer","jedi:fakemustache","Snack Pack"],"acts_visited":["Exordium","TheCity","TheBeyond"],"potions_floor_usage":[53,53,53,53,53,53,53],"damage_taken":[{"damage":0.0,"enemies":"2 Louse","floor":1.0,"turns":2.0},{"damage":0.0,"enemies":"Small Slimes","floor":4.0,"turns":2.0},{"damage":0.0,"enemies":"Cultist","floor":5.0,"turns":2.0},{"damage":18.0,"enemies":"Lagavulin","floor":6.0,"turns":5.0},{"damage":0.0,"enemies":"Gremlin Nob","floor":8.0,"turns":2.0},{"damage":4.0,"enemies":"Red Slaver","floor":11.0,"turns":2.0},{"damage":9.0,"enemies":"Blue Slaver","floor":13.0,"turns":2.0},{"damage":6.0,"enemies":"Replay:BlueRogue","floor":14.0,"turns":4.0},{"damage":36.0,"enemies":"The Guardian","floor":16.0,"turns":6.0},{"damage":20.0,"enemies":"2 Thieves","floor":18.0,"turns":4.0},{"damage":6.0,"enemies":"Spheric Guardian","floor":21.0,"turns":3.0},{"damage":24.0,"enemies":"Snecko","floor":22.0,"turns":3.0},{"damage":50.0,"enemies":"Book of Stabbing","floor":27.0,"turns":5.0},{"damage":29.0,"enemies":"Centurion and Healer","floor":29.0,"turns":4.0},{"damage":30.0,"enemies":"Slavers","floor":31.0,"turns":4.0},{"damage":10.0,"enemies":"Champ","floor":33.0,"turns":5.0},{"damage":0.0,"enemies":"3 Darklings","floor":35.0,"turns":2.0},{"damage":14.0,"enemies":"Reptomancer","floor":43.0,"turns":6.0},{"damage":1.0,"enemies":"Orb Walker","floor":46.0,"turns":4.0},{"damage":8.0,"enemies":"Transient","floor":47.0,"turns":5.0},{"damage":13.0,"enemies":"4 Shapes","floor":49.0,"turns":4.0},{"damage":0,"enemies":"Sphere and 2 Shapes","floor":50,"turns":1},{"damage":50,"enemies":"Awakened One","floor":53,"turns":7}],"seed_played":"-104824503560778240","potions_obtained":[{"floor":1.0,"key":"GamblersBrew"},{"floor":5.0,"key":"GamblersBrew"},{"floor":11.0,"key":"Venom Potion"},{"floor":16.0,"key":"EssenceOfSteel"},{"floor":18.0,"key":"jedi:mysterypotion"},{"floor":21.0,"key":"CultistPotion"},{"floor":33.0,"key":"EntropicBrew"},{"floor":35.0,"key":"LiquidMemories"},{"floor":49.0,"key":"DuplicationPotion"}],"is_trial":false,"path_per_floor":["M","?","?","M","M","E","R","E","T","R","M","$","M","E","R","B",null,"M","$","?","M","M","R","?","R","T","E","R","M","?","E","R","B",null,"M","$","?","?","?","PTL","PTL","R","E","R","T","M","M","?","M","M","$","R_BF","B",null],"character_chosen":"HERMIT","items_purchased":["hermit:Determination","hermit:Glare","StrikeDummy","War Paint","hermit:CursedWeapon","hermit:Quickdraw","ReplayTheSpireMod:CursedCoin","Replay:Bandana","Oddly Smooth Stone","Gremlin Food","jedi:hoardpotion","hermit:Showdown","PowerPotion","hermit:Combo","hermit:Vantage","Fruit Juice","hermit:BlackWind","jedi:ominousloannote","Kunai","BargainBundle","jedi:archwizardhat","Iron Hammer","jedi:fakemustache","hermit:Purgatory","ReplayTheSpireMod:Brewmster","Elixir","EssenceOfSteel","hermit:NoHoldsBarred","Madness","Snack Pack"],"campfire_rested":6,"item_purchase_floors":[0,0,0,0,0,0,0,0,0,12,12,12,12,19,19,19,36,36,36,51,51,51,51,51,51,51,51,51,51,51],"current_hp_per_floor":[82,68,68,68,68,50,76,76,76,76,72,72,63,57,83,47,79,59,66,66,60,40,68,68,96,96,46,74,45,106,76,106,96,104,104,104,104,104,104,104,104,104,102,102,102,101,102,102,89,89,106,106,66],"gold":372,"neow_bonus":"","is_daily":false,"chose_seed":false,"campfire_upgraded":4,"win_rate":0.0,"timestamp":1608738884,"path_taken":["M","?","?","?","M","E","R","E","T","R","M","$","M","E","R","BOSS","M","$","?","M","M","R","?","R","T","E","R","M","?","E","R","BOSS","M","?","?","?","?","PTL","PTL","R","E","R","T","M","?","?","?","M","$","R_BF","BOSS"],"items_purchased_type":["Card","Card","Relic","Relic","Card","Card","Relic","Relic","Relic","Relic","Potion","Card","Potion","Card","Card","Potion","Card","Relic","Relic","Relic","Relic","Relic","Relic","Card","Card","Potion","Potion","Card","Card","Relic"],"build_version":"2020-12-22","purchased_purges":4,"victory":true,"max_hp_per_floor":[89,89,89,89,89,89,89,89,89,89,89,89,89,89,89,89,89,89,96,96,96,96,96,96,96,96,96,96,96,106,106,106,106,106,106,106,106,106,106,106,106,106,106,106,106,106,106,106,106,106,106,106,106],"relic_stats":{"Centennial Puzzle":[12],"counters":[116,476],"Ornamental Fan":[160],"StoneCalendar":[0],"Turnip":[45],"Pen Nib":[4],"Kunai":[11],"War Paint":["hermit:Glare","hermit:Covet"],"Boot":[3],"obtain_stats":[{"Golden Egg":0,"wanderingMiniBosses:OtherGremlinHorn":21,"jedi:bottledfury":23,"Boot":0,"theScribe:StormScale":0,"jedi:shrinkray":39,"Replay:Wanted Poster":0,"Sundial":43,"HollowMod:PaleOreRelic":28,"Kunai":0,"Replay:Bottled Steam":8,"HollowMod:JonisBlessing":45,"theSleuth:BowenStilsonDogg":9,"Pen Nib":45,"theSleuth:Typewriter":0,"Akabeko":25,"potionbrewer:Torch":11,"StrikeDummy":0,"Abe\u0027s Treasure":17,"theScribe:StarterRelic1":0,"Lantern":14,"aspiration:Lifesprig":26,"Torii":33,"Singing Bowl":9,"Painkiller Herb":17,"mysticmod:SpellBook":46,"StoneCalendar":0,"jedi:archwizardhat":0,"Cursed Key":34,"theSleuth:JesterOfEncumbrance":31,"BranchBurnRelic":23,"Shovel":9,"Chemical X":36,"wanderingMiniBosses:LockLocket":45,"Potion Belt":0,"Lee\u0027s Waffle":39,"Golden Idol":5,"Thread and Needle":0,"PreservedInsect":26,"Replay:Arrowhead":26,"potionbrewer:BoosterPack":10,"Ornamental Fan":0,"Orrery":28,"Ectoplasm":17,"Turnip":0,"Art of War":7,"Bottled Lightning":25,"ReplayTheSpireMod:Ring of Challenge":2,"ReplayTheSpireMod:Lightbulb":26,"Mark of the Bloom":47,"CeramicFish":0,"Vajra":9,"jedi:command_rare":46,"Centennial Puzzle":43,"Philosopher\u0027s Stone":17,"Iron Hammer":0,"Girya":0,"ReplayTheSpireMod:CursedCoin":11,"Dead Branch":0,"Oddly Smooth Stone":0,"War Paint":0,"jedi:heavyjacket":28,"Replay:Baseball":9,"ReplayTheSpireMod:Shallot":5,"Shuriken":12,"Simple Rune":25,"Onion Ring":45,"ReplayTheSpireMod:TigerMarble":43,"hermit:Momento":0,"NlothsMask":21,"ReplayFunnel":30,"theForsaken:ScaryMask":41,"Snecko Heart":17,"Angel_Ring":45,"theForsaken:Lifeblossom":26,"Mango":0,"CloakClasp":46,"Replay:Mystery Machine":0,"Dream Catcher":29,"Nunchaku":3,"Replay:Bandana":40,"Mummified Hand":12,"Gambling Chip":0,"jedi:cryingmask":19,"Red Mask":27,"Replay:Bottled Snecko":0,"Runic Pyramid":34,"Gremlin Food":24,"energizedSpire:RedRose":36,"BargainBundle":0,"ReplayTheSpireMod:Ninjato":0,"Replay:Towering Pillar of Hats":0,"Odd Mushroom":7,"Orichalcum":43,"White Beast Statue":11,"Peace Pipe":0,"jedi:fakemustache":51,"Cauldron":0,"Strange Spoon":48,"Anchor":45,"jedi:kaleidoscope":0,"jedi:ominousloannote":28,"Snack Pack":51,"Membership Card":0},{"Golden Egg":51,"wanderingMiniBosses:OtherGremlinHorn":36,"jedi:bottledfury":64,"Boot":0,"theScribe:StormScale":51,"jedi:shrinkray":92,"Replay:Wanted Poster":0,"Sundial":93,"HollowMod:PaleOreRelic":10,"Kunai":0,"Replay:Bottled Steam":28,"HollowMod:JonisBlessing":94,"theSleuth:BowenStilsonDogg":3,"Pen Nib":111,"theSleuth:Typewriter":0,"Akabeko":65,"potionbrewer:Torch":4,"StrikeDummy":0,"Abe\u0027s Treasure":83,"theScribe:StarterRelic1":0,"Lantern":6,"aspiration:Lifesprig":9,"Torii":14,"Singing Bowl":80,"Painkiller Herb":32,"mysticmod:SpellBook":48,"StoneCalendar":0,"jedi:archwizardhat":96,"Cursed Key":69,"theSleuth:JesterOfEncumbrance":12,"BranchBurnRelic":105,"Shovel":28,"Chemical X":44,"wanderingMiniBosses:LockLocket":75,"Potion Belt":77,"Lee\u0027s Waffle":92,"Golden Idol":1,"Thread and Needle":77,"PreservedInsect":38,"Replay:Arrowhead":9,"potionbrewer:BoosterPack":3,"Ornamental Fan":0,"Orrery":66,"Ectoplasm":104,"Turnip":0,"Art of War":55,"Bottled Lightning":38,"ReplayTheSpireMod:Ring of Challenge":20,"ReplayTheSpireMod:Lightbulb":65,"Mark of the Bloom":75,"CeramicFish":19,"Vajra":22,"jedi:command_rare":48,"Centennial Puzzle":111,"Philosopher\u0027s Stone":61,"Iron Hammer":77,"Girya":0,"ReplayTheSpireMod:CursedCoin":29,"Dead Branch":96,"Oddly Smooth Stone":51,"War Paint":0,"jedi:heavyjacket":66,"Replay:Baseball":56,"ReplayTheSpireMod:Shallot":26,"Shuriken":81,"Simple Rune":87,"Onion Ring":94,"ReplayTheSpireMod:TigerMarble":47,"hermit:Momento":0,"NlothsMask":105,"ReplayFunnel":41,"theForsaken:ScaryMask":93,"Snecko Heart":7,"Angel_Ring":17,"theForsaken:Lifeblossom":87,"Mango":0,"CloakClasp":48,"Replay:Mystery Machine":0,"Dream Catcher":11,"Nunchaku":20,"Replay:Bandana":46,"Mummified Hand":58,"Gambling Chip":19,"jedi:cryingmask":105,"Red Mask":10,"Replay:Bottled Snecko":0,"Runic Pyramid":43,"Gremlin Food":9,"energizedSpire:RedRose":15,"BargainBundle":51,"ReplayTheSpireMod:Ninjato":19,"Replay:Towering Pillar of Hats":25,"Odd Mushroom":2,"Orichalcum":17,"White Beast Statue":29,"Peace Pipe":77,"jedi:fakemustache":115,"Cauldron":77,"Strange Spoon":95,"Anchor":94,"jedi:kaleidoscope":96,"jedi:ominousloannote":66,"Snack Pack":115,"Membership Card":77},{"Golden Egg":246,"wanderingMiniBosses:OtherGremlinHorn":198,"jedi:bottledfury":286,"Boot":0,"theScribe:StormScale":246,"jedi:shrinkray":384,"Replay:Wanted Poster":0,"Sundial":387,"HollowMod:PaleOreRelic":63,"Kunai":0,"Replay:Bottled Steam":164,"HollowMod:JonisBlessing":389,"theSleuth:BowenStilsonDogg":14,"Pen Nib":455,"theSleuth:Typewriter":0,"Akabeko":289,"potionbrewer:Torch":21,"StrikeDummy":0,"Abe\u0027s Treasure":356,"theScribe:StarterRelic1":0,"Lantern":34,"aspiration:Lifesprig":58,"Torii":80,"Singing Bowl":347,"Painkiller Herb":181,"mysticmod:SpellBook":233,"StoneCalendar":0,"jedi:archwizardhat":395,"Cursed Key":303,"theSleuth:JesterOfEncumbrance":73,"BranchBurnRelic":425,"Shovel":164,"Chemical X":221,"wanderingMiniBosses:LockLocket":329,"Potion Belt":341,"Lee\u0027s Waffle":384,"Golden Idol":2,"Thread and Needle":341,"PreservedInsect":204,"Replay:Arrowhead":58,"potionbrewer:BoosterPack":14,"Ornamental Fan":0,"Orrery":293,"Ectoplasm":422,"Turnip":0,"Art of War":256,"Bottled Lightning":204,"ReplayTheSpireMod:Ring of Challenge":121,"ReplayTheSpireMod:Lightbulb":289,"Mark of the Bloom":329,"CeramicFish":119,"Vajra":127,"jedi:command_rare":233,"Centennial Puzzle":455,"Philosopher\u0027s Stone":276,"Iron Hammer":341,"Girya":0,"ReplayTheSpireMod:CursedCoin":166,"Dead Branch":395,"Oddly Smooth Stone":246,"War Paint":0,"jedi:heavyjacket":293,"Replay:Baseball":258,"ReplayTheSpireMod:Shallot":153,"Shuriken":349,"Simple Rune":368,"Onion Ring":389,"ReplayTheSpireMod:TigerMarble":230,"hermit:Momento":0,"NlothsMask":425,"ReplayFunnel":212,"theForsaken:ScaryMask":387,"Snecko Heart":44,"Angel_Ring":99,"theForsaken:Lifeblossom":368,"Mango":0,"CloakClasp":233,"Replay:Mystery Machine":0,"Dream Catcher":69,"Nunchaku":121,"Replay:Bandana":228,"Mummified Hand":265,"Gambling Chip":119,"jedi:cryingmask":425,"Red Mask":63,"Replay:Bottled Snecko":0,"Runic Pyramid":218,"Gremlin Food":58,"energizedSpire:RedRose":91,"BargainBundle":246,"ReplayTheSpireMod:Ninjato":119,"Replay:Towering Pillar of Hats":151,"Odd Mushroom":9,"Orichalcum":99,"White Beast Statue":166,"Peace Pipe":341,"jedi:fakemustache":469,"Cauldron":341,"Strange Spoon":391,"Anchor":389,"jedi:kaleidoscope":395,"jedi:ominousloannote":293,"Snack Pack":469,"Membership Card":341}]},"card_choices":[{"not_picked":["hermit:Virtue","hermit:ShadowCloak"],"picked":"hermit:Grudge","floor":1.0},{"not_picked":["hermit:Feint","hermit:DeadMansHand"],"picked":"hermit:Enervate","floor":4.0},{"not_picked":["hermit:Virtue","hermit:Feint"],"picked":"hermit:Scavenge","floor":5.0},{"not_picked":["hermit:BodyArmor","hermit:Glare"],"picked":"hermit:Desperado","floor":6.0},{"not_picked":["hermit:HighCaliber","hermit:Roulette"],"picked":"hermit:NoHoldsBarred","floor":8.0},{"not_picked":["hermit:Virtue","hermit:BigShot"],"picked":"hermit:Shortfuse","floor":11.0},{"not_picked":["hermit:Roulette","hermit:LowProfile"],"picked":"hermit:EyeOfTheStorm","floor":13.0},{"not_picked":["hermit:Vantage","hermit:Purgatory"],"picked":"hermit:PistolWhip","floor":14.0},{"not_picked":["hermit:Dissolve","hermit:Gambit"],"picked":"hermit:Reprieve","floor":16.0},{"not_picked":["hermit:Vantage","hermit:BigShot"],"picked":"hermit:Desperado","floor":18.0},{"not_picked":["hermit:Ricochet","hermit:Quickdraw"],"picked":"hermit:Deadeye","floor":21.0},{"not_picked":["hermit:Desperado+1","hermit:Vantage","hermit:Brawl"],"picked":"SKIP","floor":22.0},{"not_picked":["hermit:BigShot+1","hermit:Ricochet"],"picked":"hermit:HoleUp+1","floor":27.0},{"not_picked":["hermit:GoldenBullet","hermit:Feint"],"picked":"hermit:CalledShot+1","floor":29.0},{"not_picked":["hermit:Snipe","hermit:Dive"],"picked":"hermit:LowProfile+1","floor":31.0},{"not_picked":["hermit:Glare+1","hermit:Feint"],"picked":"hermit:Dive+1","floor":35.0},{"not_picked":["hermit:BodyArmor+1","hermit:LowProfile+1"],"picked":"hermit:Magnum","floor":43.0},{"not_picked":["hermit:NoHoldsBarred","hermit:Misfire+1"],"picked":"hermit:HoleUp+1","floor":46.0},{"not_picked":["hermit:Desperado","hermit:Vantage+1","hermit:PistolWhip+1"],"picked":"SKIP","floor":47.0},{"not_picked":["hermit:Quickdraw+1","hermit:Dive"],"picked":"hermit:Cheat+1","floor":49.0}],"player_experience":1753787,"relics_obtained":[{"floor":6.0,"key":"Turnip"},{"floor":8.0,"key":"Ornamental Fan"},{"floor":9.0,"key":"Replay:Bottled Snecko"},{"floor":14.0,"key":"StoneCalendar"},{"floor":26.0,"key":"Boot"},{"floor":27.0,"key":"Girya"},{"floor":31.0,"key":"jedi:heavyjacket"},{"floor":43.0,"key":"Centennial Puzzle"},{"floor":45.0,"key":"Pen Nib"}],"event_choices":[{"damage_healed":0.0,"max_hp_gain":0.0,"max_hp_loss":0.0,"gold_gain":0.0,"event_name":"Upgrade Shrine","player_choice":"Upgraded","floor":3.0,"gold_loss":0.0,"damage_taken":0.0,"cards_upgraded":["hermit:Determination"]},{"damage_healed":0.0,"max_hp_gain":0.0,"max_hp_loss":0.0,"gold_gain":0.0,"event_name":"Upgrade Shrine","player_choice":"Upgraded","floor":20.0,"gold_loss":0.0,"damage_taken":0.0,"cards_upgraded":["hermit:Combo"]},{"damage_healed":0.0,"max_hp_gain":0.0,"max_hp_loss":0.0,"gold_gain":0.0,"event_name":"Lab","player_choice":"Got Potions","floor":24.0,"gold_loss":0.0,"damage_taken":0.0},{"cards_removed":["hermit:Reprieve"],"damage_healed":51.0,"max_hp_gain":10.0,"max_hp_loss":0.0,"gold_gain":0.0,"event_name":"Bonfire Elementals","player_choice":"Offered Rare","floor":30.0,"gold_loss":0.0,"damage_taken":0.0},{"damage_healed":0.0,"max_hp_gain":0.0,"max_hp_loss":0.0,"gold_gain":3.0,"event_name":"betterStone:BetterStone","player_choice":"3","floor":37.0,"gold_loss":0.0,"damage_taken":0.0,"cards_obtained":["hermit:HeroicBravado"]},{"damage_healed":0.0,"max_hp_gain":0.0,"max_hp_loss":0.0,"gold_gain":999.0,"event_name":"MindBloom","player_choice":"Gold","floor":38.0,"gold_loss":0.0,"damage_taken":0.0,"cards_obtained":["Normality","Normality"]},{"damage_healed":0.0,"max_hp_gain":0.0,"max_hp_loss":0.0,"gold_gain":0.0,"event_name":"Duplicator","player_choice":"Copied","floor":39.0,"gold_loss":0.0,"damage_taken":0.0,"cards_obtained":["hermit:HeroicBravado"]},{"damage_healed":0.0,"max_hp_gain":0.0,"max_hp_loss":0.0,"gold_gain":0.0,"event_name":"WeMeetAgain","player_choice":"Gave Potion","floor":48.0,"gold_loss":0.0,"damage_taken":0.0,"relics_obtained":["White Beast Statue"]}],"is_beta":false,"boss_relics":[{"not_picked":["hermit:ClaspedLocket","Honey Jar"],"picked":"Philosopher\u0027s Stone"},{"not_picked":["Velvet Choker","jedi:paperlyon"],"picked":"Replay:Wanted Poster"}],"items_purged_floors":[0,19,36,51],"is_endless":false,"potions_floor_spawned":[1,5,11,14,16,18,21,27,33,35,49,50],"ascension_level":6}}