{"host":"na09lpbrez4gbfiz","time":1608720835,"event":{"mods":["Act Like it!","BaseMod","BetterRewards","Colored Map","Colored Powertips","DeckTracker","Googly Eyes","Highlight Path","Minty Spire (QoL Compilation)","Quick Restart","Spicy Shops","StSLib","SuperFastMode","Synergy Search"],"gold_per_floor":[114,114,134,149,164,164,164,89,89,119,135,147,147,163,163,261,261,275,24,34,34,48,48,48,48],"floor_reached":24,"playtime":663,"items_purged":["Regret","Strike_R"],"score":300,"play_id":"07deb651-d9e4-4088-af5f-982aab180807","local_time":"20201223115355","is_ascension_mode":true,"campfire_choices":[{"data":"Flame Barrier","floor":6,"key":"SMITH"},{"data":"Combust","floor":15,"key":"SMITH"},{"data":"Offering","floor":23,"key":"SMITH"}],"circlet_count":0,"master_deck":["AscendersBane","Strike_R","Defend_R","Defend_R","Defend_R","Defend_R","Bash","Carnage+1","Hemokinesis+1","Ghostly Armor","Flame Barrier+1","Combust+1","True Grit","Blood for Blood","Offering+1","Shrug It Off+1","Carnage+1","Whirlwind+1","Shockwave","Warcry+1"],"relics":["Burning Blood","Meat on the Bone","Ancient Tea Set","Toy Ornithopter","Darkstone Periapt","Astrolabe","Sling"],"acts_visited":["Exordium","TheCity"],"potions_floor_usage":[10,10,16,22],"damage_taken":[{"damage":8,"enemies":"2 Louse","floor":1,"turns":3},{"damage":2,"enemies":"Jaw Worm","floor":3,"turns":3},{"damage":3,"enemies":"Cultist","floor":4,"turns":3},{"damage":0,"enemies":"Exordium Wildlife","floor":5,"turns":3},{"damage":17,"enemies":"3 Sentries","floor":10,"turns":7},{"damage":18,"enemies":"Gremlin Gang","floor":11,"turns":3},{"damage":26,"enemies":"Lots of Slimes","floor":12,"turns":2},{"damage":11,"enemies":"Red Slaver","floor":14,"turns":2},{"damage":40,"enemies":"The Guardian","floor":16,"turns":11},{"damage":18,"enemies":"Chosen","floor":18,"turns":4},{"damage":37,"enemies":"Shell Parasite","floor":20,"turns":5},{"damage":14,"enemies":"Snecko","floor":22,"turns":4},{"damage":68,"enemies":"Slavers","floor":24,"turns":4}],"seed_played":"-6088319351355830255","potions_obtained":[{"floor":3,"key":"ColorlessPotion"},{"floor":4,"key":"AttackPotion"},{"floor":11,"key":"AttackPotion"},{"floor":12,"key":"Strength Potion"},{"floor":18,"key":"Regen Potion"}],"is_trial":false,"path_per_floor":["M","?","M","M","M","R","?","$","T","E","M","M","?","M","R","B",null,"M","$","M","?","M","R","E"],"character_chosen":"IRONCLAD","items_purchased":["Sling"],"campfire_rested":0,"item_purchase_floors":[19],"current_hp_per_floor":[70,54,58,61,67,67,67,67,67,56,56,48,36,43,43,26,67,55,55,36,36,57,57,0,0],"gold":48,"neow_bonus":"THREE_CARDS","is_daily":false,"chose_seed":false,"campfire_upgraded":3,"win_rate":0.0,"timestamp":1608720835,"path_taken":["M","?","M","M","M","R","?","?","T","E","M","M","?","M","R","BOSS","M","$","M","?","M","R","E"],"items_purchased_type":["Relic"],"build_version":"2020-12-22","purchased_purges":2,"victory":false,"max_hp_per_floor":[80,80,80,80,80,80,80,80,80,80,80,80,80,80,80,80,80,80,80,80,80,80,80,80,80],"card_choices":[{"not_picked":["Twin Strike","Dual Wield"],"picked":"Carnage","floor":0},{"not_picked":["Twin Strike","Combust"],"picked":"Hemokinesis","floor":1},{"not_picked":["Warcry","Havoc"],"picked":"Ghostly Armor","floor":3},{"not_picked":["Body Slam","Thunderclap"],"picked":"Flame Barrier","floor":4},{"not_picked":["Twin Strike","Body Slam","Headbutt"],"picked":"SKIP","floor":5},{"not_picked":["Clothesline","Exhume"],"picked":"Combust","floor":10},{"not_picked":["Flex","Combust"],"picked":"True Grit","floor":11},{"not_picked":["Sword Boomerang","Body Slam","Battle Trance"],"picked":"SKIP","floor":12},{"not_picked":["Heavy Blade","Havoc"],"picked":"Blood for Blood","floor":14},{"not_picked":["Limit Break","Juggernaut"],"picked":"Offering","floor":16},{"not_picked":["Headbutt","Wild Strike","Pommel Strike"],"picked":"SKIP","floor":18},{"not_picked":["Metallicize","Flex+1"],"picked":"Shockwave","floor":20},{"not_picked":["Flex","Carnage"],"picked":"Warcry+1","floor":22}],"player_experience":241325,"relics_obtained":[{"floor":9,"key":"Ancient Tea Set"},{"floor":10,"key":"Toy Ornithopter"}],"event_choices":[{"damage_healed":0,"gold_gain":0,"player_choice":"Entered Light","damage_taken":16,"max_hp_gain":0,"max_hp_loss":0,"event_name":"Shining Light","floor":2,"gold_loss":0,"cards_upgraded":["Hemokinesis","Carnage"]},{"damage_healed":0,"gold_gain":0,"player_choice":"Box","damage_taken":0,"relics_obtained":["Meat on the Bone"],"max_hp_gain":0,"max_hp_loss":0,"event_name":"Big Fish","floor":7,"gold_loss":0,"cards_obtained":["Regret"]},{"damage_healed":0,"gold_gain":0,"player_choice":"Success","damage_taken":12,"relics_obtained":["Darkstone Periapt"],"max_hp_gain":0,"max_hp_loss":0,"event_name":"Scrap Ooze","floor":13,"gold_loss":0},{"damage_healed":0,"gold_gain":0,"player_choice":"Ignored","damage_taken":0,"max_hp_gain":0,"max_hp_loss":0,"event_name":"Ghosts","floor":21,"gold_loss":0}],"is_beta":false,"boss_relics":[{"not_picked":["Black Star","Runic Cube"],"picked":"Astrolabe"}],"items_purged_floors":[8,19],"is_endless":false,"potions_floor_spawned":[3,4,11,12,18],"killed_by":"Slavers","ascension_level":10}}