{"host":"qw4xe3mt0biolpvp","time":1608759474,"event":{"mods":["AchievementEnabler","Act Like it!","BaseMod","BetterRewards","Colored Map","Colored Powertips","Downfall","Gensokyo","Hallownest","Hermit","Highlight Path","Hubris","Infinite Spire","Jorbs\u0027s Wanderer Trilogy","Marisa????????","Minty Spire (QoL Compilation)","Quick Restart","Replay The Spire","StSLib","Steal the Spire","The Animator","The Bug Knight","The Cursed","The Jungle","The Servant 0.9.4","The Wild Card"],"gold_per_floor":[99,117,133,152,172,172,172,172,183,93,93,93,93,103,115,210,210,210,223,238,238,78,91,115,100,100,100,100,100,117,136,153,153,153],"floor_reached":33,"playtime":1608,"items_purged":["Strike_B","Defend_B"],"score":266,"play_id":"4cbabeb9-c8ae-44a1-be61-bf2938cecd72","local_time":"20201223183754","is_ascension_mode":false,"campfire_choices":[{"data":"Zap","floor":1,"key":"SMITH"},{"data":"Dualcast","floor":6,"key":"SMITH"},{"data":"Hologram","floor":11,"key":"SMITH"},{"data":"Defragment","floor":13,"key":"SMITH"},{"data":"Core Surge","floor":18,"key":"SMITH"},{"floor":26,"key":"REST"},{"floor":28,"key":"REST"}],"circlet_count":0,"master_deck":["Defend_B","Defend_B","Defend_B","Zap+1","Dualcast+1","Rebound","Defragment+1","Turbo","Hologram+1","Barrage","Core Surge+1","Scrape","Beam Cell","Bite","Bite","Bite","Bite","Bite","Chill+1","Redo","Barrage+1","Cold Snap","Redo+1"],"relics":["Cracked Core","hubris:TenFootPole","Ring of Chaos","Nloth\u0027s Gift"],"acts_visited":["Exordium","TheCity"],"potions_floor_usage":[12,16,16,16,25,33],"damage_taken":[{"damage":0,"enemies":"2 Louse","floor":2,"turns":2},{"damage":0,"enemies":"Small Slimes","floor":3,"turns":2},{"damage":0,"enemies":"Cultist","floor":4,"turns":3},{"damage":14,"enemies":"Blue Slaver","floor":5,"turns":3},{"damage":8,"enemies":"Large Slime","floor":9,"turns":5},{"damage":0,"enemies":"downfall:FleeingMerchant","floor":10,"turns":4},{"damage":13,"enemies":"Red Slaver","floor":14,"turns":3},{"damage":10,"enemies":"2 Fungi Beasts","floor":15,"turns":3},{"damage":35,"enemies":"Hexaghost","floor":16,"turns":8},{"damage":20,"enemies":"Spheric Guardian","floor":19,"turns":4},{"damage":34,"enemies":"Centurion and Healer","floor":20,"turns":8},{"damage":10,"enemies":"downfall:FleeingMerchant","floor":22,"turns":4},{"damage":19,"enemies":"Sentry and Sphere","floor":23,"turns":5},{"damage":16,"enemies":"downfall:FleeingMerchant","floor":25,"turns":4},{"damage":6,"enemies":"Snecko","floor":30,"turns":4},{"damage":30,"enemies":"Snake Plant","floor":31,"turns":3},{"damage":16,"enemies":"Centurion and Healer","floor":32,"turns":7},{"damage":44,"enemies":"downfall:Silent","floor":33,"turns":5}],"seed_played":"117060551966857889","potions_obtained":[{"floor":3,"key":"Languid Potion"},{"floor":5,"key":"Fire Potion"},{"floor":9,"key":"Adrenaline Potion"},{"floor":12,"key":"Fruit Juice"},{"floor":12,"key":"Adrenaline Potion"},{"floor":23,"key":"Strength Potion"},{"floor":30,"key":"sneckomod:MuddlingPotion"},{"floor":31,"key":"Weak Potion"}],"is_trial":false,"path_per_floor":["R","M","M","M","M","R","T","?","M","$","R","?","R","M","M","B",null,"R","M","M","?","$","M","T","$","R","?","R","?","M","M","M","B"],"character_chosen":"DEFECT","items_purchased":["Redo"],"campfire_rested":2,"item_purchase_floors":[22],"current_hp_per_floor":[82,82,82,82,68,68,68,67,59,59,59,64,64,51,41,6,87,87,67,33,33,33,26,26,18,36,36,54,54,56,28,32,0,0],"gold":153,"neow_bonus":"TEN_PERCENT_HP_BONUS","is_daily":false,"chose_seed":false,"campfire_upgraded":5,"win_rate":0.0,"timestamp":1608759474,"path_taken":["R","M","M","M","M","R","T","?","M","$","R","?","R","M","M","BOSS","R","M","M","?","$","M","T","$","R","?","R","?","?","M","M","BOSS"],"items_purchased_type":["Card"],"build_version":"2020-12-22","purchased_purges":2,"victory":false,"max_hp_per_floor":[82,82,82,82,82,82,82,82,82,82,82,87,87,87,87,87,87,87,87,87,60,60,60,60,60,60,60,60,60,60,60,60,60,60],"card_choices":[{"not_picked":["Force Field","Stack","Compile Driver"],"picked":"SKIP","floor":2},{"not_picked":["Cold Snap","Undo"],"picked":"Rebound","floor":3},{"not_picked":["Melter","Rebound"],"picked":"Defragment","floor":4},{"not_picked":["Darkness","Mirror Shield"],"picked":"Turbo","floor":5},{"not_picked":["Reinforced Body","Turbo"],"picked":"Hologram","floor":9},{"not_picked":["Heatsinks","Stack"],"picked":"Barrage","floor":10},{"not_picked":["Beam Cell","Cold Snap","Compile Driver"],"picked":"SKIP","floor":14},{"not_picked":["Force Field","Gash","Mirror Shield"],"picked":"SKIP","floor":15},{"not_picked":["Hyperbeam","hubris:SpecializedCircuitry"],"picked":"Core Surge","floor":16},{"not_picked":["Leap","Glacier"],"picked":"Scrape","floor":19},{"not_picked":["Compile Driver","Go for the Eyes"],"picked":"Beam Cell","floor":20},{"not_picked":["Turbo","Rebound"],"picked":"Chill+1","floor":22},{"not_picked":["ReplayTheSpireMod:Calculation Training","Beam Cell","Stack"],"picked":"SKIP","floor":23},{"not_picked":["BasicCrystalCard+1","All For One","Coolheaded"],"picked":"SKIP","floor":25},{"not_picked":["Darkness+1","Reinforced Body+1"],"picked":"Barrage+1","floor":30},{"not_picked":["Rainbow","Conserve Battery"],"picked":"Cold Snap","floor":31},{"not_picked":["Streamline+1","Go for the Eyes"],"picked":"Redo+1","floor":32}],"player_experience":28499,"relics_obtained":[{"floor":7,"key":"hubris:TenFootPole"},{"floor":24,"key":"Replay:Mystery Machine"}],"event_choices":[{"damage_healed":0,"gold_gain":0,"player_choice":"Fled","damage_taken":3,"max_hp_gain":0,"max_hp_loss":0,"event_name":"Scrap Ooze","floor":8,"gold_loss":0},{"damage_healed":0,"gold_gain":0,"player_choice":"Got Potions","damage_taken":0,"max_hp_gain":0,"max_hp_loss":0,"event_name":"Lab","floor":12,"gold_loss":0},{"damage_healed":0,"gold_gain":0,"player_choice":"Became a vampire","damage_taken":0,"max_hp_gain":0,"max_hp_loss":27,"event_name":"Vampires","floor":21,"gold_loss":0,"cards_obtained":["Bite","Bite","Bite","Bite","Bite"]}],"is_beta":false,"boss_relics":[{"not_picked":["Painkiller Herb","Replay:Drink Me"],"picked":"Ring of Chaos"}],"items_purged_floors":[10,22],"is_endless":false,"potions_floor_spawned":[3,5,9,14,23,30,31],"killed_by":"downfall:Silent","ascension_level":0}}