{"host":"y76clbnovzmw9ubx","time":1608736102,"event":{"mods":["AchievementEnabler","BaseMod","Minty Spire (QoL Compilation)","Permanent Neow","Relic Stats"],"gold_per_floor":[118,88,101,119,44,44,69,69,69,16,41,52,52,72,72,151,151,151,171,171,171],"floor_reached":20,"playtime":1747,"items_purged":[],"score":368,"play_id":"7e86ff93-f5bc-43e2-8337-9157e78a5458","local_time":"20201223100822","is_ascension_mode":true,"campfire_choices":[{"data":"Bash","floor":6,"key":"SMITH"},{"data":"1","floor":8,"key":"LIFT"},{"data":"2","floor":13,"key":"LIFT"},{"floor":15,"key":"REST"}],"circlet_count":0,"master_deck":["AscendersBane","Strike_R","Defend_R","Defend_R","Defend_R","Defend_R","Bash+1","Rampage","Cleave","Seeing Red","Inflame","True Grit","Juggernaut","Limit Break","Searing Blow+1","Uppercut+1","Uppercut+1"],"relics":["Runic Pyramid","Girya","StoneCalendar","Calipers","Astrolabe"],"acts_visited":["Exordium","TheCity"],"potions_floor_usage":[11,11,16,18],"damage_taken":[{"damage":2,"enemies":"Cultist","floor":1,"turns":4},{"damage":3,"enemies":"2 Louse","floor":3,"turns":3},{"damage":7,"enemies":"Jaw Worm","floor":4,"turns":3},{"damage":32,"enemies":"Gremlin Nob","floor":7,"turns":4},{"damage":8,"enemies":"Lagavulin","floor":11,"turns":5},{"damage":0,"enemies":"2 Fungi Beasts","floor":12,"turns":3},{"damage":9,"enemies":"Gremlin Gang","floor":14,"turns":5},{"damage":24,"enemies":"The Guardian","floor":16,"turns":11},{"damage":0,"enemies":"3 Byrds","floor":18,"turns":1},{"damage":34,"enemies":"2 Thieves","floor":19,"turns":5},{"damage":26,"enemies":"Snake Plant","floor":20,"turns":4}],"seed_played":"3425386145280998121","potions_obtained":[{"floor":1,"key":"Strength Potion"},{"floor":2,"key":"FearPotion"},{"floor":11,"key":"SmokeBomb"},{"floor":14,"key":"SkillPotion"}],"is_trial":false,"path_per_floor":["M","?","M","M","?","R","E","R","T","$","E","M","R","M","R","B",null,"M","M","M"],"character_chosen":"IRONCLAD","items_purchased":["True Grit"],"campfire_rested":1,"item_purchase_floors":[10],"current_hp_per_floor":[66,66,63,56,56,56,24,24,24,24,16,16,16,7,29,5,58,58,24,0,0],"gold":171,"neow_bonus":"BOSS_RELIC","is_daily":false,"chose_seed":false,"campfire_upgraded":1,"win_rate":0.0,"timestamp":1608736102,"path_taken":["M","?","M","?","?","R","E","R","T","$","E","M","R","M","R","BOSS","M","M","M"],"items_purchased_type":["Card"],"build_version":"2020-12-22","purchased_purges":0,"victory":false,"max_hp_per_floor":[75,75,75,75,75,75,75,75,75,75,75,75,75,75,75,75,75,75,75,75,75],"relic_stats":{"counters":[11,48],"Astrolabe":["Searing Blow","Uppercut","Uppercut"],"StoneCalendar":[52],"obtain_stats":[{"Girya":7,"Calipers":11,"Astrolabe":17,"StoneCalendar":9,"Burning Blood":0,"Runic Pyramid":0},{"Girya":4,"Calipers":5,"Astrolabe":8,"StoneCalendar":4,"Burning Blood":0,"Runic Pyramid":0},{"Girya":14,"Calipers":19,"Astrolabe":38,"StoneCalendar":14,"Burning Blood":0,"Runic Pyramid":0}]},"card_choices":[{"not_picked":["Shockwave","Heavy Blade"],"picked":"Rampage","floor":1},{"not_picked":["Fire Breathing","Body Slam"],"picked":"Cleave","floor":3},{"not_picked":["Thunderclap","Armaments"],"picked":"Seeing Red","floor":4},{"not_picked":["Cleave","Shrug It Off"],"picked":"Inflame","floor":7},{"not_picked":["Ghostly Armor","Intimidate","Pommel Strike"],"picked":"SKIP","floor":11},{"not_picked":["Wild Strike","Body Slam","Sentinel"],"picked":"SKIP","floor":12},{"not_picked":["Heavy Blade","Wild Strike"],"picked":"Juggernaut","floor":14},{"not_picked":["Fiend Fire","Bludgeon"],"picked":"Limit Break","floor":16},{"not_picked":["Clash","Armaments","Flex"],"picked":"SKIP","floor":19}],"player_experience":2956726,"relics_obtained":[{"floor":7,"key":"Girya"},{"floor":9,"key":"StoneCalendar"},{"floor":11,"key":"Calipers"}],"event_choices":[{"damage_healed":0,"gold_gain":0,"player_choice":"Bought 2 Potions","damage_taken":0,"max_hp_gain":0,"max_hp_loss":0,"event_name":"The Woman in Blue","floor":2,"gold_loss":0},{"cards_removed":["Strike_R"],"damage_healed":0,"gold_gain":0,"player_choice":"Card Removal","damage_taken":0,"max_hp_gain":0,"max_hp_loss":0,"event_name":"The Cleric","floor":5,"gold_loss":75}],"is_beta":false,"boss_relics":[{"not_picked":["Tiny House","SacredBark"],"picked":"Astrolabe"}],"items_purged_floors":[],"is_endless":false,"potions_floor_spawned":[1,7,11,14,18],"killed_by":"Snake Plant","ascension_level":20}}