{"host":"uwh382mre4waz4ff","time":1608729913,"event":{"mods":["AchievementEnabler","BaseMod","Better Note","Better Third Choice","BetterRewards","Minty Spire (QoL Compilation)","StSLib"],"gold_per_floor":[117,117,129,142,162,35,35,35,86,86,117,117,132,152,152,252,252,268,287,187,205,80,80,92,92,147,147,147,163,163,182,182,182,182],"floor_reached":33,"playtime":1773,"items_purged":["Strike_B","Strike_B","Strike_B"],"score":249,"play_id":"2dcecd51-f72c-42df-be8e-eef71d7aae07","local_time":"20201223212513","is_ascension_mode":false,"campfire_choices":[{"data":"Dualcast","floor":8,"key":"SMITH"},{"data":"Zap","floor":10,"key":"SMITH"},{"data":"Coolheaded","floor":15,"key":"SMITH"},{"data":"Hologram","floor":23,"key":"SMITH"},{"data":"Multi-Cast","floor":25,"key":"SMITH"},{"data":"Sunder","floor":28,"key":"SMITH"},{"data":"Double Energy","floor":30,"key":"SMITH"},{"data":"Chill","floor":32,"key":"SMITH"}],"circlet_count":0,"master_deck":["Defend_B","Defend_B","Defend_B","Defend_B","Zap+1","Dualcast+1","Sunder+1","Coolheaded+1","Double Energy+1","Hello World","Reinforced Body","Multi-Cast+1","Undo","Hologram+1","Melter","Chill+1"],"relics":["Cracked Core","Strawberry","Bronze Scales","Tiny Chest","Runic Dome","Juzu Bracelet"],"acts_visited":["Exordium","TheCity"],"potions_floor_usage":[16,18,18,33],"damage_taken":[{"damage":15,"enemies":"Jaw Worm","floor":1,"turns":4},{"damage":1,"enemies":"Cultist","floor":3,"turns":4},{"damage":1,"enemies":"2 Louse","floor":4,"turns":2},{"damage":0,"enemies":"Looter","floor":5,"turns":3},{"damage":14,"enemies":"Gremlin Nob","floor":11,"turns":3},{"damage":0,"enemies":"Exordium Thugs","floor":13,"turns":3},{"damage":0,"enemies":"3 Louse","floor":14,"turns":2},{"damage":36,"enemies":"The Guardian","floor":16,"turns":11},{"damage":10,"enemies":"2 Thieves","floor":18,"turns":3},{"damage":6,"enemies":"Shell Parasite","floor":19,"turns":6},{"damage":8,"enemies":"Centurion and Healer","floor":21,"turns":6},{"damage":6,"enemies":"3 Cultists","floor":24,"turns":6},{"damage":10,"enemies":"Sentry and Sphere","floor":29,"turns":5},{"damage":1,"enemies":"Cultist and Chosen","floor":31,"turns":5},{"damage":47,"enemies":"Collector","floor":33,"turns":6}],"seed_played":"7818896758880914093","potions_obtained":[{"floor":1,"key":"Weak Potion"},{"floor":4,"key":"SmokeBomb"},{"floor":5,"key":"Dexterity Potion"},{"floor":16,"key":"PowerPotion"},{"floor":19,"key":"SteroidPotion"},{"floor":24,"key":"Ancient Potion"}],"is_trial":false,"path_per_floor":["M","?","M","M","M","$","$","R","T","R","E","?","M","M","R","B",null,"M","M","$","M","$","R","M","R","T","?","R","M","R","M","R","B"],"character_chosen":"DEFECT","items_purchased":["Coolheaded"],"campfire_rested":0,"item_purchase_floors":[6],"current_hp_per_floor":[67,67,66,65,65,65,65,65,65,65,51,51,51,51,51,15,82,72,66,66,58,58,58,52,52,52,52,52,42,42,41,41,0,0],"gold":182,"neow_bonus":"","is_daily":false,"chose_seed":false,"campfire_upgraded":8,"win_rate":0.0,"timestamp":1608729913,"path_taken":["M","?","M","M","M","?","$","R","T","R","E","?","M","M","R","BOSS","M","M","$","M","$","R","M","R","T","?","R","M","R","M","R","BOSS"],"items_purchased_type":["Card"],"build_version":"2020-12-22","purchased_purges":3,"victory":false,"max_hp_per_floor":[82,82,82,82,82,82,82,82,82,82,82,82,82,82,82,82,82,82,82,82,82,82,82,82,82,82,82,82,82,82,82,82,82,82],"card_choices":[{"not_picked":["Compile Driver","Ball Lightning","Scrape"],"picked":"SKIP","floor":1},{"not_picked":["Cold Snap","Rebound","Beam Cell"],"picked":"SKIP","floor":3},{"not_picked":["Compile Driver","Doom and Gloom"],"picked":"Sunder","floor":4},{"not_picked":["Leap","Rebound","Compile Driver"],"picked":"SKIP","floor":5},{"not_picked":["Steam Power","Rip and Tear"],"picked":"Double Energy","floor":11},{"not_picked":["Steam","Leap"],"picked":"Hello World","floor":13},{"not_picked":["Amplify","Stack"],"picked":"Reinforced Body","floor":14},{"not_picked":["Seek","Reboot"],"picked":"Multi-Cast","floor":16},{"not_picked":["Redo","Cold Snap+1"],"picked":"Undo","floor":18},{"not_picked":["Conserve Battery","Hello World"],"picked":"Hologram","floor":19},{"not_picked":["Leap","Ball Lightning","Lockon"],"picked":"SKIP","floor":21},{"not_picked":["Cold Snap","Stack","Beam Cell+1"],"picked":"SKIP","floor":24},{"not_picked":["Gash","Steam"],"picked":"Melter","floor":29},{"not_picked":["Sunder","Conserve Battery"],"picked":"Chill","floor":31}],"player_experience":42044,"relics_obtained":[{"floor":9,"key":"Bronze Scales"},{"floor":11,"key":"Tiny Chest"},{"floor":26,"key":"Juzu Bracelet"}],"event_choices":[{"damage_healed":0,"gold_gain":0,"player_choice":"0 cards matched","damage_taken":0,"max_hp_gain":0,"max_hp_loss":0,"event_name":"Match and Keep!","floor":2,"gold_loss":0,"cards_obtained":[]},{"cards_removed":["Strike_B"],"damage_healed":0,"gold_gain":0,"player_choice":"Offered Basic","damage_taken":0,"max_hp_gain":0,"max_hp_loss":0,"event_name":"Bonfire Elementals","floor":12,"gold_loss":0},{"cards_removed":["Defend_B"],"damage_healed":0,"gold_gain":0,"player_choice":"Give","damage_taken":0,"max_hp_gain":0,"max_hp_loss":0,"event_name":"betterNote:BetterNote","floor":27,"gold_loss":0,"cards_obtained":["None"]}],"is_beta":false,"boss_relics":[{"not_picked":["Astrolabe","Busted Crown"],"picked":"Runic Dome"}],"items_purged_floors":[6,20,22],"is_endless":false,"potions_floor_spawned":[1,4,5,16,19,24],"killed_by":"Collector","ascension_level":0}}