{"host":"49pjgf1q9ev52n8z","time":1608688459,"event":{"mods":["BaseMod","Bestiary","Colored Map","Minty Spire (QoL Compilation)","Practice Mode","Relic Stats","StSLib"],"gold_per_floor":[11,11,24,45,20,56,56,56,56,56,71,86,110,110,110],"floor_reached":14,"playtime":987,"items_purged":[],"score":170,"play_id":"340e50b8-38d5-4dcc-bab6-3075d709081a","local_time":"20201222175419","is_ascension_mode":true,"campfire_choices":[{"data":"Footwork","floor":8.0,"key":"SMITH"},{"floor":10.0,"key":"REST"}],"circlet_count":0,"master_deck":["AscendersBane","Strike_G","Strike_G","Strike_G","Strike_G","Strike_G","Defend_G","Defend_G","Defend_G","Defend_G","Defend_G","Survivor","Neutralize","Corpse Explosion","Backflip","Dagger Spray","Footwork+1","Deadly Poison","Blur","Footwork","Burst"],"relics":["Ring of the Snake","Golden Idol","FossilizedHelix","The Courier"],"acts_visited":["Exordium"],"potions_floor_usage":[12,13],"damage_taken":[{"damage":5.0,"enemies":"Jaw Worm","floor":1.0,"turns":4.0},{"damage":0.0,"enemies":"2 Louse","floor":3.0,"turns":2.0},{"damage":5.0,"enemies":"Cultist","floor":4.0,"turns":4.0},{"damage":6.0,"enemies":"3 Sentries","floor":6.0,"turns":4.0},{"damage":0,"enemies":"3 Louse","floor":11,"turns":2},{"damage":13,"enemies":"Gremlin Gang","floor":12,"turns":3},{"damage":0,"enemies":"Exordium Wildlife","floor":13,"turns":2},{"damage":96,"enemies":"Gremlin Nob","floor":14,"turns":7}],"seed_played":"9075708385485249453","potions_obtained":[{"floor":3.0,"key":"ColorlessPotion"},{"floor":4.0,"key":"GhostInAJar"},{"floor":11,"key":"Regen Potion"}],"is_trial":false,"path_per_floor":["M","?","M","M","$","E","?","R","T","R","M","M","M","E"],"character_chosen":"THE_SILENT","items_purchased":["Deadly Poison"],"campfire_rested":1,"item_purchase_floors":[5],"current_hp_per_floor":[54,54,54,49,49,43,43,43,43,62,62,49,58,0,0],"gold":110,"neow_bonus":"THREE_RARE_CARDS","is_daily":false,"chose_seed":false,"campfire_upgraded":1,"win_rate":0.0,"timestamp":1608688459,"path_taken":["M","?","M","M","?","E","?","R","T","R","M","M","?","E"],"items_purchased_type":["Card"],"build_version":"2020-12-13","purchased_purges":0,"victory":false,"max_hp_per_floor":[66,66,66,66,66,66,66,66,66,66,66,66,66,66,66],"relic_stats":{"counters":[8,28],"Golden Idol":25,"obtain_stats":[{"Golden Idol":2,"The Courier":9,"FossilizedHelix":6,"Ring of the Snake":0},{"Golden Idol":1,"The Courier":4,"FossilizedHelix":4,"Ring of the Snake":0},{"Golden Idol":4,"The Courier":14,"FossilizedHelix":14,"Ring of the Snake":0}],"Ring of the Snake":[16]},"card_choices":[{"not_picked":["Unload","Envenom"],"picked":"Corpse Explosion","floor":0.0},{"not_picked":["Well Laid Plans","Reflex"],"picked":"Backflip","floor":1.0},{"not_picked":["Escape Plan","Prepared"],"picked":"Dagger Spray","floor":3.0},{"not_picked":["Crippling Poison","Sucker Punch"],"picked":"Footwork","floor":4.0},{"not_picked":["Setup","Concentrate","Underhanded Strike"],"picked":"SKIP","floor":6.0},{"not_picked":["Endless Agony","Acrobatics"],"picked":"Blur","floor":11},{"not_picked":["Eviscerate","Acrobatics"],"picked":"Footwork","floor":12},{"not_picked":["Reflex","Distraction"],"picked":"Burst","floor":13}],"player_experience":605798,"relics_obtained":[{"floor":6.0,"key":"FossilizedHelix"},{"floor":9.0,"key":"The Courier"}],"event_choices":[{"damage_healed":0.0,"max_hp_gain":0.0,"max_hp_loss":0.0,"gold_gain":0.0,"event_name":"Golden Idol","player_choice":"Take Wound","floor":2.0,"gold_loss":0.0,"damage_taken":0.0,"relics_obtained":["Golden Idol"],"cards_obtained":["Injury"]},{"cards_removed":["Injury"],"damage_healed":0.0,"max_hp_gain":0.0,"max_hp_loss":0.0,"gold_gain":0.0,"event_name":"Purifier","player_choice":"Purged","floor":7.0,"gold_loss":0.0,"damage_taken":0.0}],"is_beta":false,"boss_relics":[],"items_purged_floors":[],"is_endless":false,"potions_floor_spawned":[3,4,11],"killed_by":"Gremlin Nob","ascension_level":17}}