{"host":"wg33yb1rgt3nbe17","time":1608694901,"event":{"mods":["AchievementEnabler","BaseMod","Colored Map","Minty Spire (QoL Compilation)","Permanent Neow","Relic Stats","StSLib"],"gold_per_floor":[116,133,144,144,204,237,237,264,264,344,363,52,52,64,64,166,166,178,15,25,37,87,87,114,114,162,162,212,262,58,92,92,92,92],"floor_reached":33,"playtime":1053,"items_purged":["Writhe"],"score":419,"play_id":"cd212609-db65-4fb9-a7d1-780cd6dd4a07","local_time":"20201222224141","is_ascension_mode":true,"campfire_choices":[{"data":"1","floor":7,"key":"LIFT"},{"data":"Fusion","floor":13,"key":"SMITH"},{"floor":15,"key":"REST"},{"data":"2","floor":23,"key":"LIFT"},{"data":"3","floor":25,"key":"LIFT"},{"floor":27,"key":"REST"},{"floor":32,"key":"REST"}],"circlet_count":0,"master_deck":["Strike_B","Strike_B","Strike_B","Defend_B","Defend_B","Zap","Dualcast","Fusion+1","Ball Lightning","Cold Snap","Coolheaded","Sweeping Beam","Ball Lightning","Ball Lightning","FTL","Heatsinks+1","Biased Cognition+1","All For One","Darkness+1","Stack+1","Core Surge+1","Gash","Echo Form+1","Turbo","Coolheaded+1","Double Energy+1","Fission","Steam Power","Heatsinks+1","Go for the Eyes","Ball Lightning","FTL"],"relics":["Cracked Core","Girya","SsserpentHead","Oddly Smooth Stone","Question Card","Frozen Egg 2","Shuriken","Runic Capacitor","Astrolabe","Tiny Chest","Dead Branch","Juzu Bracelet","Blood Vial"],"acts_visited":["Exordium","TheCity"],"potions_floor_usage":[6,6,8,16,20,24,31],"damage_taken":[{"damage":6,"enemies":"Cultist","floor":1,"turns":3},{"damage":9,"enemies":"Small Slimes","floor":2,"turns":4},{"damage":12,"enemies":"Jaw Worm","floor":3,"turns":3},{"damage":1,"enemies":"Blue Slaver","floor":5,"turns":3},{"damage":22,"enemies":"3 Sentries","floor":6,"turns":7},{"damage":10,"enemies":"Gremlin Nob","floor":8,"turns":3},{"damage":0,"enemies":"2 Fungi Beasts","floor":11,"turns":3},{"damage":0,"enemies":"Large Slime","floor":14,"turns":4},{"damage":0,"enemies":"Slime Boss","floor":16,"turns":5},{"damage":4,"enemies":"Spheric Guardian","floor":18,"turns":3},{"damage":8,"enemies":"3 Byrds","floor":20,"turns":4},{"damage":17,"enemies":"Snecko","floor":21,"turns":5},{"damage":15,"enemies":"Gremlin Leader","floor":24,"turns":5},{"damage":25,"enemies":"Book of Stabbing","floor":31,"turns":3},{"damage":58,"enemies":"Automaton","floor":33,"turns":6}],"seed_played":"-647342265771483392","potions_obtained":[{"floor":1,"key":"Regen Potion"},{"floor":2,"key":"SkillPotion"},{"floor":3,"key":"GamblersBrew"},{"floor":11,"key":"Dexterity Potion"},{"floor":14,"key":"Dexterity Potion"},{"floor":20,"key":"Fire Potion"},{"floor":21,"key":"PotionOfCapacity"}],"is_trial":false,"path_per_floor":["M","M","M","?","M","E","R","E","T","?","M","$","R","M","R","B",null,"M","$","M","M","?","R","E","R","T","R","?","?","$","E","R","B"],"character_chosen":"DEFECT","items_purchased":["Runic Capacitor","FTL","Heatsinks+1","BlessingOfTheForge","Echo Form+1","Turbo","Heatsinks+1","Go for the Eyes","Ball Lightning"],"campfire_rested":3,"item_purchase_floors":[12,12,12,12,19,19,30,30,30],"current_hp_per_floor":[62,53,41,41,40,33,33,23,23,23,23,23,23,23,43,43,68,64,64,56,39,39,39,24,24,24,44,44,44,44,19,39,0,0],"gold":92,"neow_bonus":"ONE_RARE_RELIC","is_daily":false,"chose_seed":false,"campfire_upgraded":1,"win_rate":0.0,"timestamp":1608694901,"path_taken":["M","M","?","?","?","E","R","E","T","?","M","$","R","M","R","BOSS","M","$","M","M","?","R","E","R","T","R","?","?","?","E","R","BOSS"],"items_purchased_type":["Relic","Card","Card","Potion","Card","Card","Card","Card","Card"],"build_version":"2020-12-13","purchased_purges":1,"victory":false,"max_hp_per_floor":[68,68,68,68,68,68,68,68,68,68,68,68,68,68,68,68,68,68,68,68,68,68,68,68,68,68,68,68,68,68,68,68,68,68],"relic_stats":{"Blood Vial":2,"SsserpentHead":300,"counters":[15,61],"Shuriken":[16],"Astrolabe":["Darkness","Stack","Core Surge"],"Dead Branch":[7],"Tiny Chest":0,"Juzu Bracelet":0,"Question Card":8,"obtain_stats":[{"Girya":0,"Astrolabe":17,"Dead Branch":24,"Oddly Smooth Stone":6,"Runic Capacitor":12,"Juzu Bracelet":26,"Frozen Egg 2":9,"Question Card":8,"Blood Vial":31,"SsserpentHead":4,"Shuriken":10,"Tiny Chest":22,"Cracked Core":0},{"Girya":0,"Astrolabe":9,"Dead Branch":13,"Oddly Smooth Stone":5,"Runic Capacitor":7,"Juzu Bracelet":13,"Frozen Egg 2":6,"Question Card":6,"Blood Vial":14,"SsserpentHead":3,"Shuriken":6,"Tiny Chest":12,"Cracked Core":0},{"Girya":0,"Astrolabe":35,"Dead Branch":52,"Oddly Smooth Stone":20,"Runic Capacitor":26,"Juzu Bracelet":52,"Frozen Egg 2":23,"Question Card":23,"Blood Vial":55,"SsserpentHead":10,"Shuriken":23,"Tiny Chest":47,"Cracked Core":0}]},"card_choices":[{"not_picked":["Force Field","Leap"],"picked":"Fusion","floor":1},{"not_picked":["Sweeping Beam","Redo"],"picked":"Ball Lightning","floor":2},{"not_picked":["Redo","Fusion"],"picked":"Cold Snap","floor":3},{"not_picked":["Go for the Eyes","Turbo"],"picked":"Coolheaded","floor":5},{"not_picked":["Turbo","Seek"],"picked":"Sweeping Beam","floor":6},{"not_picked":["Gash","Lockon"],"picked":"Ball Lightning","floor":8},{"not_picked":["Streamline","Beam Cell","Skim"],"picked":"Ball Lightning","floor":11},{"not_picked":["Self Repair+1","Lockon","Stack"],"picked":"Biased Cognition+1","floor":14},{"not_picked":["Biased Cognition+1","Hyperbeam","Core Surge"],"picked":"All For One","floor":16},{"not_picked":["Conserve Battery","Streamline+1","Darkness"],"picked":"Gash","floor":18},{"not_picked":["Steam","Capacitor+1","Hologram"],"picked":"Coolheaded+1","floor":20},{"not_picked":["Turbo","Compile Driver","Lockon"],"picked":"Double Energy+1","floor":21},{"not_picked":["Compile Driver","Hologram","Rainbow"],"picked":"Fission","floor":24},{"not_picked":["Melter","Consume","Stack"],"picked":"FTL","floor":31}],"player_experience":533921,"relics_obtained":[{"floor":6,"key":"Oddly Smooth Stone"},{"floor":8,"key":"Question Card"},{"floor":9,"key":"Frozen Egg 2"},{"floor":24,"key":"Dead Branch"},{"floor":26,"key":"Juzu Bracelet"},{"floor":31,"key":"Blood Vial"}],"event_choices":[{"damage_healed":0,"gold_gain":0,"player_choice":"Trade","damage_taken":0,"relics_obtained":["SsserpentHead"],"max_hp_gain":0,"max_hp_loss":0,"event_name":"FaceTrader","floor":4,"gold_loss":0},{"damage_healed":0,"gold_gain":30,"player_choice":"Searched \u00272\u0027 times","damage_taken":0,"relics_obtained":["Shuriken"],"max_hp_gain":0,"max_hp_loss":0,"event_name":"Dead Adventurer","floor":10,"gold_loss":0},{"damage_healed":0,"gold_gain":0,"player_choice":"Opened","damage_taken":0,"relics_obtained":["Tiny Chest"],"max_hp_gain":0,"max_hp_loss":0,"event_name":"The Mausoleum","floor":22,"gold_loss":0,"cards_obtained":["Writhe"]},{"damage_healed":0,"gold_gain":0,"player_choice":"Ignored","damage_taken":0,"max_hp_gain":0,"max_hp_loss":0,"event_name":"Ghosts","floor":28,"gold_loss":0},{"damage_healed":0,"gold_gain":0,"player_choice":"Read","damage_taken":0,"max_hp_gain":0,"max_hp_loss":0,"event_name":"The Library","floor":29,"gold_loss":0,"cards_obtained":["Steam Power"]}],"is_beta":false,"boss_relics":[{"not_picked":["Runic Dome","SacredBark"],"picked":"Astrolabe"}],"items_purged_floors":[30],"is_endless":false,"potions_floor_spawned":[1,2,3,11,14,20,21],"killed_by":"Automaton","ascension_level":3}}