{"host":"jpyc2kczef5p02oc","time":1608717509,"event":{"mods":["ATMod(阿瑾Mod)","BaseMod","Friendly Minions","Hubris","Marisa（F雨　魔理沙）","Minty Spire (QoL Compilation)","StSLib","Td1madao Mod","The Servant 0.9.4","【功能Mod】聪明的最终Boss"],"gold_per_floor":[113,129,142,142,142,181,181,216,216,216,231,231,274,274,274,274,274],"floor_reached":16,"playtime":517,"items_purged":[],"score":319,"play_id":"47a136d0-161e-48ea-a37c-24f230bca0aa","local_time":"20201223175829","is_ascension_mode":true,"campfire_choices":[{"floor":7.0,"key":"REST"},{"data":"AT_OneInchPunch","floor":12.0,"key":"SMITH"},{"data":"AT_IchimonjiDouble","floor":15.0,"key":"SMITH"}],"circlet_count":0,"master_deck":["AscendersBane","Strike_R","Strike_R","Strike_R","Strike_R","Defend_R","Defend_R","Defend_R","Defend_R","Bash","AT_OneInchPunch+1","Pummel","Dark Embrace","AT_IchimonjiDouble+1"],"relics":["Burning Blood","AT_ATBox","NeowsBlessing","Golden Idol","Bag of Marbles","hubris:TenFootPole","Strawberry","White Beast Statue","CultistMask","hubris:CuriousFeather"],"acts_visited":["Exordium"],"potions_floor_usage":[16,16],"damage_taken":[{"damage":0.0,"enemies":"Jaw Worm","floor":1.0,"turns":1.0},{"damage":0.0,"enemies":"2 Louse","floor":2.0,"turns":1.0},{"damage":0.0,"enemies":"Small Slimes","floor":3.0,"turns":2.0},{"damage":16.0,"enemies":"3 Sentries","floor":6.0,"turns":4.0},{"damage":8.0,"enemies":"Gremlin Nob","floor":8.0,"turns":3.0},{"damage":1.0,"enemies":"Exordium Thugs","floor":11.0,"turns":3.0},{"damage":20.0,"enemies":"3 Sentries","floor":13.0,"turns":5.0}],"seed_played":"-2450723552028928860","potions_obtained":[{"floor":1.0,"key":"PowerPotion"},{"floor":2.0,"key":"AttackPotion"},{"floor":6.0,"key":"GamblersBrew"},{"floor":11.0,"key":"Energy Potion"},{"floor":13.0,"key":"EssenceOfSteel"}],"is_trial":false,"path_per_floor":["M","M","M","?","?","E","R","E","T","?","M","R","E","?","R","B"],"character_chosen":"IRONCLAD","items_purchased":[],"campfire_rested":1,"item_purchase_floors":[],"current_hp_per_floor":[74,75,75,49,31,21,43,48,48,48,53,53,39,36,36,0,0],"gold":274,"neow_bonus":"THREE_ENEMY_KILL","is_daily":false,"chose_seed":false,"campfire_upgraded":2,"win_rate":0.0,"timestamp":1608717509,"path_taken":["M","M","M","?","?","E","R","E","T","?","?","R","E","?","R","BOSS"],"items_purchased_type":[],"build_version":"2020-12-22","purchased_purges":0,"victory":false,"max_hp_per_floor":[75,75,75,75,75,75,75,82,82,82,82,82,82,82,82,82,82],"card_choices":[{"not_picked":["Sentinel","Intimidate"],"picked":"Pummel","floor":1.0},{"not_picked":["Carnage","AT_BodySlamDance"],"picked":"Dark Embrace","floor":2.0},{"not_picked":["Flex","Heavy Blade"],"picked":"AT_IchimonjiDouble","floor":3.0},{"not_picked":["AT_ManFootWork","Flex","Spot Weakness"],"picked":"SKIP","floor":6.0},{"not_picked":["Bloodletting","Fire Breathing","Flex"],"picked":"SKIP","floor":8.0},{"not_picked":["Clash","Feel No Pain","Flex"],"picked":"SKIP","floor":11.0},{"not_picked":["Flame Barrier","Seeing Red","Pummel"],"picked":"SKIP","floor":13.0}],"player_experience":261371,"relics_obtained":[{"floor":6.0,"key":"hubris:TenFootPole"},{"floor":8.0,"key":"Strawberry"},{"floor":9.0,"key":"White Beast Statue"},{"floor":13.0,"key":"hubris:CuriousFeather"}],"event_choices":[{"damage_healed":0.0,"max_hp_gain":0.0,"max_hp_loss":0.0,"gold_gain":0.0,"event_name":"Golden Idol","player_choice":"Take Damage","floor":4.0,"gold_loss":0.0,"damage_taken":26.0,"relics_obtained":["Golden Idol"]},{"damage_healed":0.0,"max_hp_gain":0.0,"max_hp_loss":0.0,"gold_gain":0.0,"event_name":"Scrap Ooze","player_choice":"Success","floor":5.0,"gold_loss":0.0,"damage_taken":18.0,"relics_obtained":["Bag of Marbles"]},{"damage_healed":0.0,"max_hp_gain":0.0,"max_hp_loss":0.0,"gold_gain":0.0,"event_name":"FaceTrader","player_choice":"Trade","floor":10.0,"gold_loss":0.0,"damage_taken":0.0,"relics_obtained":["CultistMask"]},{"cards_removed":["Strike_R"],"damage_healed":0.0,"max_hp_gain":0.0,"max_hp_loss":0.0,"gold_gain":0.0,"event_name":"Golden Wing","player_choice":"Card Removal","floor":14.0,"gold_loss":0.0,"damage_taken":7.0}],"is_beta":false,"boss_relics":[],"items_purged_floors":[],"is_endless":false,"potions_floor_spawned":[1,2,6,11,13],"killed_by":"The Guardian","ascension_level":18}}