{"host":"bq4pt811tk9yrmjl","time":1608724071,"event":{"mods":["AchievementEnabler","BaseMod","Colored Map","Colored Powertips","Defuse TimeMaze Blight","Minty Spire (QoL Compilation)","StSLib","SuperFastMode","UnlockEverythingMod"],"gold_per_floor":[116,127,12,187,187,187,218,218,244,275,43,43,62,62,62,160,160,178,93,93,93,93,121,121,140,140,159,159,193,209,109,109,109,109],"floor_reached":33,"playtime":529,"items_purged":["Doubt","Writhe"],"score":330,"play_id":"27160396-164d-41dd-b7a3-f119a948fabe","local_time":"20201223094751","is_ascension_mode":true,"campfire_choices":[{"data":"Infinite Blades","floor":6,"key":"SMITH"},{"data":"Noxious Fumes","floor":8,"key":"SMITH"},{"floor":12,"key":"REST"},{"data":"Neutralize","floor":15,"key":"SMITH"},{"floor":24,"key":"RECALL"},{"floor":28,"key":"REST"},{"floor":32,"key":"REST"}],"circlet_count":0,"master_deck":["Strike_G","Strike_G","Strike_G","Strike_G","Strike_G","Defend_G","Defend_G","Defend_G","Defend_G","Defend_G","Survivor","Neutralize+1","Backstab","Slice","Infinite Blades+1","Escape Plan","Noxious Fumes+1","Noxious Fumes+1","Corpse Explosion","Dash","Blade Dance"],"relics":["Ring of the Snake","NeowsBlessing","Happy Flower","Darkstone Periapt","Meat on the Bone","DollysMirror","Bag of Marbles","Sozu","Art of War","StrikeDummy","Lantern","Vajra","Tough Bandages"],"acts_visited":["Exordium","TheCity"],"potions_floor_usage":[25],"damage_taken":[{"damage":0,"enemies":"Cultist","floor":1,"turns":1},{"damage":0,"enemies":"Jaw Worm","floor":2,"turns":1},{"damage":0,"enemies":"3 Sentries","floor":7,"turns":1},{"damage":27,"enemies":"Lagavulin","floor":10,"turns":7},{"damage":0,"enemies":"2 Louse","floor":13,"turns":2},{"damage":23,"enemies":"Slime Boss","floor":16,"turns":7},{"damage":13,"enemies":"Spheric Guardian","floor":18,"turns":5},{"damage":29,"enemies":"Slavers","floor":23,"turns":4},{"damage":10,"enemies":"2 Thieves","floor":25,"turns":3},{"damage":17,"enemies":"Snecko","floor":27,"turns":4},{"damage":35,"enemies":"Book of Stabbing","floor":29,"turns":6},{"damage":6,"enemies":"Shelled Parasite and Fungi","floor":30,"turns":3},{"damage":62,"enemies":"Collector","floor":33,"turns":8}],"seed_played":"388148953584415121","potions_obtained":[{"floor":1,"key":"SmokeBomb"},{"floor":2,"key":"Strength Potion"}],"is_trial":false,"path_per_floor":["M","M","$","?","?","R","E","R","T","E","$","R","M","T","R","B",null,"M","?","?","?","$","E","R","M","T","M","R","E","M","$","R","B"],"character_chosen":"THE_SILENT","items_purchased":["Infinite Blades","Escape Plan","DollysMirror"],"campfire_rested":3,"item_purchase_floors":[3,3,11],"current_hp_per_floor":[70,70,70,70,58,58,58,58,58,31,31,52,52,52,52,41,70,57,57,63,49,49,32,32,34,34,29,53,30,36,36,60,0,0],"gold":109,"neow_bonus":"THREE_ENEMY_KILL","is_daily":false,"chose_seed":false,"campfire_upgraded":3,"win_rate":0.0,"timestamp":1608724071,"path_taken":["M","M","?","?","?","R","E","R","T","E","$","R","M","?","R","BOSS","M","?","?","?","$","E","R","M","T","M","R","E","M","?","R","BOSS"],"items_purchased_type":["Card","Card","Relic"],"build_version":"2020-12-22","purchased_purges":2,"victory":false,"max_hp_per_floor":[70,70,70,70,70,70,70,70,70,70,70,70,70,70,70,70,70,70,70,76,81,81,81,81,81,81,81,81,81,81,81,81,81,81],"card_choices":[{"not_picked":["Endless Agony","Terror"],"picked":"Backstab","floor":1},{"not_picked":["Poisoned Stab","Masterful Stab"],"picked":"Slice","floor":2},{"not_picked":["A Thousand Cuts","Expertise"],"picked":"Noxious Fumes","floor":7},{"not_picked":["Bullet Time","Dagger Spray","Dodge and Roll"],"picked":"SKIP","floor":10},{"not_picked":["Underhanded Strike","Choke","Bane"],"picked":"SKIP","floor":13},{"not_picked":["Grand Finale","Phantasmal Killer"],"picked":"Corpse Explosion","floor":16},{"not_picked":["Deadly Poison","Backflip","Eviscerate"],"picked":"SKIP","floor":18},{"not_picked":["Dash","Malaise","Terror"],"picked":"SKIP","floor":23},{"not_picked":["PiercingWail","Acrobatics","Outmaneuver"],"picked":"SKIP","floor":25},{"not_picked":["Prepared","Infinite Blades"],"picked":"Dash","floor":27},{"not_picked":["Acrobatics","Venomology"],"picked":"Blade Dance","floor":29},{"not_picked":["Flying Knee","Quick Slash","Blur"],"picked":"SKIP","floor":30}],"player_experience":103306,"relics_obtained":[{"floor":7,"key":"Darkstone Periapt"},{"floor":10,"key":"Meat on the Bone"},{"floor":14,"key":"Bag of Marbles"},{"floor":23,"key":"Lantern"},{"floor":26,"key":"Vajra"},{"floor":29,"key":"Tough Bandages"}],"event_choices":[{"damage_healed":0,"gold_gain":175,"player_choice":"AGREE","damage_taken":0,"max_hp_gain":0,"max_hp_loss":0,"event_name":"Liars Game","floor":4,"gold_loss":0,"cards_obtained":["Doubt"]},{"damage_healed":0,"gold_gain":0,"player_choice":"Success","damage_taken":12,"relics_obtained":["Happy Flower"],"max_hp_gain":0,"max_hp_loss":0,"event_name":"Scrap Ooze","floor":5,"gold_loss":0},{"damage_healed":0,"gold_gain":0,"player_choice":"Obtained Relic","damage_taken":0,"relics_obtained":["Art of War"],"max_hp_gain":0,"max_hp_loss":0,"event_name":"Addict","floor":19,"gold_loss":85},{"damage_healed":0,"gold_gain":0,"player_choice":"Opened","damage_taken":0,"relics_obtained":["StrikeDummy"],"max_hp_gain":0,"max_hp_loss":0,"event_name":"The Mausoleum","floor":20,"gold_loss":0,"cards_obtained":["Writhe"]},{"damage_healed":0,"gold_gain":0,"player_choice":"Shed Blood","damage_taken":19,"max_hp_gain":5,"max_hp_loss":0,"event_name":"Forgotten Altar","floor":21,"gold_loss":0}],"is_beta":false,"boss_relics":[{"not_picked":["Ring of the Serpent","Ectoplasm"],"picked":"Sozu"}],"items_purged_floors":[11,31],"is_endless":false,"potions_floor_spawned":[1,2,23,25,29],"killed_by":"Collector","ascension_level":1}}