{"host":"qw1m3zcvi888b4j7","time":1608711446,"event":{"mods":["AchievementEnabler","Act Like it!","BaseMod","Block Reminder","Colored Map","Colored Powertips","Curses Come First","DeckTracker","Hermit","Highlight Path","Hubris","Minty Spire (QoL Compilation)","Quick Restart","Rare Cards Sparkle","Relic Sorter","Relic Stats","Replay The Spire","StSLib","SuperFastMode","The Blue Laboratory","The Cursed","The Servant 0.9.4","everything is the same but u backflip on backflip"],"gold_per_floor":[115,306,326,346,346,346,129,129,129,149,161,11,11,44,44,143,143,160,75,23,23,43,43,43,43,66,77,87,106,106,135,135,135,135],"floor_reached":33,"playtime":1120,"items_purged":["hubris:Despair"],"score":278,"play_id":"d2879fe3-1ab7-4cb4-b067-5bebed28fd33","local_time":"20201223091726","is_ascension_mode":true,"campfire_choices":[{"floor":6,"key":"RECALL"},{"data":"Inflame","floor":8,"key":"SMITH"},{"data":"ReplayTheSpireMod:Muscle Training","floor":13,"key":"SMITH"},{"floor":15,"key":"REST"},{"floor":23,"key":"REST"},{"data":"Armaments","floor":25,"key":"SMITH"},{"floor":30,"key":"REST"},{"floor":32,"key":"DIG"}],"circlet_count":0,"master_deck":["Strike_R+1","Strike_R","Strike_R+1","Strike_R","Strike_R","Defend_R","Defend_R","Defend_R","Defend_R","Bash","Regret","Metallicize","Inflame+1","Armaments+1","Pommel Strike","Flex","ReplayTheSpireMod:Muscle Training+1","Wild Strike","Juggernaut","Clash+1","Seeing Red+1","J.A.X.","Headbutt","Pummel+1","Thunderclap","Flame Barrier","Anger","Fire Breathing+1","Power Through"],"relics":["Burning Blood","hubris:Icosahedron","Ancient Tea Set","ReplayTheSpireMod:CursedCoin","Replay:Rubber Ducky","Pen Nib","hubris:64BitClover","ClockworkSouvenir","Paper Frog","Electric Blood","Dream Catcher","hubris:SlimyHat","Whetstone","Calipers"],"acts_visited":["Exordium","TheCity"],"potions_floor_usage":[16,16,18,22,28,31,31],"damage_taken":[{"damage":2,"enemies":"Small Slimes","floor":1,"turns":3},{"damage":6,"enemies":"Jaw Worm","floor":3,"turns":5},{"damage":4,"enemies":"Cultist","floor":4,"turns":4},{"damage":5,"enemies":"2 Fungi Beasts","floor":10,"turns":4},{"damage":21,"enemies":"Exordium Thugs","floor":11,"turns":5},{"damage":25,"enemies":"Lagavulin","floor":14,"turns":6},{"damage":27,"enemies":"The Guardian","floor":16,"turns":6},{"damage":13,"enemies":"Shell Parasite","floor":18,"turns":5},{"damage":11,"enemies":"2 Thieves","floor":22,"turns":4},{"damage":20,"enemies":"Centurion and Healer","floor":27,"turns":4},{"damage":9,"enemies":"Cultist and Chosen","floor":28,"turns":4},{"damage":23,"enemies":"Snecko","floor":29,"turns":4},{"damage":22,"enemies":"Gremlin Leader","floor":31,"turns":2},{"damage":57,"enemies":"Pondfish","floor":33,"turns":6}],"seed_played":"-3913142608691564384","potions_obtained":[{"floor":1,"key":"BlessingOfTheForge"},{"floor":10,"key":"blueLaboratory:BubblePotion"},{"floor":14,"key":"Strength Potion"},{"floor":18,"key":"blueLaboratory:ImpenetrablePotion"},{"floor":27,"key":"blueLaboratory:NullPotion"},{"floor":28,"key":"SneckoOil"},{"floor":29,"key":"AttackPotion"}],"is_trial":false,"path_per_floor":["M","?","M","M","?","R","$","R","T","M","M","$","R","E","R","B",null,"M","?","$","?","M","R","?","R","T","M","M","M","R","E","R_BF","B"],"character_chosen":"IRONCLAD","items_purchased":["ReplayTheSpireMod:CursedCoin","Replay:Rubber Ducky","Pen Nib","ClockworkSouvenir","Seeing Red+1"],"campfire_rested":3,"item_purchase_floors":[7,7,7,12,20],"current_hp_per_floor":[80,60,60,62,62,62,62,62,62,63,48,48,48,29,53,32,80,73,73,73,73,68,80,80,80,80,66,63,46,70,54,54,0,0],"gold":135,"neow_bonus":"RANDOM_EVENT","is_daily":false,"chose_seed":false,"campfire_upgraded":3,"win_rate":0.0,"timestamp":1608711446,"path_taken":["M","?","?","M","?","R","$","R","T","M","M","?","R","E","R","BOSS","M","?","$","?","M","R","?","R","T","M","M","M","R","E","R_BF","BOSS"],"items_purchased_type":["Relic","Relic","Relic","Relic","Card"],"build_version":"2020-12-13","purchased_purges":1,"victory":false,"max_hp_per_floor":[80,80,80,80,80,80,80,80,80,80,80,80,80,80,80,80,80,80,80,80,80,80,80,80,80,80,80,80,80,80,80,80,80,80],"relic_stats":{"Dream Catcher":2,"counters":[14,62],"Pen Nib":[9],"Whetstone":["Strike_R","Strike_R"],"obtain_stats":[{"Calipers":32,"ReplayTheSpireMod:CursedCoin":7,"hubris:64BitClover":9,"Pen Nib":7,"hubris:SlimyHat":28,"Whetstone":31,"Ancient Tea Set":0,"Burning Blood":0,"Replay:Rubber Ducky":7,"ClockworkSouvenir":12,"Dream Catcher":19,"hubris:Icosahedron":5,"Electric Blood":17,"Paper Frog":14},{"Calipers":13,"ReplayTheSpireMod:CursedCoin":3,"hubris:64BitClover":3,"Pen Nib":3,"hubris:SlimyHat":11,"Whetstone":13,"Ancient Tea Set":0,"Burning Blood":0,"Replay:Rubber Ducky":3,"ClockworkSouvenir":5,"Dream Catcher":8,"hubris:Icosahedron":3,"Electric Blood":7,"Paper Frog":6},{"Calipers":56,"ReplayTheSpireMod:CursedCoin":12,"hubris:64BitClover":12,"Pen Nib":12,"hubris:SlimyHat":50,"Whetstone":56,"Ancient Tea Set":0,"Burning Blood":0,"Replay:Rubber Ducky":12,"ClockworkSouvenir":21,"Dream Catcher":38,"hubris:Icosahedron":12,"Electric Blood":33,"Paper Frog":27}],"Burning Blood":74},"card_choices":[{"not_picked":["Run Through","Heavy Blade"],"picked":"Metallicize","floor":1},{"not_picked":["Sword Boomerang","Sentinel"],"picked":"Inflame","floor":2},{"not_picked":["Headbutt","Run Through"],"picked":"Armaments","floor":3},{"not_picked":["Headbutt","Run Through"],"picked":"Pommel Strike","floor":4},{"not_picked":["Ghostly Armor","Headbutt"],"picked":"Flex","floor":10},{"not_picked":["Massacre","Pommel Strike"],"picked":"ReplayTheSpireMod:Muscle Training","floor":11},{"not_picked":["Second Wind","Replay:Many Hands"],"picked":"Wild Strike","floor":14},{"not_picked":["Eclipse","Brutality"],"picked":"Juggernaut","floor":16},{"not_picked":["Run Through","Pommel Strike"],"picked":"Clash+1","floor":18},{"not_picked":["Clothesline","Intimidate"],"picked":"Headbutt","floor":22},{"not_picked":["Intimidate","Warcry+1"],"picked":"Pummel+1","floor":23},{"not_picked":["ReplayReversal+1","Armaments"],"picked":"Thunderclap","floor":27},{"not_picked":["Body Slam","Sword Boomerang"],"picked":"Flame Barrier","floor":28},{"not_picked":["Run Through","ReplayTheSpireMod:Strike From Hell"],"picked":"Anger","floor":29},{"not_picked":["Life Link","Armaments"],"picked":"Fire Breathing+1","floor":30},{"not_picked":["Entrench","Wild Strike"],"picked":"Power Through","floor":31}],"player_experience":126172,"relics_obtained":[{"floor":9,"key":"hubris:64BitClover"},{"floor":14,"key":"Paper Frog"},{"floor":28,"key":"hubris:SlimyHat"},{"floor":31,"key":"Whetstone"},{"floor":32,"key":"Calipers"}],"event_choices":[{"damage_healed":0,"gold_gain":0,"player_choice":"Box","damage_taken":0,"relics_obtained":["Ancient Tea Set"],"max_hp_gain":0,"max_hp_loss":0,"event_name":"Big Fish","floor":0,"gold_loss":0,"cards_obtained":["Regret"]},{"damage_healed":0,"gold_gain":0,"player_choice":"Obtained Relic","damage_taken":0,"relics_obtained":["Dream Catcher"],"max_hp_gain":0,"max_hp_loss":0,"event_name":"Addict","floor":19,"gold_loss":85},{"damage_healed":0,"gold_gain":0,"player_choice":"Obtain J.A.X.","damage_taken":0,"max_hp_gain":0,"max_hp_loss":0,"event_name":"Drug Dealer","floor":21,"gold_loss":0,"cards_obtained":["J.A.X."]},{"damage_healed":0,"gold_gain":0,"player_choice":"0 cards matched","damage_taken":0,"max_hp_gain":0,"max_hp_loss":0,"event_name":"Match and Keep!","floor":24,"gold_loss":0,"cards_obtained":[]}],"is_beta":false,"boss_relics":[{"not_picked":["hubris:Stopwatch","Fusion Hammer"],"picked":"Electric Blood"}],"items_purged_floors":[7],"is_endless":false,"potions_floor_spawned":[1,10,14,18,27,28,29],"killed_by":"Pondfish","ascension_level":1}}