{"host":"1g0zx6fxgd1m75qs","time":1608729132,"event":{"mods":["Act Like it!","BaseMod","GifTheSpireLib","Googly Eyes","Ironclad Rager","Menagerie","Minty Spire (QoL Compilation)","StSLib","The Jungle","The Marked"],"gold_per_floor":[18,32,49,49,63,90,101,101,125,141,40,40,315,328,328,432,432,452,463,474,474,488,488,488,499,499,519,519,519,533,533,533,631,681,701,701,701,701,718,718,718,718],"floor_reached":41,"playtime":1409,"items_purged":["Decay"],"score":397,"play_id":"281a0769-0521-4e54-8548-fcd57673caab","local_time":"20201223141212","is_ascension_mode":false,"campfire_choices":[{"data":"True Grit","floor":8.0,"key":"SMITH"},{"floor":15.0,"key":"RECALL"},{"data":"theJungle:PetSnecko","floor":23,"key":"SMITH"},{"floor":29,"key":"REST"},{"floor":32,"key":"REST"},{"floor":40,"key":"DIG"}],"circlet_count":0,"master_deck":["Twin Strike","Twin Strike","Twin Strike","Twin Strike","Twin Strike+1","Iron Wave","Iron Wave","Iron Wave+1","Iron Wave+1","Armaments","Shrug It Off","Thunderclap","Thunderclap","True Grit+1","Body Slam","Wild Strike","Demon Form","Armaments","Twin Strike","theJungle:PetSnecko+1","Flame Barrier","Twin Strike","Writhe","Body Slam+1","Reaper","Iron Wave+1","Shrug It Off","Purity","Writhe","Thunderclap"],"relics":["Burning Blood","Strawberry","Vajra","PreservedInsect","Empty Cage","Shovel","theJungle:BirthdayCakeSlice","Tiny House","Question Card","Smiling Mask"],"acts_visited":["Exordium","Exordium","TheBeyond"],"potions_floor_usage":[19,20,22,25,33,39,41],"damage_taken":[{"damage":0.0,"enemies":"Small Slimes","floor":1.0,"turns":2.0},{"damage":3.0,"enemies":"Cultist","floor":2.0,"turns":3.0},{"damage":0.0,"enemies":"2 Louse","floor":3.0,"turns":3.0},{"damage":4.0,"enemies":"Exordium Thugs","floor":5.0,"turns":4.0},{"damage":24.0,"enemies":"3 Sentries","floor":6.0,"turns":6.0},{"damage":0.0,"enemies":"3 Louse","floor":7.0,"turns":2.0},{"damage":0.0,"enemies":"Exordium Wildlife","floor":10.0,"turns":3.0},{"damage":3.0,"enemies":"Exordium Thugs","floor":14.0,"turns":3.0},{"damage":29.0,"enemies":"Hexaghost","floor":16.0,"turns":9.0},{"damage":11,"enemies":"theJungle:GiantWrat","floor":18,"turns":5},{"damage":8,"enemies":"theJungle:MUSHROOMGANG","floor":19,"turns":4},{"damage":33,"enemies":"theJungle:Lyon","floor":20,"turns":4},{"damage":8,"enemies":"theJungle:2_Snecko_Cultists","floor":22,"turns":4},{"damage":19,"enemies":"Snake Plant","floor":25,"turns":3},{"damage":25,"enemies":"theJungle:2_Flameangoes","floor":27,"turns":7},{"damage":36,"enemies":"theJungle:Snecko_Cultist_And_Trap","floor":30,"turns":4},{"damage":12,"enemies":"theJungle:QueenSpyder","floor":33,"turns":9},{"damage":21,"enemies":"Orb Walker","floor":35,"turns":5},{"damage":43,"enemies":"3 Darklings","floor":39,"turns":8},{"damage":120,"enemies":"Giant Head","floor":41,"turns":8}],"seed_played":"-2900236812055570511","potions_obtained":[{"floor":3.0,"key":"FairyPotion"},{"floor":6.0,"key":"Fire Potion"},{"floor":7.0,"key":"Regen Potion"},{"floor":16.0,"key":"EssenceOfSteel"},{"floor":19,"key":"SpeedPotion"},{"floor":20,"key":"PowerPotion"},{"floor":22,"key":"Energy Potion"},{"floor":27,"key":"Fire Potion"},{"floor":33,"key":"FairyPotion"},{"floor":34,"key":"FearPotion"},{"floor":35,"key":"LiquidMemories"}],"is_trial":false,"path_per_floor":["M","M","M","?","M","E","M","R","T","M","$","?","?","M","R","B",null,"M","M","M","?","M","R","?","M","T","M","?","R","M","?","R","B",null,"M","?","?","T","M","R","E"],"character_chosen":"IRONCLAD","items_purchased":["Wild Strike"],"campfire_rested":2,"item_purchase_floors":[11],"current_hp_per_floor":[57,60,66,55,57,39,45,45,45,51,51,35,35,38,38,30,79,74,72,45,45,43,43,27,14,14,18,18,41,11,16,41,35,89,79,79,89,89,52,52,0,0],"gold":718,"neow_bonus":"IRONCLAD_BERSERKER","is_daily":false,"chose_seed":false,"campfire_upgraded":2,"win_rate":0.0,"timestamp":1608729132,"path_taken":["M","M","M","?","M","E","M","R","T","M","$","?","?","M","R","BOSS","M","?","M","?","M","R","?","M","T","M","?","R","M","?","R","BOSS","M","?","?","?","M","R","E"],"items_purchased_type":["Card"],"build_version":"2020-12-22","purchased_purges":1,"victory":false,"max_hp_per_floor":[72,72,72,79,79,79,79,79,79,79,79,79,79,79,79,79,79,79,79,79,79,79,79,79,79,79,79,79,79,79,84,84,84,89,89,89,89,89,89,89,89,89],"card_choices":[{"not_picked":["Twin Strike","Rage"],"picked":"Armaments","floor":1.0},{"not_picked":["Wild Strike","Carnage"],"picked":"Shrug It Off","floor":2.0},{"not_picked":["Clothesline","Havoc"],"picked":"Thunderclap","floor":3.0},{"not_picked":["Anger","Shrug It Off"],"picked":"Thunderclap","floor":5.0},{"not_picked":["Dark Embrace","Rampage"],"picked":"True Grit","floor":6.0},{"not_picked":["Wild Strike","Hemokinesis","Perfected Strike"],"picked":"SKIP","floor":7.0},{"not_picked":["Clothesline","Headbutt"],"picked":"Body Slam","floor":10.0},{"not_picked":["Rampage","Flex","Bloodletting"],"picked":"SKIP","floor":14.0},{"not_picked":["Corruption","Exhume"],"picked":"Demon Form","floor":16.0},{"not_picked":["Whirlwind","Blood for Blood+1","Battle Trance"],"picked":"SKIP","floor":18},{"not_picked":["Havoc","Body Slam"],"picked":"Armaments","floor":19},{"not_picked":["Shrug It Off","Blood for Blood+1"],"picked":"Twin Strike","floor":20},{"not_picked":["Combust","Clash+1"],"picked":"Flame Barrier","floor":22},{"not_picked":["Headbutt","Pummel","Cleave"],"picked":"SKIP","floor":25},{"not_picked":["True Grit+1","Sword Boomerang"],"picked":"Twin Strike","floor":27},{"not_picked":["True Grit","Disarm"],"picked":"Body Slam+1","floor":30},{"not_picked":["Barricade","Demon Form"],"picked":"Reaper","floor":33},{"not_picked":["Heavy Blade","Shrug It Off"],"picked":"Iron Wave+1","floor":34},{"not_picked":["Anger+1","Heavy Blade+1"],"picked":"Shrug It Off","floor":35},{"not_picked":["Sadistic Nature","Thinking Ahead"],"picked":"Purity","floor":36},{"not_picked":["Sword Boomerang","Cleave+1","Twin Strike"],"picked":"Thunderclap","floor":39}],"player_experience":389271,"relics_obtained":[{"floor":6.0,"key":"Vajra"},{"floor":9.0,"key":"PreservedInsect"},{"floor":38,"key":"Question Card"},{"floor":40,"key":"Smiling Mask"}],"event_choices":[{"damage_healed":0.0,"max_hp_gain":0.0,"max_hp_loss":0.0,"gold_gain":0.0,"event_name":"Scrap Ooze","player_choice":"Success","floor":4.0,"gold_loss":0.0,"damage_taken":18.0,"relics_obtained":["Strawberry"]},{"damage_healed":0.0,"max_hp_gain":0.0,"max_hp_loss":0.0,"gold_gain":0.0,"event_name":"Shining Light","player_choice":"Entered Light","floor":12.0,"gold_loss":0.0,"damage_taken":16.0,"cards_upgraded":["Twin Strike","Iron Wave"]},{"damage_healed":0.0,"max_hp_gain":0.0,"max_hp_loss":0.0,"gold_gain":275.0,"event_name":"Golden Shrine","player_choice":"Desecrate","floor":13.0,"gold_loss":0.0,"damage_taken":0.0,"cards_obtained":["Regret"]},{"damage_healed":0,"gold_gain":0,"player_choice":"Memory 1","damage_taken":0,"max_hp_gain":0,"max_hp_loss":0,"event_name":"SensoryStone","floor":36,"gold_loss":0},{"damage_healed":22,"gold_gain":0,"player_choice":"Writhe","damage_taken":0,"max_hp_gain":0,"max_hp_loss":0,"event_name":"Winding Halls","floor":37,"gold_loss":0,"cards_obtained":["Writhe"]}],"is_beta":false,"boss_relics":[{"not_picked":["Runic Pyramid","SacredBark"],"picked":"Empty Cage"},{"not_picked":["Pandora\u0027s Box","Velvet Choker"],"picked":"Tiny House"}],"items_purged_floors":[11],"is_endless":false,"potions_floor_spawned":[3,6,7,16,19,20,22,27,33,35],"killed_by":"Giant Head","ascension_level":0}}