{"host":"nn0usk9aafse27ii","time":1608682422,"event":{"mods":["BaseMod","Colored Map","Highlight Path","Minty Spire (QoL Compilation)","Shop Mod","StSLib","The Disciple"],"gold_per_floor":[114,129,144,159,174,174,204,204,204,219,234,67,67,82,82,182,182,197,272,287,302,317,317,17,47,97,112,142,142,142,157,157,257,257,272,272,322,322,352,682,697,697,697,697,697],"floor_reached":44,"playtime":4268,"items_purged":["Strike_R"],"score":562,"play_id":"5c8eba3a-07e6-4321-af7c-0e21dc19b5a5","local_time":"20201222161342","daily_mods":["Allstar","Diverse","DeadlyEvents"],"is_ascension_mode":false,"campfire_choices":[{"data":"Thinking Ahead","floor":6.0,"key":"SMITH"},{"data":"ForeignInfluence","floor":13,"key":"SMITH"},{"data":"Chrysalis","floor":15,"key":"SMITH"},{"data":"Armaments","floor":23,"key":"SMITH"},{"data":"The Bomb","floor":29,"key":"SMITH"},{"floor":32,"key":"REST"},{"data":"OracleForm","floor":42,"key":"SMITH"}],"circlet_count":0,"master_deck":["Strike_R","Defend_R","Defend_R","Defend_R","Defend_R","Bash","Chrysalis+1","Enlightenment","Good Instincts","The Bomb+1","Thinking Ahead+1","Caltrops","Conserve Battery","Caltrops","Deflect","ForeignInfluence+1","FTL","Swivel","Bandage Up","Skim","All For One","Conclude","Armaments+1","Evaluate+1","ForeignInfluence+1","Parasite","Turbo+1","Beam Cell","Endless Agony","OracleForm+1","Finesse","Echoward","Dash","Doubt"],"relics":["Burning Blood","Pocketwatch","Ginger","Letter Opener","Cursed Key","DollysMirror","Bronze Scales","Strawberry","Ancient Tea Set","Centennial Puzzle","Empty Cage","Bird Faced Urn","Art of War","Old Coin","Sundial"],"acts_visited":["Exordium","TheCity","TheBeyond"],"potions_floor_usage":[16,16,16,27,39,40],"damage_taken":[{"damage":1.0,"enemies":"Jaw Worm","floor":1.0,"turns":4.0},{"damage":9.0,"enemies":"2 Louse","floor":2.0,"turns":4.0},{"damage":1.0,"enemies":"Cultist","floor":3.0,"turns":4.0},{"damage":12.0,"enemies":"2 Fungi Beasts","floor":4.0,"turns":4.0},{"damage":5.0,"enemies":"3 Louse","floor":5.0,"turns":3.0},{"damage":11.0,"enemies":"Lagavulin","floor":7.0,"turns":9.0},{"damage":3.0,"enemies":"Looter","floor":10.0,"turns":4.0},{"damage":0.0,"enemies":"2 Fungi Beasts","floor":11.0,"turns":2.0},{"damage":11,"enemies":"Exordium Thugs","floor":14,"turns":5},{"damage":10,"enemies":"Slime Boss","floor":16,"turns":7},{"damage":18,"enemies":"2 Thieves","floor":18,"turns":4},{"damage":13,"enemies":"Shell Parasite","floor":20,"turns":3},{"damage":21,"enemies":"Snake Plant","floor":21,"turns":4},{"damage":3,"enemies":"Chosen and Byrds","floor":22,"turns":5},{"damage":36,"enemies":"Book of Stabbing","floor":25,"turns":5},{"damage":5,"enemies":"Centurion and Healer","floor":27,"turns":6},{"damage":19,"enemies":"Slavers","floor":28,"turns":3},{"damage":12,"enemies":"Snake Plant","floor":31,"turns":2},{"damage":28,"enemies":"Automaton","floor":33,"turns":8},{"damage":30,"enemies":"3 Darklings","floor":35,"turns":3},{"damage":16,"enemies":"Mind Bloom Boss Battle","floor":37,"turns":6},{"damage":22,"enemies":"Reptomancer","floor":39,"turns":5},{"damage":56,"enemies":"Nemesis","floor":40,"turns":5},{"damage":8,"enemies":"Orb Walker","floor":41,"turns":3},{"damage":54,"enemies":"Transient","floor":44,"turns":5}],"seed_played":"-7682526130134428503","potions_obtained":[{"floor":4.0,"key":"AttackPotion"},{"floor":5.0,"key":"Fire Potion"},{"floor":10.0,"key":"Fire Potion"},{"floor":11,"key":"BlessingOfTheForge"},{"floor":14,"key":"Weak Potion"},{"floor":25,"key":"Block Potion"},{"floor":27,"key":"SteroidPotion"},{"floor":31,"key":"SkillPotion"},{"floor":33,"key":"SkillPotion"},{"floor":37,"key":"BloodPotion"}],"is_trial":false,"path_per_floor":["M","M","M","M","M","R","E","?","T","M","M","$","R","M","R","B",null,"M","?","M","M","M","R","$","E","T","M","E","R","?","M","R","B",null,"M","?","?","?","E","E","M","R","T","M"],"character_chosen":"IRONCLAD","items_purchased":["Bandage Up","DollysMirror","Bronze Scales"],"campfire_rested":1,"item_purchase_floors":[12,24,24],"current_hp_per_floor":[80,77,80,74,75,75,70,63,63,66,72,72,72,71,71,71,80,72,64,61,46,53,53,53,34,34,39,30,30,30,28,54,36,87,67,67,61,61,55,32,38,38,38,0,0],"gold":697,"neow_bonus":"","is_daily":true,"chose_seed":false,"campfire_upgraded":6,"win_rate":0.0,"timestamp":1608682422,"path_taken":["M","M","M","M","M","R","E","?","T","M","M","$","R","M","R","BOSS","M","?","M","M","M","R","$","?","T","M","E","R","?","M","R","BOSS","M","?","?","?","?","E","M","R","T","M"],"items_purchased_type":["Card","Relic","Relic"],"build_version":"2020-12-13","purchased_purges":1,"victory":false,"max_hp_per_floor":[80,80,80,80,80,80,80,80,80,80,80,80,80,80,80,80,80,80,80,80,80,80,80,80,87,87,87,87,87,87,87,87,87,87,87,87,87,87,87,87,87,87,87,87,87],"card_choices":[{"not_picked":["Bane","Whirlwind"],"picked":"Caltrops","floor":1.0},{"not_picked":["ClearTheMind","WindUp"],"picked":"Conserve Battery","floor":2.0},{"not_picked":["Fission","Heavy Blade","Quick Slash"],"picked":"SKIP","floor":3.0},{"not_picked":["Shockwave","Pummel"],"picked":"Caltrops","floor":4.0},{"not_picked":["HandsUpC","True Grit"],"picked":"Deflect","floor":5.0},{"not_picked":["Dodge and Roll","Doom and Gloom"],"picked":"ForeignInfluence","floor":7.0},{"not_picked":["Barrage","Warcry"],"picked":"FTL","floor":10.0},{"not_picked":["Crescendo","Wild Strike"],"picked":"Swivel","floor":11},{"not_picked":["Exhume","FollowUp"],"picked":"Skim","floor":14},{"not_picked":["Fragmentalize","MasterKey"],"picked":"All For One","floor":16},{"not_picked":["Clothesline","Hello World"],"picked":"Conclude","floor":18},{"not_picked":["Body Slam","Perfected Strike","Flex"],"picked":"SKIP","floor":20},{"not_picked":["Beam Cell","Recurrance+1"],"picked":"Armaments","floor":21},{"not_picked":["Wraith Form v2","Caltrops"],"picked":"Evaluate+1","floor":22},{"not_picked":["Skewer","Worship","Quick Slash+1"],"picked":"SKIP","floor":25},{"not_picked":["True Grit","Doom and Gloom"],"picked":"Turbo+1","floor":27},{"not_picked":["PiercingWail","Prepared"],"picked":"Beam Cell","floor":28},{"not_picked":["Accuracy","EmptyBody"],"picked":"Endless Agony","floor":31},{"not_picked":["A Thousand Cuts","Storm of Steel"],"picked":"OracleForm","floor":33},{"not_picked":["LockedScales+1","BowlingBash+1","Skewer"],"picked":"SKIP","floor":35},{"not_picked":["Mind Blast","Metamorphosis"],"picked":"Finesse","floor":36},{"not_picked":["Cuckoo+1","Anger+1"],"picked":"Echoward","floor":37},{"not_picked":["FlurryOfBlows+1","Redo+1","ThirdEye"],"picked":"SKIP","floor":39},{"not_picked":["Flex+1","Compile Driver+1"],"picked":"Dash","floor":40},{"not_picked":["Entrench","SashWhip","Auto Shields"],"picked":"SKIP","floor":41}],"player_experience":352561,"relics_obtained":[{"floor":7.0,"key":"Pocketwatch"},{"floor":9.0,"key":"Letter Opener"},{"floor":25,"key":"Strawberry"},{"floor":26,"key":"Ancient Tea Set"},{"floor":28,"key":"Centennial Puzzle"},{"floor":37,"key":"Bird Faced Urn"},{"floor":39,"key":"Art of War"},{"floor":40,"key":"Old Coin"},{"floor":43,"key":"Sundial"}],"event_choices":[{"damage_healed":0.0,"max_hp_gain":0.0,"max_hp_loss":0.0,"gold_gain":0.0,"event_name":"Scrap Ooze","player_choice":"Success","floor":8.0,"gold_loss":0.0,"damage_taken":7.0,"relics_obtained":["Ginger"]},{"damage_healed":0,"gold_gain":75,"player_choice":"Touch","damage_taken":8,"max_hp_gain":0,"max_hp_loss":0,"event_name":"FaceTrader","floor":19,"gold_loss":0},{"damage_healed":0,"gold_gain":0,"player_choice":"Ignored","damage_taken":0,"max_hp_gain":0,"max_hp_loss":0,"event_name":"Ghosts","floor":30,"gold_loss":0},{"damage_healed":0,"gold_gain":0,"player_choice":"Memory 1","damage_taken":0,"max_hp_gain":0,"max_hp_loss":0,"event_name":"SensoryStone","floor":36,"gold_loss":0},{"damage_healed":0,"gold_gain":0,"player_choice":"Fight","damage_taken":0,"max_hp_gain":0,"max_hp_loss":0,"event_name":"MindBloom","floor":37,"gold_loss":0},{"cards_removed":["Strike_R"],"damage_healed":0,"gold_gain":0,"player_choice":"Removed Attack","damage_taken":0,"max_hp_gain":0,"max_hp_loss":0,"event_name":"Falling","floor":38,"gold_loss":0}],"is_beta":false,"boss_relics":[{"not_picked":["Black Star","Black Blood"],"picked":"Cursed Key"},{"not_picked":["Snecko Eye","Fusion Hammer"],"picked":"Empty Cage"}],"items_purged_floors":[12],"is_endless":false,"potions_floor_spawned":[4,5,10,11,14,25,27,31,33,35,37],"killed_by":"Transient","ascension_level":0}}