{"host":"ywbsnexmk111etbw","time":1608699119,"event":{"mods":["Act Like it!","BaseMod","Downfall","Hubris","Infinite Spire","Marisa????????","Minty Spire (QoL Compilation)","Pale of the Ancients","Permanent Neow","Replay The Spire","StSLib","The Cursed","The Dragon Tamer","The Mystic","The Necromancer"],"gold_per_floor":[115,126,126,126,136,136,164,21,46,46,59,123,123,141,141,236,236,255,255,255,268,268,299,319,330,330,355,384,384,416,416,432,432,432],"floor_reached":33,"playtime":1386,"items_purged":[],"score":317,"play_id":"b6f98c8d-0299-4730-b102-a8f50d66c41f","local_time":"20201222235159","is_ascension_mode":false,"metric_token":979,"campfire_choices":[{"data":"DTMod:QuickFly","floor":6,"key":"SMITH"},{"floor":13,"key":"REST"},{"floor":15,"key":"REST"},{"floor":29,"key":"REST"},{"floor":32,"key":"REST"}],"dtmod_dragon_data":[26,50,1,-1,8,0],"circlet_count":0,"master_deck":["DTMod:Strike","DTMod:Strike","DTMod:Strike","DTMod:Strike","DTMod:DoubleHit","DTMod:TargetDefense","DTMod:TargetDefense","DTMod:TargetDefense","DTMod:TargetDefense","DTMod:SwitchingTactic","DTMod:QuickFly+1","DTMod:HeatWave","DTMod:MagiciansMark","DTMod:ForkedFire","DTMod:BuildUp","DTMod:QuickFly","DTMod:HeadStart","DTMod:StarRain","DTMod:ForkedFire","DTMod:Feint","DTMod:BalancedStrike","DTMod:SealedStrike","DTMod:FlameSlash","DTMod:ComboAttack","DTMod:Shift","DTMod:GhostSkin"],"relics":["DTMod:PactStone","NeowsBlessing","ReplayTheSpireMod:Ninjato","DTMod:SwitchButton","Simple Rune","Du-Vu Doll","infinitespire:PuzzleCube","SacredBark","Prayer Wheel","hubris:Teleporter","Replay:Bandana"],"acts_visited":["Exordium","TheCity"],"potions_floor_usage":[7,16,23,25,33],"damage_taken":[{"damage":0,"enemies":"Jaw Worm","floor":1,"turns":1},{"damage":0,"enemies":"Cultist","floor":2,"turns":1},{"damage":0,"enemies":"2 Louse","floor":5,"turns":1},{"damage":0,"enemies":"Lagavulin","floor":7,"turns":7},{"damage":0,"enemies":"Exordium Wildlife","floor":11,"turns":4},{"damage":0,"enemies":"Lagavulin Event","floor":12,"turns":7},{"damage":3,"enemies":"Blue Slaver","floor":14,"turns":2},{"damage":18,"enemies":"Slime Boss","floor":16,"turns":9},{"damage":15,"enemies":"Spheric Guardian","floor":18,"turns":4},{"damage":0,"enemies":"3 Byrds","floor":21,"turns":4},{"damage":0,"enemies":"Slavers","floor":23,"turns":2},{"damage":0,"enemies":"Centurion and Healer","floor":24,"turns":7},{"damage":0,"enemies":"Cultist and Chosen","floor":25,"turns":3},{"damage":0,"enemies":"Snake Plant","floor":28,"turns":3},{"damage":0,"enemies":"3 Cultists","floor":31,"turns":3},{"damage":59,"enemies":"Collector","floor":33,"turns":11}],"seed_played":"-6518161413669773021","potions_obtained":[{"floor":2,"key":"Energy Potion"},{"floor":12,"key":"AttackPotion"},{"floor":16,"key":"PowerPotion"},{"floor":24,"key":"Fire Potion"},{"floor":25,"key":"sneckomod:MuddlingPotion"},{"floor":28,"key":"Block Potion"}],"is_trial":false,"path_per_floor":["M","M","$","?","M","R","E","$","T","?","M","?","R","M","R","B",null,"M","?","$","M","?","E","M","M","T","T","M","R","M","R","B"],"character_chosen":"THE_DT","items_purchased":["DTMod:SwitchButton"],"campfire_rested":4,"item_purchase_floors":[8],"current_hp_per_floor":[45,45,45,45,45,45,45,45,45,33,33,33,45,42,45,27,45,30,30,30,30,24,24,24,24,24,24,24,39,39,50,0,0,0],"gold":432,"neow_bonus":"THREE_ENEMY_KILL","is_daily":false,"chose_seed":false,"campfire_upgraded":1,"win_rate":0.0,"timestamp":1608699119,"path_taken":["M","M","$","?","?","R","E","?","T","?","M","?","R","M","R","BOSS","M","?","$","M","?","E","M","M","T","?","?","R","M","R","BOSS"],"items_purchased_type":["Relic"],"build_version":"2020-12-13","purchased_purges":0,"victory":false,"max_hp_per_floor":[45,45,45,45,45,45,45,45,45,45,45,45,45,45,45,45,45,45,45,45,45,50,50,50,50,50,50,50,50,50,50,50,50,50],"card_choices":[{"not_picked":["DTMod:BreakAttack","DTMod:ComboAttack"],"picked":"DTMod:QuickFly","floor":1},{"not_picked":["DTMod:MasterPlan","DTMod:Threaten"],"picked":"DTMod:HeatWave","floor":2},{"not_picked":["DTMod:BizarreTactic","DTMod:BlueScale"],"picked":"DTMod:MagiciansMark","floor":5},{"not_picked":["DTMod:Hide","DTMod:Multitask"],"picked":"DTMod:ForkedFire","floor":7},{"not_picked":["DTMod:DeepFocus","DTMod:BurningEnergy","DTMod:Adaptation"],"picked":"SKIP","floor":11},{"not_picked":["DTMod:InvisibleFlame","DTMod:Hide"],"picked":"DTMod:BuildUp","floor":12},{"not_picked":["DTMod:Feint","DTMod:RecklessFlurry"],"picked":"DTMod:QuickFly","floor":14},{"not_picked":["DTMod:StunTrap","DTMod:Multitask"],"picked":"DTMod:HeadStart","floor":16},{"not_picked":["DTMod:Weaken","DTMod:Cover","DTMod:SneakAttack"],"picked":"SKIP","floor":18},{"not_picked":["DTMod:CleansingStrike","DTMod:Punisher"],"picked":"DTMod:StarRain","floor":21},{"not_picked":["DTMod:Punisher+1","DTMod:Observe+1"],"picked":"DTMod:ForkedFire","floor":23},{"not_picked":["DTMod:BlueScale","DTMod:Training"],"picked":"DTMod:Feint","floor":24},{"not_picked":["DTMod:Overwhelm","DTMod:Punisher","DTMod:LowKick"],"picked":"SKIP","floor":24},{"not_picked":["DTMod:ShieldDrain","DTMod:Hide+1"],"picked":"DTMod:BalancedStrike","floor":25},{"not_picked":["DTMod:Feint","DTMod:BuildUp"],"picked":"DTMod:SealedStrike","floor":25},{"not_picked":["DTMod:BreakAttack","DTMod:HeatWave"],"picked":"DTMod:FlameSlash","floor":28},{"not_picked":["DTMod:Weaken","DTMod:Training"],"picked":"DTMod:ComboAttack","floor":28},{"not_picked":["DTMod:Cover","DTMod:WarmUp+1"],"picked":"DTMod:Shift","floor":31},{"not_picked":["DTMod:Coolant","DTMod:Threaten"],"picked":"DTMod:GhostSkin","floor":31}],"player_experience":130115,"relics_obtained":[{"floor":7,"key":"ReplayTheSpireMod:Ninjato"},{"floor":9,"key":"Simple Rune"},{"floor":23,"key":"Prayer Wheel"},{"floor":26,"key":"hubris:Teleporter"},{"floor":27,"key":"Replay:Bandana"}],"event_choices":[{"cards_removed":["Slimebound:Strike_Slimebound"],"damage_healed":0,"gold_gain":0,"player_choice":"Took Card","damage_taken":0,"max_hp_gain":0,"max_hp_loss":0,"event_name":"NoteForYourself","floor":4,"gold_loss":0,"cards_obtained":["Slimebound:Strike_Slimebound"]},{"damage_healed":0,"gold_gain":0,"player_choice":"Success","damage_taken":12,"relics_obtained":["Du-Vu Doll"],"max_hp_gain":0,"max_hp_loss":0,"event_name":"Scrap Ooze","floor":10,"gold_loss":0},{"damage_healed":0,"gold_gain":0,"player_choice":"Searched \u00273\u0027 times","damage_taken":0,"relics_obtained":["infinitespire:PuzzleCube"],"max_hp_gain":0,"max_hp_loss":0,"event_name":"Dead Adventurer","floor":12,"gold_loss":0},{"damage_healed":0,"gold_gain":0,"player_choice":"Ignored","damage_taken":0,"max_hp_gain":0,"max_hp_loss":0,"event_name":"Beggar","floor":19,"gold_loss":0},{"damage_healed":0,"gold_gain":0,"player_choice":"Shed Blood","damage_taken":11,"max_hp_gain":5,"max_hp_loss":0,"event_name":"Forgotten Altar","floor":22,"gold_loss":0}],"is_beta":false,"boss_relics":[{"not_picked":["Runic Dome","Ring of Chaos"],"picked":"SacredBark"}],"items_purged_floors":[],"is_endless":false,"potions_floor_spawned":[2,12,16,24,25,28],"killed_by":"Collector","ascension_level":0}}