{"host":"a61r67bv2jut9r88","time":1608708701,"event":{"mods":["AchievementEnabler","BaseMod","Downfall","Minty Spire (QoL Compilation)","Replay The Spire","Shop Mod","StSLib","SuperFastMode"],"gold_per_floor":[109,34,52,52,227,227,127,427,427,427,427,427,302,302,302,405,405,419,62,0,0,0,0,20,20,20,20,20,20,98,98,98,201,201,214,64,64,64,64,64,78,78,78,78,128,128,128,128,128,28],"floor_reached":51,"playtime":826,"items_purged":["Strike_R","Doubt","Defend_R","Strike_R"],"score":742,"play_id":"6a9b2998-2241-4723-a78a-e3f0b79631ac","local_time":"20201223153141","daily_mods":["Vintage","Colorless Cards","Heirloom","Time Dilation","Flight","downfall:Lament"],"is_ascension_mode":false,"campfire_choices":[{"floor":6,"key":"DIG"},{"floor":8,"key":"DIG"},{"floor":10,"key":"DIG"},{"floor":11,"key":"DIG"},{"floor":12,"key":"DIG"},{"floor":15,"key":"DIG"},{"floor":23,"key":"REST"},{"floor":25,"key":"REST"},{"floor":29,"key":"DIG"},{"data":"Defend_R","floor":32,"key":"PURGE"},{"floor":40,"key":"REST"},{"floor":42,"key":"DIG"},{"floor":44,"key":"DIG"},{"floor":46,"key":"DIG"},{"floor":47,"key":"DIG"}],"circlet_count":0,"master_deck":["Strike_R+2","Defend_R+1","Crow Ritual+1","Crow Ritual+1","Thinking Ahead+1","Panache+1"],"relics":["Burning Blood","NeowsBlessing","Shovel","Counterbalance","Replay:PocketPolymizer","ReplayTheSpireMod:Ninjato","Old Coin","Golden Egg","Art of War","Simple Rune","Sundial","Singing Bowl","Ring of Chaos","Oddly Smooth Stone","Membership Card","Replay:Bottled Flurry","Replay:WaspNest","StrikeDummy","Mirror","Turnip","Shuriken","Empty Cage","Replay:Wax Seal","Whetstone","Replay:Bottled Eggs","Lizard Tail","ReplayTheSpireMod:Spearhead","The Courier","Charon\u0027s Ashes","Self Forming Clay","Gremlin Horn"],"acts_visited":["Exordium","TheCity","TheBeyond"],"potions_floor_usage":[18,33,50,50,50],"damage_taken":[{"damage":0,"enemies":"Cultist","floor":1,"turns":1},{"damage":0,"enemies":"Jaw Worm","floor":3,"turns":1},{"damage":0,"enemies":"The Guardian","floor":16,"turns":1},{"damage":27,"enemies":"3 Byrds","floor":18,"turns":7},{"damage":23,"enemies":"2 Thieves","floor":20,"turns":5},{"damage":18,"enemies":"3 Cultists","floor":24,"turns":3},{"damage":31,"enemies":"Automaton","floor":33,"turns":5},{"damage":37,"enemies":"Orb Walker","floor":35,"turns":4},{"damage":7,"enemies":"3 Shapes","floor":41,"turns":2},{"damage":18,"enemies":"Mind Bloom Boss Battle","floor":45,"turns":3},{"damage":33,"enemies":"Time Eater","floor":50,"turns":5}],"seed_played":"-2652801824032053339","potions_obtained":[{"floor":3,"key":"SpeedPotion"},{"floor":16,"key":"Slimebound:ThreeZeroPotion"},{"floor":24,"key":"Adrenaline Potion"},{"floor":45,"key":"LifebloodPotion"},{"floor":48,"key":"EntropicBrew"}],"is_trial":true,"path_per_floor":["M","$","M","$","?","R","$","R","T","R","R","R","$","?","R","B",null,"M","$","M","?","$","R","M","R","T","$","?","R","T","?","R","B",null,"M","$","?","$","?","R","M","R","T","R","?","R","R","?","R","B",null],"character_chosen":"IRONCLAD","items_purchased":["Membership Card","Crow Ritual","Replay:Bottled Flurry","Whetstone","Panache"],"campfire_rested":3,"item_purchase_floors":[19,19,19,36,36],"current_hp_per_floor":[80,80,80,80,80,80,80,80,80,80,80,80,80,80,80,80,80,59,59,42,42,42,66,54,78,78,78,78,78,78,78,78,53,80,49,49,49,49,49,71,70,70,70,70,60,60,60,60,78,51],"gold":28,"neow_bonus":"","is_daily":false,"chose_seed":false,"campfire_upgraded":0,"win_rate":0.0,"timestamp":1608708701,"path_taken":["M","$","M","?","?","R","$","R","T","R","R","R","$","?","R","BOSS","M","$","?","?","?","R","M","R","T","$","?","R","?","?","R","BOSS","M","$","?","$","?","R","?","R","T","R","?","R","R","?","R","BOSS"],"items_purchased_type":["Relic","Card","Relic","Relic","Card"],"build_version":"2020-12-22","purchased_purges":4,"victory":true,"max_hp_per_floor":[80,80,80,80,80,80,80,80,80,80,80,80,80,80,80,80,80,80,80,80,80,80,80,80,80,80,80,80,80,80,80,80,80,80,80,80,76,76,76,76,76,76,76,76,78,78,78,78,78,78],"card_choices":[{"not_picked":["Apotheosis","Reaper"],"picked":"Juggernaut","floor":16},{"not_picked":["Limit Break","Corruption"],"picked":"Thinking Ahead","floor":33},{"not_picked":["expansioncontent:YouAreMine+1","Replay:SS_hec_4+1","Warcry+1"],"picked":"Singing Bowl","floor":45}],"player_experience":414406,"relics_obtained":[{"floor":1,"key":"Counterbalance"},{"floor":3,"key":"Replay:PocketPolymizer"},{"floor":6,"key":"ReplayTheSpireMod:Ninjato"},{"floor":8,"key":"Old Coin"},{"floor":9,"key":"Golden Egg"},{"floor":10,"key":"Art of War"},{"floor":11,"key":"Simple Rune"},{"floor":12,"key":"Sundial"},{"floor":15,"key":"Singing Bowl"},{"floor":18,"key":"Oddly Smooth Stone"},{"floor":20,"key":"Replay:WaspNest"},{"floor":24,"key":"StrikeDummy"},{"floor":26,"key":"Mirror"},{"floor":29,"key":"Turnip"},{"floor":30,"key":"Shuriken"},{"floor":35,"key":"Replay:Wax Seal"},{"floor":41,"key":"Replay:Bottled Eggs"},{"floor":42,"key":"Lizard Tail"},{"floor":43,"key":"ReplayTheSpireMod:Spearhead"},{"floor":44,"key":"The Courier"},{"floor":45,"key":"Charon\u0027s Ashes"},{"floor":46,"key":"Self Forming Clay"},{"floor":47,"key":"Gremlin Horn"}],"event_choices":[{"damage_healed":0,"gold_gain":175,"player_choice":"AGREE","damage_taken":0,"max_hp_gain":0,"max_hp_loss":0,"event_name":"Liars Game","floor":5,"gold_loss":0,"cards_obtained":["Doubt"]},{"cards_removed":["Strike_R"],"damage_healed":0,"gold_gain":0,"player_choice":"Offered Basic","damage_taken":0,"max_hp_gain":0,"max_hp_loss":0,"event_name":"Bonfire Elementals","floor":14,"gold_loss":0},{"damage_healed":0,"gold_gain":0,"player_choice":"Copied","damage_taken":0,"max_hp_gain":0,"max_hp_loss":0,"event_name":"Duplicator","floor":21,"gold_loss":0,"cards_obtained":["Crow Ritual"]},{"cards_removed":["Strike_R"],"damage_healed":0,"gold_gain":0,"player_choice":"Elegance","damage_taken":0,"max_hp_gain":0,"max_hp_loss":0,"event_name":"Back to Basics","floor":31,"gold_loss":0},{"damage_healed":0,"gold_gain":0,"player_choice":"Max HP","damage_taken":0,"max_hp_gain":0,"max_hp_loss":4,"event_name":"Winding Halls","floor":37,"gold_loss":0},{"cards_removed":["Juggernaut"],"damage_healed":0,"gold_gain":0,"player_choice":"Purged","damage_taken":0,"max_hp_gain":0,"max_hp_loss":0,"event_name":"Purifier","floor":39,"gold_loss":0},{"damage_healed":0,"gold_gain":0,"player_choice":"Fight","damage_taken":0,"max_hp_gain":0,"max_hp_loss":0,"event_name":"MindBloom","floor":45,"gold_loss":0},{"damage_healed":0,"gold_gain":0,"player_choice":"Got Potions","damage_taken":0,"max_hp_gain":0,"max_hp_loss":0,"event_name":"Lab","floor":48,"gold_loss":0}],"is_beta":false,"boss_relics":[{"not_picked":["Replay:Wanted Poster","Fusion Hammer"],"picked":"Ring of Chaos"},{"not_picked":["Black Star","SacredBark"],"picked":"Empty Cage"}],"items_purged_floors":[2,7,13,36],"is_endless":false,"potions_floor_spawned":[3,16,24,45],"ascension_level":0}}