{"host":"hfxp6ue4pvwo3fit","time":1608682305,"event":{"mods":["AchievementEnabler","BaseMod","Colored Map","Colored Powertips","Highlight Path","Minty Spire (QoL Compilation)","StSLib","SuperFastMode"],"gold_per_floor":[118,118,133,58,58,89,89,109,109,109,128,128,147,222,222,317,317,330,330,376,326,344,344,344],"floor_reached":23,"playtime":592,"items_purged":["Strike_B"],"score":403,"play_id":"de50b41d-287f-4824-84a0-e05837b7ad05","local_time":"20201222181145","is_ascension_mode":true,"campfire_choices":[{"data":"Chaos","floor":7,"key":"SMITH"},{"floor":10,"key":"REST"},{"floor":15,"key":"REST"}],"circlet_count":0,"master_deck":["AscendersBane","Strike_B","Strike_B","Defend_B","Defend_B","Defend_B","Defend_B","Zap","Dualcast","Beam Cell","Chaos+1","Echo Form","Barrage","Conserve Battery","Loop","Machine Learning","Compile Driver+1","Ghostly","Ghostly","Ghostly","Ball Lightning"],"relics":["Cracked Core","NeowsBlessing","Juzu Bracelet","Odd Mushroom","Tiny Chest","Golden Idol","Philosopher\u0027s Stone","Smiling Mask"],"acts_visited":["Exordium","TheCity"],"potions_floor_usage":[13,16,18,23],"damage_taken":[{"damage":0,"enemies":"Cultist","floor":1,"turns":1},{"damage":0,"enemies":"Small Slimes","floor":3,"turns":1},{"damage":0,"enemies":"Gremlin Nob","floor":6,"turns":1},{"damage":31,"enemies":"The Mushroom Lair","floor":8,"turns":5},{"damage":3,"enemies":"2 Louse","floor":11,"turns":3},{"damage":7,"enemies":"2 Fungi Beasts","floor":13,"turns":2},{"damage":33,"enemies":"Slime Boss","floor":16,"turns":8},{"damage":31,"enemies":"3 Byrds","floor":18,"turns":4},{"damage":0,"enemies":"Spheric Guardian","floor":22,"turns":5},{"damage":18,"enemies":"Gremlin Leader","floor":23,"turns":6}],"seed_played":"4976433259278114334","potions_obtained":[{"floor":2,"key":"Energy Potion"},{"floor":2,"key":"Explosive Potion"},{"floor":3,"key":"SteroidPotion"},{"floor":11,"key":"LiquidMemories"},{"floor":16,"key":"Fire Potion"},{"floor":18,"key":"Weak Potion"}],"is_trial":false,"path_per_floor":["M","?","M","?","?","E","R","?","T","R","M","?","M","?","R","B",null,"M","?","T","$","M","E"],"character_chosen":"DEFECT","items_purchased":[],"campfire_rested":2,"item_purchase_floors":[],"current_hp_per_floor":[64,64,64,64,46,46,46,15,15,36,33,33,26,15,34,1,48,17,17,17,17,17,0,0],"gold":344,"neow_bonus":"THREE_ENEMY_KILL","is_daily":false,"chose_seed":false,"campfire_upgraded":1,"win_rate":0.0,"timestamp":1608682305,"path_taken":["M","?","?","?","?","E","R","?","T","R","M","?","M","?","R","BOSS","M","?","?","?","M","E"],"items_purchased_type":[],"build_version":"2020-12-13","purchased_purges":1,"victory":false,"max_hp_per_floor":[71,71,71,71,71,71,71,71,71,71,71,64,64,64,64,64,64,64,32,32,32,32,32,32],"card_choices":[{"not_picked":["Sweeping Beam","Consume"],"picked":"Beam Cell","floor":1},{"not_picked":["Blizzard","Melter"],"picked":"Chaos","floor":3},{"not_picked":["Cold Snap","Self Repair"],"picked":"Echo Form","floor":6},{"not_picked":["Streamline","Redo"],"picked":"Barrage","floor":8},{"not_picked":["Sweeping Beam","Static Discharge"],"picked":"Conserve Battery","floor":11},{"not_picked":["Compile Driver","FTL"],"picked":"Loop","floor":13},{"not_picked":["Thunder Strike","Core Surge"],"picked":"Machine Learning","floor":16},{"not_picked":["Steam","Turbo"],"picked":"Compile Driver+1","floor":18},{"not_picked":["Leap","Barrage"],"picked":"Ball Lightning","floor":22}],"player_experience":414033,"relics_obtained":[{"floor":8,"key":"Odd Mushroom"},{"floor":9,"key":"Tiny Chest"},{"floor":20,"key":"Smiling Mask"}],"event_choices":[{"damage_healed":0,"gold_gain":0,"player_choice":"Got Potions","damage_taken":0,"max_hp_gain":0,"max_hp_loss":0,"event_name":"Lab","floor":2,"gold_loss":0},{"cards_removed":["Strike_B"],"damage_healed":0,"gold_gain":0,"player_choice":"Card Removal","damage_taken":0,"max_hp_gain":0,"max_hp_loss":0,"event_name":"The Cleric","floor":4,"gold_loss":75},{"damage_healed":0,"gold_gain":0,"player_choice":"Success","damage_taken":18,"relics_obtained":["Juzu Bracelet"],"max_hp_gain":0,"max_hp_loss":0,"event_name":"Scrap Ooze","floor":5,"gold_loss":0},{"damage_healed":0,"gold_gain":0,"player_choice":"Fought Mushrooms","damage_taken":0,"max_hp_gain":0,"max_hp_loss":0,"event_name":"Mushrooms","floor":8,"gold_loss":0},{"damage_healed":0,"gold_gain":0,"player_choice":"Lose Max HP","damage_taken":0,"relics_obtained":["Golden Idol"],"max_hp_gain":0,"max_hp_loss":7,"event_name":"Golden Idol","floor":12,"gold_loss":0},{"damage_healed":0,"gold_gain":75,"player_choice":"Gather Gold","damage_taken":11,"max_hp_gain":0,"max_hp_loss":0,"event_name":"World of Goop","floor":14,"gold_loss":0},{"damage_healed":0,"gold_gain":0,"player_choice":"Became a Ghost","damage_taken":0,"max_hp_gain":0,"max_hp_loss":32,"event_name":"Ghosts","floor":19,"gold_loss":0,"cards_obtained":["Ghostly","Ghostly","Ghostly"]}],"is_beta":false,"boss_relics":[{"not_picked":["Runic Pyramid","Ectoplasm"],"picked":"Philosopher\u0027s Stone"}],"items_purged_floors":[21],"is_endless":false,"potions_floor_spawned":[3,6,11,16,18],"killed_by":"Gremlin Leader","ascension_level":18}}