{"host":"f7rb14kzcw8hx1r1","time":1608720166,"event":{"mods":["BaseMod","Better Note","Better Third Choice","Colored Map","Highlight Path","Hubris","Minty Spire (QoL Compilation)","Replay The Spire","StSLib","The Forsaken"],"gold_per_floor":[115,126,140,153,0,0,30,45,45,45,45,45,45,57,57,162,162,176,226,226,246,122,153,153,166,238,258,258,275,275,82,82,181,181,195,64,80,80,0,28,63,63,363,398,408,6,26,26,26,26],"floor_reached":51,"playtime":2789,"items_purged":["theForsaken:TheForsaken_Strike","theForsaken:TheForsaken_Strike","theForsaken:TheForsaken_Strike","theForsaken:TheForsaken_Strike","theForsaken:TheForsaken_Defend"],"score":850,"play_id":"324fb911-2edd-49fe-b1cd-315180e9f946","local_time":"20201223114246","is_ascension_mode":false,"campfire_choices":[{"data":"theForsaken:Smite","floor":6,"key":"SMITH"},{"data":"theForsaken:WrathOfGod","floor":10,"key":"SMITH"},{"data":"Feed","floor":12,"key":"SMITH"},{"data":"theForsaken:Penitence","floor":15,"key":"SMITH"},{"data":"theForsaken:Bolster","floor":24,"key":"SMITH"},{"data":"theForsaken:WrathOfGod+1","floor":28,"key":"SMITH"},{"data":"theForsaken:WrathOfGod+2","floor":32,"key":"SMITH"},{"data":"theForsaken:WrathOfGod+3","floor":42,"key":"SMITH"}],"circlet_count":0,"master_deck":["theForsaken:TheForsaken_Defend","theForsaken:TheForsaken_Defend","theForsaken:TheForsaken_Defend","theForsaken:Smite+1","theForsaken:Penitence+1","Pot Of Greed","theForsaken:WrathOfGod+4","theForsaken:Terrorize","Pot Of Greed","theForsaken:DesperatePlea","theForsaken:MagicWeapon","Riddle With Holes","Feed+1","theForsaken:AncientWords","theForsaken:Prudence","Apotheosis+1","theForsaken:Bolster+1","theForsaken:LightRoll","theForsaken:QuickAttack+1","theForsaken:DefensiveStance+1","theForsaken:PreciseStrike+1","Pot Of Greed","theForsaken:CleansingLight","theForsaken:Enfeeble+1","theForsaken:FuryStrikes+1"],"relics":["theForsaken:ScalesOfTruth","Grinning Jar","Replay:Kaleidoscope","Chameleon Ring","Smiling Mask","theForsaken:ScaryMask","Coffee Dripper","Unceasing Top","Molten Egg 2","PreservedInsect","hubris:Icosahedron","Red Mask","Strawberry","Old Coin","CaptainsWheel","Chemical X","Akabeko"],"acts_visited":["Exordium","TheCity","TheBeyond"],"potions_floor_usage":[4,7,16,16,18,29,35,41,44,44,47,50,50,50,50],"damage_taken":[{"damage":0,"enemies":"2 Louse","floor":1,"turns":3},{"damage":0,"enemies":"Small Slimes","floor":2,"turns":4},{"damage":1,"enemies":"Cultist","floor":3,"turns":5},{"damage":1,"enemies":"Looter","floor":4,"turns":4},{"damage":23,"enemies":"3 Sentries","floor":7,"turns":12},{"damage":0,"enemies":"Blue Slaver","floor":8,"turns":4},{"damage":0,"enemies":"2 Fungi Beasts","floor":14,"turns":3},{"damage":9,"enemies":"Slime Boss","floor":16,"turns":10},{"damage":2,"enemies":"Chosen","floor":18,"turns":6},{"damage":7,"enemies":"Spheric Guardian","floor":21,"turns":9},{"damage":0,"enemies":"Gremlin Leader","floor":23,"turns":5},{"damage":0,"enemies":"Cultist and Chosen","floor":25,"turns":7},{"damage":3,"enemies":"Sentry and Sphere","floor":27,"turns":6},{"damage":0,"enemies":"Chosen and Byrds","floor":29,"turns":7},{"damage":6,"enemies":"Collector","floor":33,"turns":10},{"damage":22,"enemies":"3 Darklings","floor":35,"turns":6},{"damage":3,"enemies":"3 Shapes","floor":37,"turns":5},{"damage":0,"enemies":"Giant Head","floor":40,"turns":7},{"damage":0,"enemies":"Reptomancer","floor":44,"turns":8},{"damage":11,"enemies":"Jaw Worm Horde","floor":45,"turns":7},{"damage":0,"enemies":"Writhing Mass","floor":47,"turns":5},{"damage":13,"enemies":"Awakened One","floor":50,"turns":11}],"seed_played":"-2874098256284715821","potions_obtained":[{"floor":1,"key":"Fire Potion"},{"floor":3,"key":"LiquidMemories"},{"floor":7,"key":"LiquidBronze"},{"floor":8,"key":"SpeedPotion"},{"floor":14,"key":"Weak Potion"},{"floor":21,"key":"Energy Potion"},{"floor":25,"key":"Explosive Potion"},{"floor":40,"key":"Energy Potion"},{"floor":41,"key":"Fruit Juice"},{"floor":41,"key":"Swift Potion"},{"floor":44,"key":"BlessingOfTheForge"},{"floor":45,"key":"SteroidPotion"},{"floor":47,"key":"BlessingOfTheForge"},{"floor":49,"key":"EntropicBrew"},{"floor":49,"key":"SmokeBomb"}],"is_trial":false,"path_per_floor":["M","M","M","M","$","R","E","M","T","R","?","R","?","M","R","B",null,"M","?","?","M","$","E","R","M","T","M","R","M","?","$","R","B",null,"M","$","M","?","?","E","?","R","T","E","M","$","M","$","R","B",null],"character_chosen":"THE_FORSAKEN","items_purchased":["theForsaken:MagicWeapon","Ancient Potion","PreservedInsect","theForsaken:CleansingLight","theForsaken:FuryStrikes+1","Chemical X","Akabeko"],"campfire_rested":0,"item_purchase_floors":[5,22,31,36,46,46,46],"current_hp_per_floor":[65,65,64,65,65,65,57,57,57,57,39,39,39,48,48,49,73,73,73,73,77,77,77,77,81,81,82,82,86,86,86,86,86,89,72,72,75,75,75,86,68,68,68,79,77,77,83,83,83,82],"gold":26,"neow_bonus":"RANDOM_COMMON_RELIC","is_daily":false,"chose_seed":false,"campfire_upgraded":8,"win_rate":0.0,"timestamp":1608720166,"path_taken":["M","M","M","M","$","R","E","M","T","R","?","R","?","M","R","BOSS","M","?","?","M","$","E","R","M","T","M","R","M","?","?","R","BOSS","M","$","M","?","?","E","?","R","T","E","M","$","M","?","R","BOSS"],"items_purchased_type":["Card","Potion","Relic","Card","Card","Relic","Relic"],"build_version":"2020-12-22","purchased_purges":5,"victory":true,"max_hp_per_floor":[65,65,65,65,65,65,65,65,65,65,65,65,65,69,69,73,73,73,73,73,77,77,77,77,81,81,85,85,89,89,89,89,89,89,89,89,89,89,89,100,107,107,107,107,111,111,111,111,111,111],"card_choices":[{"not_picked":["theForsaken:BlessedWeapon","theForsaken:ShieldCharge"],"picked":"theForsaken:WrathOfGod","floor":1},{"not_picked":["theForsaken:NobleSacrifice","theForsaken:BlindFaith","theForsaken:Eulogy"],"picked":"SKIP","floor":2},{"not_picked":["theForsaken:PowerUp","theForsaken:StoreUp"],"picked":"theForsaken:Terrorize","floor":3},{"not_picked":["theForsaken:ChargeAttack","theForsaken:BlessedWeapon"],"picked":"theForsaken:DesperatePlea","floor":4},{"not_picked":["theForsaken:HorrifyingStrike","theForsaken:SpinAttack","theForsaken:Thunderbolt"],"picked":"SKIP","floor":7},{"not_picked":["theForsaken:WordsOfPestilence","theForsaken:CreepingInfection","theForsaken:ScorchingSunlight"],"picked":"SKIP","floor":8},{"not_picked":["theForsaken:Devotion","theForsaken:ShieldBash"],"picked":"theForsaken:AncientWords","floor":14},{"not_picked":["theForsaken:Purification","theForsaken:DarkRift"],"picked":"theForsaken:Prudence","floor":16},{"not_picked":["theForsaken:BindingThorns","theForsaken:BottledPlague","theForsaken:StoreUp"],"picked":"SKIP","floor":18},{"not_picked":["theForsaken:BlessedWeapon","theForsaken:WardingHymn"],"picked":"theForsaken:Bolster","floor":21},{"not_picked":["theForsaken:InspiringBlow+1","theForsaken:HymnOfRest"],"picked":"theForsaken:LightRoll","floor":23},{"not_picked":["theForsaken:Enfeeble","theForsaken:HymnOfRest"],"picked":"theForsaken:QuickAttack+1","floor":25},{"not_picked":["theForsaken:CorruptedWord","theForsaken:PanicDive"],"picked":"theForsaken:DefensiveStance+1","floor":27},{"not_picked":["theForsaken:StoreUp","theForsaken:HealingLight","theForsaken:SpinAttack+1"],"picked":"SKIP","floor":29},{"not_picked":["theForsaken:Parry","theForsaken:ScorchingSunlight+1"],"picked":"theForsaken:PreciseStrike+1","floor":35},{"not_picked":["theForsaken:PanicDive+1","theForsaken:BindingThorns","theForsaken:ShieldCharge+1"],"picked":"SKIP","floor":37},{"not_picked":["theForsaken:SacrificeSoul+1","theForsaken:BindingThorns+1","theForsaken:BountifulSunlight+1"],"picked":"SKIP","floor":40},{"not_picked":["theForsaken:HorrifyingStrike+1","theForsaken:BountifulSunlight"],"picked":"theForsaken:Enfeeble+1","floor":41},{"not_picked":["theForsaken:Thunderbolt+1","theForsaken:BindingThorns","theForsaken:StoreUp"],"picked":"SKIP","floor":44},{"not_picked":["theForsaken:PanicDive","theForsaken:Parry+1","theForsaken:BindingThorns"],"picked":"SKIP","floor":45},{"not_picked":["theForsaken:NobleSacrifice+1","theForsaken:Eulogy+1","theForsaken:InspiringBlow+1"],"picked":"SKIP","floor":47}],"player_experience":875414,"relics_obtained":[{"floor":7,"key":"Replay:Kaleidoscope"},{"floor":9,"key":"Chameleon Ring"},{"floor":23,"key":"Unceasing Top"},{"floor":26,"key":"Molten Egg 2"},{"floor":40,"key":"Strawberry"},{"floor":43,"key":"Old Coin"},{"floor":44,"key":"CaptainsWheel"}],"event_choices":[{"damage_healed":0,"gold_gain":100,"player_choice":"Bet on Murderer","damage_taken":0,"max_hp_gain":0,"max_hp_loss":0,"event_name":"The Joust","floor":19,"gold_loss":50},{"cards_removed":["Feed"],"damage_healed":0,"gold_gain":0,"player_choice":"Take \u0026 Give","damage_taken":0,"max_hp_gain":0,"max_hp_loss":0,"event_name":"betterNote:BetterNote","floor":20,"gold_loss":0,"cards_obtained":["Apotheosis"]},{"damage_healed":0,"gold_gain":0,"player_choice":"Ignored","damage_taken":0,"max_hp_gain":0,"max_hp_loss":0,"event_name":"Cursed Tome","floor":30,"gold_loss":0},{"damage_healed":0,"gold_gain":0,"player_choice":"Paid","damage_taken":0,"relics_obtained":["Red Mask"],"max_hp_gain":0,"max_hp_loss":0,"event_name":"Tomb of Lord Red Mask","floor":39,"gold_loss":80}],"is_beta":false,"boss_relics":[{"not_picked":["Velvet Choker","Calling Bell"],"picked":"Coffee Dripper"},{"not_picked":["Pandora\u0027s Box","hubris:Backtick"],"picked":"theForsaken:ScalesOfTruth"}],"items_purged_floors":[5,22,31,36,46],"is_endless":false,"potions_floor_spawned":[1,3,7,8,14,21,25,40,44,45,47],"ascension_level":0}}