{"host":"Ian","time":1608716081,"event":{"mods":["BaseMod","Bestiary","Block Reminder","Colored Map","Highlight Path","Key Reminder","Minty Spire (QoL Compilation)","Relic Stats"],"gold_per_floor":[109,34,34,49,49,49,49],"floor_reached":6,"playtime":285,"items_purged":["Regret"],"score":68,"play_id":"a446f3c5-facb-45c2-b32b-c175c28afe37","local_time":"20201223093441","is_ascension_mode":true,"campfire_choices":[],"circlet_count":0,"master_deck":["AscendersBane","Strike_R","Strike_R","Strike_R","Strike_R","Strike_R","Defend_R","Defend_R","Defend_R","Defend_R","Bash","Secret Weapon","Perfected Strike","Headbutt"],"relics":["Burning Blood","Potion Belt"],"acts_visited":["Exordium"],"potions_floor_usage":[6,6],"damage_taken":[{"damage":11,"enemies":"Small Slimes","floor":1,"turns":4},{"damage":6,"enemies":"2 Louse","floor":4,"turns":2},{"damage":49,"enemies":"Lagavulin","floor":6,"turns":8}],"seed_played":"-8147747138674434656","potions_obtained":[{"floor":1,"key":"BloodPotion"},{"floor":4,"key":"HeartOfIron"}],"is_trial":false,"path_per_floor":["M","$","?","M","?","E"],"character_chosen":"IRONCLAD","items_purchased":[],"campfire_rested":0,"item_purchase_floors":[],"current_hp_per_floor":[63,63,28,28,28,0,0],"gold":49,"neow_bonus":"RANDOM_COLORLESS_2","is_daily":false,"chose_seed":false,"campfire_upgraded":0,"win_rate":0.0,"timestamp":1608716081,"path_taken":["M","$","?","M","?","E"],"items_purchased_type":[],"build_version":"2020-12-18","purchased_purges":1,"victory":false,"max_hp_per_floor":[75,75,75,75,75,75,75],"relic_stats":{"counters":[3,14],"obtain_stats":[{"Potion Belt":3,"Burning Blood":0},{"Potion Belt":1,"Burning Blood":0},{"Potion Belt":4,"Burning Blood":0}],"Burning Blood":12},"card_choices":[{"not_picked":["Panache","Thinking Ahead"],"picked":"Secret Weapon","floor":0},{"not_picked":["Wild Strike","Sever Soul"],"picked":"Perfected Strike","floor":1},{"not_picked":["Sentinel","Flex"],"picked":"Headbutt","floor":4}],"player_experience":2589008,"relics_obtained":[],"event_choices":[{"damage_healed":0,"gold_gain":0,"player_choice":"Success","damage_taken":35,"relics_obtained":["Potion Belt"],"max_hp_gain":0,"max_hp_loss":0,"event_name":"Scrap Ooze","floor":3,"gold_loss":0},{"damage_healed":0,"gold_gain":0,"player_choice":"Ignored","damage_taken":0,"max_hp_gain":0,"max_hp_loss":0,"event_name":"WeMeetAgain","floor":5,"gold_loss":0}],"is_beta":true,"boss_relics":[],"items_purged_floors":[2],"is_endless":false,"potions_floor_spawned":[1,4],"killed_by":"Lagavulin","ascension_level":20}}