{"host":"raai0vtvcfkt8csp","time":1608688561,"event":{"mods":["2.2 Compatiblity","AchievementEnabler","BaseMod","Block Reminder","Booster Modes","DeckTracker","Defective Defect","GifTheSpireLib","Minty Spire (QoL Compilation)","Quick Restart","Random Character Button","Rare Cards Sparkle","StSLib","Unceasing Turn Reminder"],"gold_per_floor":[113,188,0,17,37,37,47,82,107,207,222,256,15,34,34,129,129,148,164,263,274,66,106,106,125,175,219,229,255,299,319,319,426,426,445,464,464,486,497,536,536,556,556,590,617,660,331,340,340,340,340,340,24,58,58],"floor_reached":56,"playtime":3203,"items_purged":[],"score":1467,"play_id":"53a9d0f0-aba6-424c-a78a-9497ca68f4a3","local_time":"20201223025601","is_ascension_mode":true,"campfire_choices":[{"floor":6,"key":"RECALL"},{"floor":15,"key":"REST"},{"floor":24,"key":"REST"},{"floor":32,"key":"REST"},{"floor":41,"key":"REST"},{"floor":49,"key":"REST"},{"floor":52,"key":"REST"}],"circlet_count":0,"master_deck":["Strike_G","Strike_G","Strike_G","Strike_G","Strike_G","Defend_G","Defend_G","Defend_G","Defend_G","Defend_G","Survivor","Neutralize","Dash","Infinite Blades","Finisher","Distraction","Prepared","Predator","Blade Dance","Accuracy","Apotheosis","Deadly Poison","Tools of the Trade","Footwork","Backflip","Leg Sweep","After Image","Blade Dance","Backstab+1","Heel Hook","Leg Sweep","Backstab","Envenom","Deadly Poison+1","After Image","Sucker Punch+1","Infinite Blades+1","Catalyst+1","Storm of Steel","Accuracy+1","Footwork","Flash of Steel","Accuracy","Mind Blast","Catalyst+1"],"relics":["Fusion Hammer","Membership Card","Blood Vial","Centennial Puzzle","Mummified Hand","WristBlade","Mercury Hourglass","CeramicFish","Bronze Scales","HornCleat","Anchor","Philosopher\u0027s Stone","Omamori","Letter Opener","Incense Burner","Gremlin Horn","Lizard Tail","Paper Crane","Pantograph","Sling","Torii"],"acts_visited":["Exordium","TheCity","TheBeyond","TheEnding"],"potions_floor_usage":[12,16,23,23,25,27,27,33,40,42,45,46,50,55,55],"damage_taken":[{"damage":0,"enemies":"2 Louse","floor":1,"turns":3},{"damage":0,"enemies":"Cultist","floor":4,"turns":4},{"damage":0,"enemies":"Jaw Worm","floor":5,"turns":3},{"damage":0,"enemies":"3 Louse","floor":7,"turns":3},{"damage":0,"enemies":"Lagavulin","floor":8,"turns":6},{"damage":0,"enemies":"Looter","floor":11,"turns":3},{"damage":8,"enemies":"3 Sentries","floor":12,"turns":8},{"damage":5,"enemies":"Red Slaver","floor":14,"turns":3},{"damage":20,"enemies":"Hexaghost","floor":16,"turns":8},{"damage":5,"enemies":"3 Byrds","floor":18,"turns":4},{"damage":6,"enemies":"Spheric Guardian","floor":19,"turns":4},{"damage":0,"enemies":"Snecko","floor":21,"turns":3},{"damage":12,"enemies":"Book of Stabbing","floor":23,"turns":3},{"damage":0,"enemies":"Shelled Parasite and Fungi","floor":25,"turns":4},{"damage":15,"enemies":"Slavers","floor":27,"turns":3},{"damage":0,"enemies":"Centurion and Healer","floor":28,"turns":4},{"damage":0,"enemies":"Snake Plant","floor":29,"turns":2},{"damage":0,"enemies":"Book of Stabbing","floor":30,"turns":3},{"damage":0,"enemies":"Chosen and Byrds","floor":31,"turns":5},{"damage":16,"enemies":"Collector","floor":33,"turns":6},{"damage":0,"enemies":"3 Shapes","floor":35,"turns":2},{"damage":0,"enemies":"3 Darklings","floor":36,"turns":3},{"damage":0,"enemies":"Maw","floor":38,"turns":6},{"damage":8,"enemies":"Spire Growth","floor":39,"turns":4},{"damage":0,"enemies":"Nemesis","floor":40,"turns":6},{"damage":6,"enemies":"4 Shapes","floor":42,"turns":7},{"damage":0,"enemies":"Giant Head","floor":44,"turns":6},{"damage":10,"enemies":"Writhing Mass","floor":45,"turns":4},{"damage":25,"enemies":"Nemesis","floor":46,"turns":5},{"damage":12,"enemies":"Donu and Deca","floor":50,"turns":6},{"damage":27,"enemies":"Shield and Spear","floor":54,"turns":3},{"damage":23,"enemies":"The Heart","floor":55,"turns":8}],"seed_played":"-2761206859041208896","potions_obtained":[{"floor":4,"key":"GamblersBrew"},{"floor":11,"key":"Swift Potion"},{"floor":14,"key":"Fruit Juice"},{"floor":16,"key":"Dexterity Potion"},{"floor":21,"key":"EntropicBrew"},{"floor":28,"key":"DuplicationPotion"},{"floor":29,"key":"AttackPotion"},{"floor":33,"key":"ColorlessPotion"},{"floor":35,"key":"EntropicBrew"}],"is_trial":false,"path_per_floor":["M","?","$","M","M","R","M","E","T","?","M","E","$","M","R","B",null,"M","M","?","M","$","E","R","M","T","E","M","M","E","M","R","B",null,"M","M","?","M","M","E","R","M","T","E","M","E","$","?","R","B",null,"R","$","E","B",null],"character_chosen":"THE_SILENT","items_purchased":["Membership Card","Infinite Blades","Apotheosis","Mummified Hand","Deadly Poison","After Image","Mercury Hourglass","Blade Dance","Lizard Tail","Paper Crane","Footwork","Poison Potion","ColorlessPotion","Pantograph","Accuracy","Sling","Mind Blast","GhostInAJar"],"campfire_rested":6,"item_purchase_floors":[3,3,13,13,13,22,22,22,47,47,47,47,47,53,53,53,53,53],"current_hp_per_floor":[70,59,59,59,59,59,59,59,59,59,61,55,55,52,70,55,75,70,66,66,68,68,58,75,75,75,60,62,64,66,68,75,59,75,75,75,75,75,67,69,75,69,69,71,63,40,40,40,62,52,75,75,75,48,52],"gold":58,"neow_bonus":"BOSS_RELIC","is_daily":false,"chose_seed":false,"campfire_upgraded":0,"win_rate":0.0,"timestamp":1608688561,"path_taken":["M","?","$","M","M","R","M","E","T","?","?","E","?","M","R","BOSS","M","M","?","M","$","E","R","M","T","E","M","M","E","M","R","BOSS","M","M","?","M","M","E","R","M","T","E","M","E","$","?","R","BOSS","R","$","E","BOSS"],"items_purchased_type":["Relic","Card","Card","Relic","Card","Card","Relic","Card","Relic","Relic","Card","Potion","Potion","Relic","Card","Relic","Card","Potion"],"build_version":"2020-12-13","purchased_purges":0,"victory":true,"max_hp_per_floor":[70,70,70,70,70,70,70,70,70,70,70,70,70,70,70,75,75,75,75,75,75,75,75,75,75,75,75,75,75,75,75,75,75,75,75,75,75,75,75,75,75,75,75,75,75,75,75,75,75,75,75,75,75,75,75],"card_choices":[{"not_picked":["Outmaneuver","Backflip"],"picked":"Dash","floor":1},{"not_picked":["Bane","Reflex","Finisher"],"picked":"SKIP","floor":4},{"not_picked":["Bane","Reflex"],"picked":"Finisher","floor":4},{"not_picked":["Poisoned Stab","Skewer"],"picked":"Distraction","floor":5},{"not_picked":["Dodge and Roll","Deadly Poison"],"picked":"Prepared","floor":7},{"not_picked":["Catalyst","Deadly Poison"],"picked":"Predator","floor":8},{"not_picked":["Dagger Spray","Dagger Throw"],"picked":"Blade Dance","floor":11},{"not_picked":["Sucker Punch","Phantasmal Killer"],"picked":"Accuracy","floor":12},{"not_picked":["Poisoned Stab","Bane","Dagger Spray"],"picked":"SKIP","floor":14},{"not_picked":["Night Terror","Wraith Form v2"],"picked":"Tools of the Trade","floor":16},{"not_picked":["Underhanded Strike+1","Dagger Throw"],"picked":"Footwork","floor":18},{"not_picked":["Outmaneuver","Poisoned Stab+1"],"picked":"Backflip","floor":19},{"not_picked":["Outmaneuver","Underhanded Strike+1"],"picked":"Leg Sweep","floor":21},{"not_picked":["Dagger Throw","PiercingWail"],"picked":"Backstab+1","floor":23},{"not_picked":["Poisoned Stab+1","Choke"],"picked":"Heel Hook","floor":25},{"not_picked":["Expertise","Flying Knee+1"],"picked":"Leg Sweep","floor":27},{"not_picked":["Expertise","Leg Sweep","Prepared+1"],"picked":"SKIP","floor":28},{"not_picked":["Poisoned Stab","Dagger Throw+1"],"picked":"Backstab","floor":29},{"not_picked":["Dagger Throw","Leg Sweep+1"],"picked":"Envenom","floor":30},{"not_picked":["Dagger Spray","Backstab+1"],"picked":"Deadly Poison+1","floor":31},{"not_picked":["Grand Finale","Adrenaline"],"picked":"After Image","floor":33},{"not_picked":["Dagger Throw","Slice","Deadly Poison"],"picked":"SKIP","floor":35},{"not_picked":["PiercingWail+1","Dash","Prepared+1"],"picked":"SKIP","floor":36},{"not_picked":["All Out Attack+1","Blur+1"],"picked":"Sucker Punch+1","floor":38},{"not_picked":["Riddle With Holes+1","Dagger Spray+1","Underhanded Strike"],"picked":"SKIP","floor":39},{"not_picked":["Bullet Time","Terror+1"],"picked":"Infinite Blades+1","floor":40},{"not_picked":["Distraction","Flying Knee","Quick Slash+1"],"picked":"SKIP","floor":42},{"not_picked":["Dagger Throw","Deadly Poison"],"picked":"Catalyst+1","floor":44},{"not_picked":["PiercingWail+1","Dagger Spray"],"picked":"Storm of Steel","floor":45},{"not_picked":["Poisoned Stab","Cloak And Dagger"],"picked":"Accuracy+1","floor":46},{"not_picked":["Jack Of All Trades","Deep Breath"],"picked":"Flash of Steel","floor":48},{"not_picked":["Die Die Die","Choke"],"picked":"Catalyst+1","floor":54}],"player_experience":425245,"relics_obtained":[{"floor":8,"key":"Blood Vial"},{"floor":12,"key":"Centennial Puzzle"},{"floor":23,"key":"CeramicFish"},{"floor":26,"key":"Bronze Scales"},{"floor":27,"key":"HornCleat"},{"floor":30,"key":"Anchor"},{"floor":40,"key":"Omamori"},{"floor":43,"key":"Letter Opener"},{"floor":44,"key":"Incense Burner"},{"floor":46,"key":"Gremlin Horn"},{"floor":54,"key":"Torii"}],"event_choices":[{"damage_healed":0,"gold_gain":75,"player_choice":"Gather Gold","damage_taken":11,"max_hp_gain":0,"max_hp_loss":0,"event_name":"World of Goop","floor":2,"gold_loss":0},{"damage_healed":0,"gold_gain":100,"player_choice":"Pray","damage_taken":0,"max_hp_gain":0,"max_hp_loss":0,"event_name":"Golden Shrine","floor":10,"gold_loss":0},{"damage_healed":0,"gold_gain":99,"player_choice":"Stole From Cult","damage_taken":0,"max_hp_gain":0,"max_hp_loss":0,"event_name":"Nest","floor":20,"gold_loss":0},{"damage_healed":0,"gold_gain":0,"player_choice":"Ignored","damage_taken":0,"max_hp_gain":0,"max_hp_loss":0,"event_name":"Tomb of Lord Red Mask","floor":37,"gold_loss":0},{"damage_healed":0,"gold_gain":0,"player_choice":"Memory 1","damage_taken":0,"max_hp_gain":0,"max_hp_loss":0,"event_name":"SensoryStone","floor":48,"gold_loss":0}],"is_beta":false,"boss_relics":[{"not_picked":["Runic Dome","Empty Cage"],"picked":"WristBlade"},{"not_picked":["Cursed Key","Runic Pyramid"],"picked":"Philosopher\u0027s Stone"}],"items_purged_floors":[],"is_endless":false,"potions_floor_spawned":[4,11,14,16,21,23,28,29,33,35,42,44,54],"ascension_level":1}}