{"host":"5mo0809oo9tcrmpl","time":1608761813,"event":{"mods":["BaseMod","Highlight Path","Minty Spire (QoL Compilation)","Relic Stats","Slay the Relics Exporter"],"gold_per_floor":[117,117,132,152,202,237,237,269,269,269,269],"floor_reached":10,"playtime":532,"items_purged":[],"score":152,"play_id":"af127e10-dd60-4e49-8c07-52cef5ce79bf","local_time":"20201223161653","is_ascension_mode":true,"campfire_choices":[{"floor":7,"key":"REST"}],"circlet_count":0,"master_deck":["AscendersBane","Strike_G","Strike_G","Strike_G","Strike_G","Defend_G","Defend_G","Defend_G","Defend_G","Defend_G","Survivor","Neutralize+1","Riddle With Holes","Dagger Throw","Poisoned Stab","Deadly Poison","Blade Dance"],"relics":["Ring of the Snake","Bag of Preparation","Pantograph","CeramicFish"],"acts_visited":["Exordium"],"potions_floor_usage":[6,8,10],"damage_taken":[{"damage":1,"enemies":"Small Slimes","floor":1,"turns":4},{"damage":0,"enemies":"2 Louse","floor":3,"turns":4},{"damage":0,"enemies":"Cultist","floor":4,"turns":3},{"damage":30,"enemies":"3 Sentries","floor":6,"turns":11},{"damage":3,"enemies":"Gremlin Nob","floor":8,"turns":3},{"damage":38,"enemies":"3 Sentries","floor":10,"turns":8}],"seed_played":"1838496961626110929","potions_obtained":[{"floor":1,"key":"Weak Potion"},{"floor":3,"key":"BlessingOfTheForge"},{"floor":6,"key":"SteroidPotion"}],"is_trial":false,"path_per_floor":["M","?","M","M","?","E","R","E","T","E"],"character_chosen":"THE_SILENT","items_purchased":[],"campfire_rested":1,"item_purchase_floors":[],"current_hp_per_floor":[58,51,51,51,51,21,40,37,37,0,0],"gold":269,"neow_bonus":"UPGRADE_CARD","is_daily":false,"chose_seed":false,"campfire_upgraded":0,"win_rate":0.0,"timestamp":1608761813,"path_taken":["M","?","M","M","?","E","R","E","T","E"],"items_purchased_type":[],"build_version":"2020-12-22","purchased_purges":0,"victory":false,"max_hp_per_floor":[66,66,66,66,66,66,66,66,66,66,66],"relic_stats":{"counters":[6,33],"Pantograph":0,"CeramicFish":0,"Bag of Preparation":[4],"obtain_stats":[{"Pantograph":8,"CeramicFish":9,"Bag of Preparation":6,"Ring of the Snake":0},{"Pantograph":5,"CeramicFish":5,"Bag of Preparation":4,"Ring of the Snake":0},{"Pantograph":25,"CeramicFish":25,"Bag of Preparation":22,"Ring of the Snake":0}],"Ring of the Snake":[12]},"card_choices":[{"not_picked":["Backflip","Caltrops"],"picked":"Riddle With Holes","floor":1},{"not_picked":["Sucker Punch","Escape Plan"],"picked":"Dagger Throw","floor":3},{"not_picked":["Backflip","Prepared"],"picked":"Poisoned Stab","floor":4},{"not_picked":["Backflip","Flechettes"],"picked":"Deadly Poison","floor":6},{"not_picked":["Heel Hook","PiercingWail"],"picked":"Blade Dance","floor":8}],"player_experience":1197473,"relics_obtained":[{"floor":6,"key":"Bag of Preparation"},{"floor":8,"key":"Pantograph"},{"floor":9,"key":"CeramicFish"}],"event_choices":[{"cards_removed":["Strike_G"],"damage_healed":0,"gold_gain":0,"player_choice":"Card Removal","damage_taken":7,"max_hp_gain":0,"max_hp_loss":0,"event_name":"Golden Wing","floor":2,"gold_loss":0},{"damage_healed":0,"gold_gain":50,"player_choice":"Pray","damage_taken":0,"max_hp_gain":0,"max_hp_loss":0,"event_name":"Golden Shrine","floor":5,"gold_loss":0}],"is_beta":false,"boss_relics":[],"items_purged_floors":[],"is_endless":false,"potions_floor_spawned":[1,3,6],"killed_by":"3 Sentries","ascension_level":20}}