{"host":"h8l1uc7c2i19r904","time":1608746488,"event":{"mods":["AchievementEnabler","BaseMod","Colored Map","Colored Powertips","Downfall","Minty Spire (QoL Compilation)","Quick Restart","Replay The Spire","StSLib","SuperFastMode"],"gold_per_floor":[110,35,45,45,45,45,75,75,75,75,75,75,86,86,86,121,121,216,216,228,228,228,242,268,297,297,310,310,310,327,340,375,390,390,494,494,508,508,508,535,33,58,58,78,78,106,106,106,106,146,146,168],"floor_reached":53,"playtime":3966,"items_purged":["Defend_P","Normality"],"score":781,"play_id":"18a5a3b3-c3af-4552-9501-c38301f59d78","local_time":"20201223100128","is_ascension_mode":false,"campfire_choices":[{"data":"Eruption","floor":6,"key":"SMITH"},{"data":"Tantrum","floor":10,"key":"SMITH"},{"floor":12,"key":"REST"},{"data":"Strike_P","floor":17,"key":"SMITH"},{"data":"Vault","floor":29,"key":"SMITH"},{"data":"Replay:ManipulateFuture","floor":34,"key":"SMITH"},{"data":"Omniscience","floor":43,"key":"SMITH"},{"data":"Chrysalis","floor":48,"key":"SMITH"},{"floor":51,"key":"REST"}],"circlet_count":0,"master_deck":["Defend_P","Defend_P","Eruption+1","Tantrum+1","Replay:ManipulateFuture+1","Judgement+1","Vault+1","J.A.X.","Weave+1","Tantrum","Bite","Bite","Bite","Bite","Bite","ReachHeaven+1","FearNoEvil+1","Perseverance+1","Omniscience+1","Halt","Judgement+1","FollowUp","Replay:Parry","Secret Weapon","Chrysalis+1","Parasite"],"relics":["PureWater","NeowsBlessing","Unceasing Top","Mirror","Shuriken","ReplayTheSpireMod:Shallot","Runic Pyramid","Tiny Chest","Bag of Preparation","Ornamental Fan","Sundial","ChewingGum","ReplayTheSpireMod:Lightbulb","Bottled Lightning","DollysMirror","Replay:Bandana","Bird Faced Urn","Damaru"],"acts_visited":["Exordium","TheCity","TheBeyond"],"potions_floor_usage":[18,18,30,35,35,50,50],"damage_taken":[{"damage":0,"enemies":"Small Slimes","floor":1,"turns":1},{"damage":0,"enemies":"2 Louse","floor":3,"turns":1},{"damage":0,"enemies":"Lagavulin","floor":7,"turns":1},{"damage":0,"enemies":"Jaw Worm","floor":13,"turns":1},{"damage":13,"enemies":"3 Sentries","floor":16,"turns":3},{"damage":7,"enemies":"The Guardian","floor":18,"turns":3},{"damage":0,"enemies":"Chosen","floor":20,"turns":3},{"damage":3,"enemies":"Shell Parasite","floor":23,"turns":1},{"damage":31,"enemies":"Replay:Snechameleon","floor":25,"turns":3},{"damage":3,"enemies":"Centurion and Healer","floor":27,"turns":3},{"damage":3,"enemies":"3 Cultists","floor":30,"turns":3},{"damage":3,"enemies":"Sentry and Sphere","floor":31,"turns":2},{"damage":0,"enemies":"Gremlin Leader","floor":32,"turns":4},{"damage":0,"enemies":"Cultist and Chosen","floor":33,"turns":3},{"damage":41,"enemies":"Pondfish","floor":35,"turns":6},{"damage":3,"enemies":"Orb Walker","floor":37,"turns":2},{"damage":7,"enemies":"Giant Head","floor":42,"turns":5},{"damage":0,"enemies":"3 Darklings","floor":44,"turns":3},{"damage":0,"enemies":"Spire Growth","floor":46,"turns":3},{"damage":31,"enemies":"Writhing Mass","floor":50,"turns":5},{"damage":41,"enemies":"Replay:Hell Engine","floor":52,"turns":6}],"seed_played":"1656997332368967178","potions_obtained":[{"floor":3,"key":"Block Potion"},{"floor":13,"key":"Slimebound:ThreeZeroPotion"},{"floor":23,"key":"Fire Potion"},{"floor":32,"key":"AttackPotion"},{"floor":33,"key":"DuplicationPotion"},{"floor":37,"key":"Fire Potion"},{"floor":46,"key":"Block Potion"}],"is_trial":false,"path_per_floor":["M","$","M","?","?","R","E","PTL","PTL","R","T","R","M","T","?","E","R","B",null,"M","?","?","M","T","E","?","M","T","R","M","M","E","M","R","B",null,"M","?","?","T","$","E","R","M","T","M","?","R","T","M","R","B",null],"character_chosen":"WATCHER","items_purchased":["Bottled Lightning","DollysMirror"],"campfire_rested":2,"item_purchase_floors":[41,41],"current_hp_per_floor":[72,72,72,72,65,65,65,65,65,65,65,72,72,72,72,59,59,52,72,72,72,72,69,69,38,38,39,39,39,42,43,50,50,50,15,50,50,50,50,50,50,47,47,50,50,50,40,40,40,19,34,1],"gold":168,"neow_bonus":"THREE_ENEMY_KILL","is_daily":false,"chose_seed":false,"campfire_upgraded":7,"win_rate":0.0,"timestamp":1608746488,"path_taken":["M","$","M","?","?","R","E","PTL","PTL","R","T","R","M","?","?","E","R","BOSS","M","?","?","M","?","E","?","M","T","R","M","M","E","M","R","BOSS","M","?","?","?","?","E","R","?","T","M","?","R","?","M","R","BOSS"],"items_purchased_type":["Relic","Relic"],"build_version":"2020-12-22","purchased_purges":2,"victory":true,"max_hp_per_floor":[72,72,72,72,72,72,72,72,72,72,72,72,72,72,72,72,72,72,72,72,72,72,72,72,72,50,50,50,50,50,50,50,50,50,50,50,50,50,50,50,50,50,50,50,50,50,50,50,50,50,50,50],"card_choices":[{"not_picked":["Consecrate","FlurryOfBlows"],"picked":"Tantrum","floor":1},{"not_picked":["Meditate","Nirvana"],"picked":"Replay:ManipulateFuture","floor":3},{"not_picked":["Study","PathToVictory","Evaluate"],"picked":"SKIP","floor":7},{"not_picked":["Sanctity","Worship","Crescendo"],"picked":"SKIP","floor":13},{"not_picked":["Replay:Vibes","EmptyBody","Protect"],"picked":"SKIP","floor":16},{"not_picked":["Establishment","Replay:AllIn"],"picked":"Vault","floor":18},{"not_picked":["Replay:Vibes","FlurryOfBlows+1","Vengeance"],"picked":"SKIP","floor":20},{"not_picked":["FlyingSleeves","PathToVictory"],"picked":"Weave+1","floor":23},{"not_picked":["ThirdEye","Vengeance"],"picked":"Tantrum","floor":25},{"not_picked":["Prostrate+1","PathToVictory"],"picked":"ReachHeaven+1","floor":27},{"not_picked":["Perseverance","Pray+1"],"picked":"FearNoEvil+1","floor":30},{"not_picked":["ClearTheMind","PathToVictory","Evaluate+1"],"picked":"SKIP","floor":31},{"not_picked":["FlyingSleeves","Study"],"picked":"Perseverance+1","floor":32},{"not_picked":["PathToVictory+1","InnerPeace","FlyingSleeves"],"picked":"SKIP","floor":33},{"not_picked":["Scrawl","Devotion"],"picked":"Omniscience","floor":35},{"not_picked":["FearNoEvil","Fasting2"],"picked":"Halt","floor":37},{"not_picked":["FearNoEvil","ReachHeaven","ClearTheMind"],"picked":"SKIP","floor":42},{"not_picked":["Crescendo","Protect"],"picked":"FollowUp","floor":44},{"not_picked":["JustLucky+1","Meditate","EmptyMind+1"],"picked":"SKIP","floor":46},{"not_picked":["expansioncontent:DonusPower","PanicButton"],"picked":"Replay:Parry","floor":47},{"not_picked":["expansioncontent:HyperBeam","Mind Blast"],"picked":"Secret Weapon","floor":47},{"not_picked":["Panacea","expansioncontent:PolyBeam"],"picked":"Chrysalis","floor":47},{"not_picked":["Vengeance+1","Replay:Hum","SashWhip"],"picked":"SKIP","floor":50}],"player_experience":107595,"relics_obtained":[{"floor":7,"key":"Unceasing Top"},{"floor":11,"key":"Mirror"},{"floor":14,"key":"Shuriken"},{"floor":16,"key":"ReplayTheSpireMod:Shallot"},{"floor":24,"key":"Tiny Chest"},{"floor":25,"key":"Bag of Preparation"},{"floor":28,"key":"Ornamental Fan"},{"floor":32,"key":"Sundial"},{"floor":40,"key":"ReplayTheSpireMod:Lightbulb"},{"floor":42,"key":"Replay:Bandana"},{"floor":45,"key":"Bird Faced Urn"},{"floor":49,"key":"Damaru"}],"event_choices":[{"cards_removed":["Defend_P"],"damage_healed":0,"gold_gain":0,"player_choice":"Forget","damage_taken":0,"max_hp_gain":0,"max_hp_loss":0,"event_name":"Living Wall","floor":4,"gold_loss":0},{"cards_removed":["Vigilance"],"damage_healed":0,"gold_gain":0,"player_choice":"Card Removal","damage_taken":7,"max_hp_gain":0,"max_hp_loss":0,"event_name":"Golden Wing","floor":5,"gold_loss":0},{"damage_healed":0,"gold_gain":0,"player_choice":"Obtain J.A.X.","damage_taken":0,"max_hp_gain":0,"max_hp_loss":0,"event_name":"Drug Dealer","floor":21,"gold_loss":0,"cards_obtained":["J.A.X."]},{"damage_healed":0,"gold_gain":0,"player_choice":"Ignored","damage_taken":0,"max_hp_gain":0,"max_hp_loss":0,"event_name":"Beggar","floor":22,"gold_loss":0},{"damage_healed":0,"gold_gain":0,"player_choice":"Became a vampire","damage_taken":0,"max_hp_gain":0,"max_hp_loss":22,"event_name":"Vampires","floor":26,"gold_loss":0,"cards_obtained":["Bite","Bite","Bite","Bite","Bite"]},{"damage_healed":0,"gold_gain":0,"player_choice":"Ignored","damage_taken":0,"max_hp_gain":0,"max_hp_loss":0,"event_name":"Tomb of Lord Red Mask","floor":38,"gold_loss":0},{"damage_healed":0,"gold_gain":0,"player_choice":"Memory 3","damage_taken":10,"max_hp_gain":0,"max_hp_loss":0,"event_name":"SensoryStone","floor":47,"gold_loss":0}],"is_beta":false,"boss_relics":[{"not_picked":["Astrolabe","Empty Cage"],"picked":"Runic Pyramid"},{"not_picked":["SacredBark","Replay:Bronze Core"],"picked":"ChewingGum"}],"items_purged_floors":[2,41],"is_endless":false,"potions_floor_spawned":[3,13,23,32,33,37,46],"ascension_level":0}}