{"host":"e1pm3b7xpcm97e5w","time":1608751335,"event":{"mods":["BaseMod","Better Skull","Googly Eyes","Minty Spire (QoL Compilation)","Relic Stats","Shop Mod","Spicy Shops","StSLib"],"gold_per_floor":[114,130,205,205,224,224,255,255,255,255,268,268,292,326,326,426,426,438,454,454,454,454,454,489,503,529,529,543,238,266,278,278,383,383,393,406,406,422,243,243,243,254,254,224,240,259,259,259,259,259,259],"floor_reached":50,"playtime":2853,"items_purged":["Wish+1","Defend_P"],"score":761,"play_id":"74d88b37-87d4-4a05-90b0-e29ac6461faf","local_time":"20201223142215","is_ascension_mode":true,"campfire_choices":[{"floor":6,"key":"REST"},{"floor":8,"key":"REST"},{"data":"Wish","floor":10,"key":"SMITH"},{"data":"Eruption","floor":12,"key":"SMITH"},{"floor":15,"key":"REST"},{"floor":23,"key":"REST"},{"floor":27,"key":"REST"},{"floor":32,"key":"REST"},{"floor":40,"key":"REST"},{"floor":47,"key":"REST"},{"floor":49,"key":"REST"}],"circlet_count":0,"master_deck":["Defend_P","Defend_P","Defend_P","Eruption+1","Vigilance","CrushJoints","CutThroughFate","TalkToTheHand","CarveReality","Vault","CarveReality+1","Bite","Bite","Bite","Bite","Bite","FlurryOfBlows","Alpha","Purity","Escape Plan+1","Armaments+1","Vault+1","Leap+1","Ragnarok","Cloak And Dagger+1","Blade Dance+1","Blind"],"relics":["PureWater","Dead Branch","Pantograph","Bottled Flame","Odd Mushroom","Happy Flower","Fusion Hammer","Nilry\u0027s Codex","Gambling Chip","Blood Vial","PrismaticShard","Orrery","Boot","SlaversCollar","War Paint"],"acts_visited":["Exordium","TheCity","TheBeyond"],"potions_floor_usage":[7,13,16,28,36,41,44,45,50,50],"damage_taken":[{"damage":14,"enemies":"Small Slimes","floor":1,"turns":3},{"damage":0,"enemies":"2 Louse","floor":2,"turns":2},{"damage":0,"enemies":"Jaw Worm","floor":5,"turns":2},{"damage":29,"enemies":"3 Sentries","floor":7,"turns":8},{"damage":10,"enemies":"Gremlin Gang","floor":11,"turns":3},{"damage":8,"enemies":"The Mushroom Lair","floor":13,"turns":2},{"damage":0,"enemies":"Gremlin Nob","floor":14,"turns":2},{"damage":43,"enemies":"The Guardian","floor":16,"turns":8},{"damage":0,"enemies":"Spheric Guardian","floor":18,"turns":2},{"damage":10,"enemies":"Shell Parasite","floor":19,"turns":5},{"damage":36,"enemies":"Gremlin Leader","floor":24,"turns":4},{"damage":4,"enemies":"Chosen and Byrds","floor":25,"turns":7},{"damage":0,"enemies":"Shelled Parasite and Fungi","floor":28,"turns":2},{"damage":42,"enemies":"Book of Stabbing","floor":30,"turns":6},{"damage":15,"enemies":"Centurion and Healer","floor":31,"turns":4},{"damage":12,"enemies":"Champ","floor":33,"turns":8},{"damage":18,"enemies":"3 Darklings","floor":35,"turns":7},{"damage":6,"enemies":"Orb Walker","floor":36,"turns":2},{"damage":0,"enemies":"Jaw Worm Horde","floor":38,"turns":4},{"damage":0,"enemies":"Nemesis","floor":41,"turns":1},{"damage":8,"enemies":"Transient","floor":42,"turns":6},{"damage":27,"enemies":"Writhing Mass","floor":45,"turns":5},{"damage":6,"enemies":"Maw","floor":46,"turns":6},{"damage":72,"enemies":"Time Eater","floor":50,"turns":5}],"seed_played":"5709405846780459048","potions_obtained":[{"floor":1,"key":"SpeedPotion"},{"floor":7,"key":"LiquidMemories"},{"floor":13,"key":"Ambrosia"},{"floor":19,"key":"LiquidBronze"},{"floor":25,"key":"AttackPotion"},{"floor":30,"key":"StancePotion"},{"floor":31,"key":"SteroidPotion"},{"floor":35,"key":"BlessingOfTheForge"},{"floor":36,"key":"SmokeBomb"},{"floor":44,"key":"Fruit Juice"},{"floor":44,"key":"GamblersBrew"},{"floor":46,"key":"SpeedPotion"}],"is_trial":false,"path_per_floor":["M","M","?","?","M","R","E","R","T","R","M","R","?","E","R","B",null,"M","M","?","?","?","R","E","M","T","R","M","$","E","M","R","B",null,"M","M","?","M","$","R","E","M","T","?","M","M","R","?","R","B"],"character_chosen":"WATCHER","items_purchased":["PrismaticShard","Orrery","Ragnarok"],"campfire_rested":9,"item_purchase_floors":[29,29,39],"current_hp_per_floor":[33,33,22,22,22,43,14,35,35,35,25,25,17,17,38,20,59,59,49,49,33,33,48,14,20,20,35,41,41,11,4,19,46,49,36,34,60,60,60,60,60,52,52,57,40,43,62,62,65,0,0],"gold":259,"neow_bonus":"ONE_RARE_RELIC","is_daily":false,"chose_seed":false,"campfire_upgraded":2,"win_rate":0.0,"timestamp":1608751335,"path_taken":["M","M","?","?","M","R","E","R","T","R","M","R","?","E","R","BOSS","M","M","?","?","?","R","E","M","T","R","?","$","E","M","R","BOSS","M","?","?","?","$","R","E","M","T","?","M","?","R","?","R","BOSS"],"items_purchased_type":["Relic","Relic","Card"],"build_version":"2020-12-22","purchased_purges":2,"victory":false,"max_hp_per_floor":[72,72,72,72,72,72,72,72,72,72,72,72,72,72,72,72,72,72,72,50,50,50,50,50,50,50,50,50,50,50,50,50,50,50,50,50,60,60,60,60,60,60,60,65,65,65,65,65,65,65,65],"relic_stats":{"Blood Vial":15,"Happy Flower":[27],"counters":[24,104],"Dead Branch":[152],"Pantograph":50,"Gambling Chip":[27],"War Paint":["Escape Plan","Vault"],"Boot":[10],"obtain_stats":[{"Happy Flower":14,"Nilry\u0027s Codex":21,"Dead Branch":0,"Odd Mushroom":13,"War Paint":43,"PrismaticShard":29,"Boot":30,"Blood Vial":26,"SlaversCollar":34,"Bottled Flame":9,"Pantograph":7,"Gambling Chip":24,"Orrery":29,"Fusion Hammer":17,"PureWater":0},{"Happy Flower":7,"Nilry\u0027s Codex":10,"Dead Branch":0,"Odd Mushroom":6,"War Paint":21,"PrismaticShard":13,"Boot":14,"Blood Vial":12,"SlaversCollar":16,"Bottled Flame":4,"Pantograph":4,"Gambling Chip":11,"Orrery":13,"Fusion Hammer":8,"PureWater":0},{"Happy Flower":22,"Nilry\u0027s Codex":37,"Dead Branch":0,"Odd Mushroom":20,"War Paint":88,"PrismaticShard":50,"Boot":56,"Blood Vial":48,"SlaversCollar":68,"Bottled Flame":15,"Pantograph":15,"Gambling Chip":41,"Orrery":50,"Fusion Hammer":30,"PureWater":0}]},"card_choices":[{"not_picked":["Swivel","PathToVictory"],"picked":"CrushJoints","floor":1},{"not_picked":["Study","Worship","Indignation"],"picked":"SKIP","floor":2},{"not_picked":["SashWhip","FlyingSleeves"],"picked":"CutThroughFate","floor":5},{"not_picked":["SashWhip","ReachHeaven"],"picked":"Wish","floor":7},{"not_picked":["Worship","EmptyFist"],"picked":"TalkToTheHand","floor":11},{"not_picked":["ReachHeaven","ThirdEye"],"picked":"CarveReality","floor":13},{"not_picked":["EmptyMind","ClearTheMind"],"picked":"Judgement","floor":14},{"not_picked":["Ragnarok","Establishment"],"picked":"Vault","floor":16},{"not_picked":["SashWhip","WindmillStrike+1"],"picked":"CarveReality+1","floor":18},{"not_picked":["Halt","Study","CutThroughFate+1"],"picked":"SKIP","floor":19},{"not_picked":["EmptyBody","JustLucky+1"],"picked":"Alpha","floor":24},{"not_picked":["ReachHeaven","SignatureMove+1","BowlingBash"],"picked":"SKIP","floor":25},{"not_picked":["Collect","WaveOfTheHand","CrushJoints+1"],"picked":"SKIP","floor":28},{"not_picked":["CrushJoints","Evaluate"],"picked":"Purity","floor":29},{"not_picked":["Nirvana","FlyingSleeves"],"picked":"Escape Plan","floor":29},{"not_picked":["PanicButton","Beam Cell"],"picked":"Armaments+1","floor":30},{"not_picked":["Anger","Magnetism","EmptyBody+1"],"picked":"SKIP","floor":31},{"not_picked":["Transmutation","Grand Finale"],"picked":"Vault","floor":33},{"not_picked":["Perseverance","EmptyFist","Iron Wave+1"],"picked":"SKIP","floor":35},{"not_picked":["CrushJoints+1","Ball Lightning"],"picked":"Leap+1","floor":36},{"not_picked":["Swivel","Twin Strike","MasterReality"],"picked":"SKIP","floor":38},{"not_picked":["Concentrate+1","Carnage+1"],"picked":"Cloak And Dagger+1","floor":42},{"not_picked":["Deep Breath","FlurryOfBlows","Rampage"],"picked":"SKIP","floor":45},{"not_picked":["Fasting2+1","Expertise+1"],"picked":"Blade Dance+1","floor":46},{"not_picked":["The Bomb","HandOfGreed"],"picked":"Blind","floor":48}],"player_experience":428082,"relics_obtained":[{"floor":7,"key":"Pantograph"},{"floor":9,"key":"Bottled Flame"},{"floor":13,"key":"Odd Mushroom"},{"floor":14,"key":"Happy Flower"},{"floor":21,"key":"Nilry\u0027s Codex"},{"floor":24,"key":"Gambling Chip"},{"floor":26,"key":"Blood Vial"},{"floor":30,"key":"Boot"},{"floor":43,"key":"War Paint"}],"event_choices":[{"damage_healed":0,"gold_gain":75,"player_choice":"Gather Gold","damage_taken":11,"max_hp_gain":0,"max_hp_loss":0,"event_name":"World of Goop","floor":3,"gold_loss":0},{"damage_healed":0,"gold_gain":0,"player_choice":"Ignored","damage_taken":0,"max_hp_gain":0,"max_hp_loss":0,"event_name":"Liars Game","floor":4,"gold_loss":0},{"damage_healed":0,"gold_gain":0,"player_choice":"Fought Mushrooms","damage_taken":0,"max_hp_gain":0,"max_hp_loss":0,"event_name":"Mushrooms","floor":13,"gold_loss":0},{"damage_healed":0,"gold_gain":0,"player_choice":"Became a vampire","damage_taken":0,"max_hp_gain":0,"max_hp_loss":22,"event_name":"Vampires","floor":20,"gold_loss":0,"cards_obtained":["Bite","Bite","Bite","Bite","Bite"]},{"damage_healed":0,"gold_gain":0,"player_choice":"Obtained Book","damage_taken":16,"max_hp_gain":0,"max_hp_loss":0,"event_name":"Cursed Tome","floor":21,"gold_loss":0},{"damage_healed":0,"gold_gain":0,"player_choice":"Read","damage_taken":0,"max_hp_gain":0,"max_hp_loss":0,"event_name":"The Library","floor":22,"gold_loss":0,"cards_obtained":["FlurryOfBlows"]},{"cards_removed":["Judgement"],"damage_healed":16,"gold_gain":0,"player_choice":"Offered Rare","damage_taken":0,"max_hp_gain":10,"max_hp_loss":0,"event_name":"Bonfire Elementals","floor":37,"gold_loss":0},{"damage_healed":0,"gold_gain":0,"player_choice":"Bought 2 Potions","damage_taken":0,"max_hp_gain":0,"max_hp_loss":0,"event_name":"The Woman in Blue","floor":44,"gold_loss":0},{"damage_healed":0,"gold_gain":0,"player_choice":"Memory 1","damage_taken":0,"max_hp_gain":0,"max_hp_loss":0,"event_name":"SensoryStone","floor":48,"gold_loss":0}],"is_beta":false,"boss_relics":[{"not_picked":["Pandora\u0027s Box","Philosopher\u0027s Stone"],"picked":"Fusion Hammer"},{"not_picked":["Runic Dome","SacredBark"],"picked":"SlaversCollar"}],"items_purged_floors":[29,39],"is_endless":false,"potions_floor_spawned":[1,7,13,19,25,30,31,35,36,38,46],"killed_by":"Time Eater","ascension_level":7}}