{"host":"5fasz840ryq7obdf","time":1608721822,"event":{"mods":["AchievementEnabler","BaseMod","Bestiary","Better Altar","Better Skull","Better Third Choice","BetterRewards","Block Reminder","Colored Powertips","Curses Come First","Minty Spire (QoL Compilation)","Quick Restart","Relic Stats","Shop Mod","Spicy Shops","StSLib"],"gold_per_floor":[115,190,190,205,230,262,276,276,276],"floor_reached":8,"playtime":922,"items_purged":[],"score":109,"play_id":"830e67d8-3838-4c2f-a4ba-059ddfbfbb3c","local_time":"20201223111022","is_ascension_mode":true,"campfire_choices":[],"circlet_count":0,"master_deck":["AscendersBane","Strike_P","Strike_P","Strike_P","Strike_P","Defend_P","Defend_P","Defend_P","Defend_P","Eruption","Vigilance","Mayhem","Study","SashWhip","Prostrate+1","Burn+1","Prostrate+1","Evaluate+1","Crescendo+1"],"relics":["PureWater","Mummified Hand","Lee\u0027s Waffle","Toxic Egg 2","Omamori","Letter Opener"],"acts_visited":["Exordium"],"potions_floor_usage":[6],"damage_taken":[{"damage":2.0,"enemies":"2 Louse","floor":1.0,"turns":3.0},{"damage":15.0,"enemies":"Jaw Worm","floor":4.0,"turns":4.0},{"damage":36,"enemies":"Gremlin Nob","floor":6,"turns":4},{"damage":0,"enemies":"Small Slimes","floor":7,"turns":4},{"damage":12,"enemies":"3 Sentries","floor":8,"turns":2}],"seed_played":"700724691468244655","potions_obtained":[{"floor":1.0,"key":"AttackPotion"}],"is_trial":false,"path_per_floor":["M","?","?","M","T","E","M","E"],"character_chosen":"WATCHER","items_purchased":["Mummified Hand","Mayhem","Study","Lee\u0027s Waffle","Toxic Egg 2","SashWhip"],"campfire_rested":0,"item_purchase_floors":[0,0,0,0,0,0],"current_hp_per_floor":[73,62,62,47,47,11,11,0,0],"gold":276,"neow_bonus":"","is_daily":false,"chose_seed":false,"campfire_upgraded":0,"win_rate":0.0,"timestamp":1608721822,"path_taken":["M","?","?","M","?","E","M","E"],"items_purchased_type":["Relic","Card","Card","Relic","Relic","Card"],"build_version":"2020-12-22","purchased_purges":0,"victory":false,"max_hp_per_floor":[75,75,75,75,75,75,75,75,75],"relic_stats":{"Lee\u0027s Waffle":45,"counters":[14,62],"Mummified Hand":[9],"Letter Opener":[15],"obtain_stats":[{"Darkstone Periapt":0,"Lantern":0,"Calipers":0,"Bag of Preparation":0,"Whetstone":22,"TeardropLocket":26,"Sling":0,"Smiling Mask":0,"Dream Catcher":0,"Mummified Hand":0,"Tiny Chest":0,"VioletLotus":17,"HandDrill":0,"Toxic Egg 2":0,"Girya":0,"Lee\u0027s Waffle":0,"Blue Candle":0,"Oddly Smooth Stone":11,"PreservedInsect":24,"Omamori":5,"Letter Opener":6,"OrangePellets":0,"Bottled Flame":27,"Membership Card":20,"PureWater":0,"Toy Ornithopter":0},{"Darkstone Periapt":0,"Lantern":0,"Calipers":0,"Bag of Preparation":0,"Whetstone":5,"TeardropLocket":6,"Sling":0,"Smiling Mask":0,"Dream Catcher":0,"Mummified Hand":9,"Tiny Chest":0,"VioletLotus":3,"HandDrill":0,"Toxic Egg 2":9,"Girya":0,"Lee\u0027s Waffle":0,"Blue Candle":0,"Oddly Smooth Stone":1,"PreservedInsect":6,"Omamori":11,"Letter Opener":12,"OrangePellets":0,"Bottled Flame":7,"Membership Card":4,"PureWater":0,"Toy Ornithopter":0},{"Darkstone Periapt":0,"Lantern":0,"Calipers":0,"Bag of Preparation":0,"Whetstone":31,"TeardropLocket":35,"Sling":0,"Smiling Mask":0,"Dream Catcher":0,"Mummified Hand":45,"Tiny Chest":0,"VioletLotus":16,"HandDrill":0,"Toxic Egg 2":45,"Girya":0,"Lee\u0027s Waffle":0,"Blue Candle":0,"Oddly Smooth Stone":3,"PreservedInsect":35,"Omamori":52,"Letter Opener":56,"OrangePellets":0,"Bottled Flame":38,"Membership Card":25,"PureWater":0,"Toy Ornithopter":0}]},"card_choices":[{"not_picked":["EmptyBody+1","JustLucky"],"picked":"Prostrate+1","floor":1.0},{"not_picked":["CutThroughFate","PathToVictory+1"],"picked":"Prostrate+1","floor":4.0},{"not_picked":["Halt+1","CrushJoints"],"picked":"Evaluate+1","floor":6},{"not_picked":["FlyingSleeves","JustLucky"],"picked":"Crescendo+1","floor":7}],"player_experience":980336,"relics_obtained":[{"floor":5.0,"key":"Omamori"},{"floor":6,"key":"Letter Opener"}],"event_choices":[{"damage_healed":0.0,"max_hp_gain":0.0,"max_hp_loss":0.0,"gold_gain":75.0,"event_name":"betterThird:BetterGoop","player_choice":"Gold","floor":2.0,"gold_loss":0.0,"damage_taken":11.0},{"damage_healed":62.0,"max_hp_gain":0.0,"max_hp_loss":75.0,"gold_gain":0.0,"event_name":"betterThird:BetterShining","player_choice":"Embrace Burn","floor":3.0,"gold_loss":0.0,"damage_taken":0.0}],"is_beta":false,"boss_relics":[],"items_purged_floors":[],"is_endless":false,"potions_floor_spawned":[1],"killed_by":"3 Sentries","ascension_level":19}}