{"host":"sabve5zmqufxyc5o","time":1608712860,"event":{"mods":["2.2 Compatiblity","AchievementEnabler","Act Like it!","BaseMod","Block Reminder","Colored Map","Colored Powertips","DeckTracker","KOR Keyword Fix","Keyboard Shortcuts","Minty Spire (QoL Compilation)","Quick Restart","Rare Cards Sparkle","Relic Stats","StSLib","SuperFastMode"],"gold_per_floor":[111,127,146,160,180,180,180],"floor_reached":6,"playtime":120,"items_purged":[],"score":80,"play_id":"0531a766-fec8-455e-9328-f47ef55ca775","local_time":"20201223174100","is_ascension_mode":true,"campfire_choices":[],"circlet_count":0,"master_deck":["AscendersBane","Strike_B","Strike_B","Strike_B","Strike_B","Defend_B","Defend_B","Defend_B","Defend_B","Zap","Dualcast","Sweeping Beam","Steam","Self Repair","Capacitor","Beam Cell"],"relics":["Cracked Core"],"acts_visited":["Exordium"],"potions_floor_usage":[6],"damage_taken":[{"damage":1.0,"enemies":"Cultist","floor":1.0,"turns":3.0},{"damage":3.0,"enemies":"2 Louse","floor":2.0,"turns":3.0},{"damage":5.0,"enemies":"Small Slimes","floor":3.0,"turns":3.0},{"damage":19,"enemies":"Exordium Wildlife","floor":4,"turns":5},{"damage":40,"enemies":"Exordium Thugs","floor":5,"turns":5},{"damage":0,"enemies":"Gremlin Nob","floor":6,"turns":2}],"seed_played":"8578875410566720169","potions_obtained":[{"floor":4,"key":"SneckoOil"},{"floor":5,"key":"LiquidBronze"}],"is_trial":false,"path_per_floor":["M","M","M","M","M","E"],"character_chosen":"DEFECT","items_purchased":[],"campfire_rested":0,"item_purchase_floors":[],"current_hp_per_floor":[70,67,62,50,17,17,17],"gold":180,"neow_bonus":"TEN_PERCENT_HP_BONUS","is_daily":false,"chose_seed":false,"campfire_upgraded":0,"win_rate":0.0,"timestamp":1608712860,"path_taken":["M","M","M","?","?","E"],"items_purchased_type":[],"build_version":"2020-12-22","purchased_purges":0,"victory":false,"max_hp_per_floor":[78,78,78,78,78,78,78],"relic_stats":{"counters":[6,21],"obtain_stats":[{"Cracked Core":0},{"Cracked Core":0},{"Cracked Core":0}]},"card_choices":[{"not_picked":["Steam","Leap"],"picked":"Sweeping Beam","floor":1.0},{"not_picked":["Storm","Leap"],"picked":"Steam","floor":2.0},{"not_picked":["Rebound","Barrage"],"picked":"Self Repair","floor":3.0},{"not_picked":["Darkness","Steam Power"],"picked":"Capacitor","floor":4},{"not_picked":["Steam","Hello World"],"picked":"Beam Cell","floor":5}],"player_experience":797125,"relics_obtained":[],"event_choices":[],"is_beta":false,"boss_relics":[],"items_purged_floors":[],"is_endless":false,"potions_floor_spawned":[4,5],"killed_by":"Gremlin Nob","ascension_level":20}}