{"host":"jxajaf4sdikd2b60","time":1608701027,"event":{"mods":["AchievementEnabler","BaseMod","Better Match","Better Note","Better Skull","Better Third Choice","BetterRewards","Colored Powertips","Conspire","Custom Start","Infinite Spire","Minty Spire (QoL Compilation)","Quick Restart","Random Character Button","Replay The Spire","Spicy Shops","StSLib","The Blue Laboratory"],"gold_per_floor":[111,111,127,77,168,168,182,182,182,182,201,247,25,39,39,143,143,162,201,251,251,76,123,169,169,169,222,222,222,165,40,40,159,159,184,31,31,72,2,2,26],"floor_reached":42,"playtime":2280,"items_purged":["Strike_G","Strike_G","Strike_G","Pain"],"score":1052,"play_id":"d03a5f4d-85d8-43a5-9ed4-8fb14a90c2c7","local_time":"20201223002347","is_ascension_mode":true,"campfire_choices":[{"data":"Terror","floor":6,"key":"SMITH"},{"data":"Neutralize","floor":8,"key":"SMITH"},{"floor":15,"key":"REST"},{"floor":25,"key":"REST"},{"data":"conspire:DoublingDagger","floor":29,"key":"SMITH"},{"floor":32,"key":"REST"}],"circlet_count":0,"master_deck":["AscendersBane","Defend_G+1","Defend_G+1","Defend_G+1","Defend_G+1","Survivor","Neutralize+1","Infinite Blades","Infinite Blades","Hidden Blade","Infinite Blades","conspire:DoublingDagger+1","PiercingWail","Terror+1","Blade Dance","Blade Dance+1","Accuracy+1","Accuracy","Injury","Doubt","ReplayTheSpireMod:Doomed","Phantasmal Killer+1","ReplayTheSpireMod:IOU","Doubt","ReplayTheSpireMod:IOU","Blade Dance+1","Accuracy+1"],"relics":["Ring of the Snake","Omamori","Lee\u0027s Waffle","conspire:GlowingRock","Du-Vu Doll","Regal Pillow","conspire:SpecialSausage","Ring of Peace","Ring of Greed","Golden Egg","Replay:Bandana","ReplayTheSpireMod:CursedCoin","Snack Pack","Bag of Preparation","Kintsugi","Replay:Baseball","Shuriken","Replay:Ancient Bell","Potion Belt","Replay:Bottled Eggs","Counterbalance","Cauldron"],"acts_visited":["Exordium","TheCity","TheBeyond"],"potions_floor_usage":[12,14,16,18,23,24,30,41,41,41,41],"damage_taken":[{"damage":0,"enemies":"2 Louse","floor":1,"turns":5},{"damage":0,"enemies":"Small Slimes","floor":3,"turns":5},{"damage":5,"enemies":"Cultist","floor":7,"turns":4},{"damage":13,"enemies":"Large Slime","floor":11,"turns":6},{"damage":30,"enemies":"Lagavulin","floor":12,"turns":5},{"damage":6,"enemies":"Blue Slaver","floor":14,"turns":4},{"damage":33,"enemies":"The Guardian","floor":16,"turns":11},{"damage":18,"enemies":"Chosen","floor":18,"turns":6},{"damage":13,"enemies":"Shell Parasite","floor":19,"turns":6},{"damage":8,"enemies":"Book of Stabbing","floor":23,"turns":4},{"damage":10,"enemies":"Centurion and Healer","floor":24,"turns":4},{"damage":8,"enemies":"3 Cultists","floor":27,"turns":5},{"damage":21,"enemies":"conspire:SneckoGhost","floor":30,"turns":5},{"damage":14,"enemies":"conspire:MysteriousRune","floor":33,"turns":5},{"damage":0,"enemies":"3 Shapes","floor":35,"turns":4},{"damage":0,"enemies":"3 Darklings","floor":38,"turns":3},{"damage":22,"enemies":"infinitespire:MassOfShapes","floor":41,"turns":4}],"seed_played":"-1702583647165454211","potions_obtained":[{"floor":3,"key":"blueLaboratory:PyrophylliteBrew"},{"floor":12,"key":"Reflective Coating"},{"floor":14,"key":"blueLaboratory:BottleOfVodka"},{"floor":16,"key":"PowerPotion"},{"floor":18,"key":"blueLaboratory:EnvenomedCoating"},{"floor":19,"key":"blueLaboratory:Virophage"},{"floor":24,"key":"blueLaboratory:FrostheartPotion"},{"floor":27,"key":"Explosive Potion"},{"floor":36,"key":"Strength Potion"},{"floor":36,"key":"ColorlessPotion"},{"floor":36,"key":"Strength Potion"}],"is_trial":false,"path_per_floor":["M","?","M","?","?","R","M","R","T","?","M","E","$","M","R","B",null,"M","M","?","?","$","E","M","R","T","M","AVR","R","E","$","R","B",null,"M","$","?","M","$","?","B",null],"character_chosen":"THE_SILENT","items_purchased":["Infinite Blades","Omamori","Hidden Blade","Lee\u0027s Waffle","Infinite Blades","conspire:DoublingDagger","Regal Pillow","Accuracy","ReplayTheSpireMod:CursedCoin","Cauldron","Accuracy"],"campfire_rested":3,"item_purchase_floors":[0,0,0,0,0,0,13,22,22,36,39],"current_hp_per_floor":[77,82,82,82,62,62,57,57,57,57,44,14,14,8,47,14,65,47,34,34,34,34,26,18,57,57,53,53,53,36,36,75,67,78,82,82,82,82,82,82,66],"gold":26,"neow_bonus":"","is_daily":false,"chose_seed":false,"campfire_upgraded":3,"win_rate":0.0,"timestamp":1608701027,"path_taken":["M","?","M","?","?","R","M","R","T","?","M","E","$","?","R","BOSS","M","M","?","?","$","E","M","R","T","M","AVR","R","E","$","R","BOSS","M","$","?","M","?","?","BOSS"],"items_purchased_type":["Card","Relic","Card","Relic","Card","Card","Relic","Card","Relic","Relic","Card"],"build_version":"2020-12-22","purchased_purges":4,"victory":true,"max_hp_per_floor":[77,82,82,82,82,82,82,82,82,82,82,82,82,82,82,82,82,82,82,82,82,82,82,82,82,82,82,82,82,82,82,82,82,82,82,82,82,82,82,82,82],"card_choices":[{"not_picked":["Slice","Bane"],"picked":"ReplayTheSpireMod:Scrap Shanks","floor":1},{"not_picked":["Bouncing Flask","Hidden Blade","Poisoned Stab"],"picked":"SKIP","floor":3},{"not_picked":["Dodge and Roll","Dagger Spray"],"picked":"Terror","floor":5},{"not_picked":["Underhanded Strike","Reflex"],"picked":"Blade Dance","floor":5},{"not_picked":["Bane","Deadly Poison"],"picked":"Blade Dance","floor":7},{"not_picked":["Leg Sweep","Flying Knee","Dagger Spray"],"picked":"SKIP","floor":11},{"not_picked":["Bouncing Flask","Concentrate","Dagger Throw"],"picked":"SKIP","floor":12},{"not_picked":["Heel Hook","Wraith Form v2","Dodge and Roll"],"picked":"SKIP","floor":14},{"not_picked":["Acrobatics","Deflect","ReplayTheSpireMod:Tripwire"],"picked":"SKIP","floor":18},{"not_picked":["Masterful Stab","Prepared","Dodge and Roll+1"],"picked":"SKIP","floor":19},{"not_picked":["Acrobatics","Quick Slash+1"],"picked":"Accuracy","floor":23},{"not_picked":["Outmaneuver","PiercingWail+1","Heel Hook"],"picked":"SKIP","floor":24},{"not_picked":["ReplayTheSpireMod:Tripwire","Grand Finale","Dagger Throw"],"picked":"SKIP","floor":27},{"not_picked":["Sucker Punch","Deflect","Replay:Poison Smokescreen"],"picked":"SKIP","floor":30},{"not_picked":["Die Die Die","Corpse Explosion"],"picked":"Phantasmal Killer","floor":33},{"not_picked":["Writhe","ReplayTheSpireMod:Doomed"],"picked":"ReplayTheSpireMod:IOU","floor":34},{"not_picked":["Hallucinations","Delirium"],"picked":"Doubt","floor":34},{"not_picked":["betterMatch:CurseCard","Voices"],"picked":"ReplayTheSpireMod:IOU","floor":34},{"not_picked":["Replay:Poison Smokescreen","Deflect","ReplayTheSpireMod:Shiv Toss+1"],"picked":"SKIP","floor":35},{"not_picked":["Acrobatics","Prepared+1"],"picked":"Blade Dance+1","floor":38}],"player_experience":581498,"relics_obtained":[{"floor":9,"key":"conspire:GlowingRock"},{"floor":12,"key":"Du-Vu Doll"},{"floor":20,"key":"Ring of Peace"},{"floor":20,"key":"Ring of Greed"},{"floor":20,"key":"Golden Egg"},{"floor":20,"key":"Replay:Bandana"},{"floor":23,"key":"Snack Pack"},{"floor":26,"key":"Bag of Preparation"},{"floor":30,"key":"Shuriken"}],"event_choices":[{"damage_healed":0,"gold_gain":0,"player_choice":"Donut","damage_taken":0,"max_hp_gain":5,"max_hp_loss":0,"event_name":"Big Fish","floor":2,"gold_loss":0},{"damage_healed":0,"gold_gain":0,"player_choice":"Invest 1","damage_taken":0,"max_hp_gain":0,"max_hp_loss":0,"event_name":"conspire:Investor","floor":4,"gold_loss":0},{"damage_healed":0,"gold_gain":0,"player_choice":"Bought 0 Potions","damage_taken":0,"max_hp_gain":0,"max_hp_loss":0,"event_name":"The Woman in Blue","floor":10,"gold_loss":0},{"damage_healed":0,"gold_gain":0,"player_choice":"Ignored","damage_taken":0,"max_hp_gain":0,"max_hp_loss":0,"event_name":"Ghosts","floor":21,"gold_loss":0},{"damage_healed":0,"gold_gain":0,"player_choice":"Forge","damage_taken":0,"max_hp_gain":0,"max_hp_loss":0,"event_name":"Accursed Blacksmith","floor":37,"gold_loss":0,"cards_upgraded":["Blade Dance"]},{"damage_healed":0,"gold_gain":0,"player_choice":"Portal","damage_taken":0,"max_hp_gain":0,"max_hp_loss":0,"event_name":"betterThird:BetterPortal","floor":40,"gold_loss":0}],"is_beta":false,"boss_relics":[{"not_picked":["SacredBark","Velvet Choker"],"picked":"conspire:SpecialSausage"},{"not_picked":["SlaversCollar","Black Star"],"picked":"Replay:Ancient Bell"},{"not_picked":["Bronze Scales","MawBank"],"picked":"Potion Belt"},{"not_picked":["Mirror","White Beast Statue"],"picked":"Replay:Bottled Eggs"},{"not_picked":["StoneCalendar","Replay:PocketPolymizer"],"picked":"Counterbalance"}],"items_purged_floors":[13,22,28,31],"is_endless":false,"potions_floor_spawned":[3,12,14,16,18,19,24,27,38],"ascension_level":11}}