{"host":"3jpwrwmmgyabjceh","time":1608720751,"event":{"mods":["AchievementEnabler","BaseMod","Colored Map","Colored Powertips","Highlight Path","Minty Spire (QoL Compilation)","Quick Restart","StSLib"],"gold_per_floor":[114,129,144,159,174,204,204,219,219,239,239,254,26,41,41,141,141,156,171,186,186,201,201,216,246,246,21,21,36,36,51,51,151,151,166,181,181,0,15,15,15,30,30,30,30,45,60,88,88,88],"floor_reached":51,"playtime":2014,"items_purged":["Thunderclap"],"score":677,"play_id":"9e9d60e4-5624-4504-b340-5ebeb61ed117","local_time":"20201223135231","daily_mods":["SealedDeck","Red Cards","Night Terrors"],"is_ascension_mode":false,"campfire_choices":[{"data":"Crescendo","floor":7,"key":"SMITH"},{"data":"Armaments","floor":15,"key":"SMITH"},{"floor":23,"key":"REST"},{"data":"Fasting2","floor":30,"key":"SMITH"},{"data":"ClearTheMind","floor":32,"key":"SMITH"},{"data":"Barricade","floor":40,"key":"SMITH"},{"data":"ClearTheMind","floor":44,"key":"SMITH"},{"floor":49,"key":"REST"}],"circlet_count":0,"master_deck":["Indignation","Shrug It Off","Thunderclap","Rage","EmptyFist","FlurryOfBlows","ClearTheMind+1","Conclude","ClearTheMind+1","Crescendo+1","FlurryOfBlows","Fasting2+1","Armaments+1","Reaper","Spot Weakness+1","InnerPeace+1","Barricade+1","EmptyFist+1","Decay","ClearTheMind"],"relics":["PureWater","Blue Candle","StrikeDummy","Odd Mushroom","Orrery","Busted Crown","Question Card","StoneCalendar","Lee\u0027s Waffle","VioletLotus","Red Mask","Smiling Mask","Dead Branch"],"acts_visited":["Exordium","TheCity","TheBeyond"],"potions_floor_usage":[12,14,18,33,35,50,50,50],"damage_taken":[{"damage":0,"enemies":"2 Louse","floor":1,"turns":1},{"damage":3,"enemies":"Jaw Worm","floor":2,"turns":2},{"damage":0,"enemies":"Small Slimes","floor":3,"turns":1},{"damage":0,"enemies":"2 Fungi Beasts","floor":4,"turns":2},{"damage":0,"enemies":"Gremlin Gang","floor":5,"turns":1},{"damage":5,"enemies":"Gremlin Nob","floor":6,"turns":3},{"damage":0,"enemies":"Red Slaver","floor":8,"turns":2},{"damage":0,"enemies":"The Mushroom Lair","floor":10,"turns":2},{"damage":3,"enemies":"Exordium Wildlife","floor":12,"turns":2},{"damage":0,"enemies":"Gremlin Gang","floor":14,"turns":1},{"damage":25,"enemies":"Hexaghost","floor":16,"turns":5},{"damage":12,"enemies":"Shell Parasite","floor":18,"turns":2},{"damage":0,"enemies":"3 Byrds","floor":19,"turns":3},{"damage":0,"enemies":"Snecko","floor":20,"turns":2},{"damage":25,"enemies":"Shelled Parasite and Fungi","floor":22,"turns":2},{"damage":21,"enemies":"Snake Plant","floor":24,"turns":3},{"damage":33,"enemies":"Slavers","floor":25,"turns":3},{"damage":0,"enemies":"Centurion and Healer","floor":29,"turns":3},{"damage":8,"enemies":"Snecko","floor":31,"turns":3},{"damage":17,"enemies":"Collector","floor":33,"turns":5},{"damage":8,"enemies":"3 Darklings","floor":35,"turns":2},{"damage":19,"enemies":"3 Shapes","floor":36,"turns":2},{"damage":3,"enemies":"Transient","floor":39,"turns":5},{"damage":28,"enemies":"Maw","floor":42,"turns":6},{"damage":17,"enemies":"Writhing Mass","floor":46,"turns":3},{"damage":17,"enemies":"Jaw Worm Horde","floor":47,"turns":2},{"damage":37,"enemies":"2 Orb Walkers","floor":48,"turns":4},{"damage":70,"enemies":"Donu and Deca","floor":50,"turns":6}],"seed_played":"4926568582952100995","potions_obtained":[{"floor":1,"key":"EntropicBrew"},{"floor":2,"key":"Dexterity Potion"},{"floor":3,"key":"ColorlessPotion"},{"floor":10,"key":"StancePotion"},{"floor":12,"key":"DistilledChaos"},{"floor":14,"key":"StancePotion"},{"floor":19,"key":"LiquidMemories"},{"floor":20,"key":"BottledMiracle"},{"floor":24,"key":"CultistPotion"},{"floor":36,"key":"BottledMiracle"},{"floor":48,"key":"BottledMiracle"}],"is_trial":false,"path_per_floor":["M","M","M","M","M","E","R","M","T","?","?","M","$","M","R","B",null,"M","M","M","?","M","R","M","E","T","$","?","M","R","M","R","B",null,"M","M","?","?","M","R","?","M","T","R","$","M","M","?","R","B",null],"character_chosen":"WATCHER","items_purchased":["Inflame","Orrery","Lee\u0027s Waffle"],"campfire_rested":2,"item_purchase_floors":[13,13,27],"current_hp_per_floor":[72,69,69,69,69,64,64,64,64,64,57,54,54,54,54,29,72,60,67,67,67,42,67,64,31,31,74,74,74,74,66,66,74,74,74,64,64,64,69,69,69,73,73,73,73,56,74,49,69,29],"gold":88,"neow_bonus":"","is_daily":true,"chose_seed":false,"campfire_upgraded":6,"win_rate":0.0,"timestamp":1608720751,"path_taken":["M","M","M","M","M","E","R","M","T","?","?","M","$","M","R","BOSS","M","M","M","?","M","R","M","E","T","$","?","M","R","M","R","BOSS","M","M","?","?","M","R","?","?","T","R","?","M","M","?","R","BOSS"],"items_purchased_type":["Card","Relic","Relic"],"build_version":"2020-12-22","purchased_purges":1,"victory":true,"max_hp_per_floor":[72,72,72,72,72,72,72,72,72,72,72,72,72,72,72,72,72,72,72,72,72,72,67,67,67,67,74,74,74,74,74,74,74,74,74,74,74,74,74,74,74,74,74,74,74,74,74,74,69,69],"card_choices":[{"not_picked":["Wallop","Blood for Blood","Sword Boomerang"],"picked":"SKIP","floor":1},{"not_picked":["Consecrate","Second Wind","SashWhip"],"picked":"SKIP","floor":2},{"not_picked":["Burning Pact","WindmillStrike"],"picked":"Crescendo","floor":3},{"not_picked":["Consecrate","Study","Evolve"],"picked":"SKIP","floor":4},{"not_picked":["Evolve","SandsOfTime"],"picked":"Iron Wave","floor":5},{"not_picked":["WaveOfTheHand","JustLucky","Pommel Strike"],"picked":"SKIP","floor":6},{"not_picked":["Protect","Combust","Ragnarok"],"picked":"SKIP","floor":8},{"not_picked":["Clash","Cleave","CutThroughFate"],"picked":"SKIP","floor":12},{"not_picked":["EmptyFist","Wild Strike"],"picked":"FlurryOfBlows","floor":13},{"not_picked":["Rampage","Bloodletting"],"picked":"Spot Weakness","floor":13},{"not_picked":["FollowUp","Havoc"],"picked":"Fasting2","floor":13},{"not_picked":["PathToVictory","Flex"],"picked":"Armaments","floor":14},{"not_picked":["Judgement","Establishment"],"picked":"Reaper","floor":16},{"not_picked":["Havoc"],"picked":"SKIP","floor":18},{"not_picked":[],"picked":"Spot Weakness+1","floor":19},{"not_picked":["Cleave"],"picked":"SKIP","floor":20},{"not_picked":["WheelKick+1"],"picked":"SKIP","floor":22},{"not_picked":["Prostrate+1"],"picked":"SKIP","floor":24},{"not_picked":["Iron Wave+1"],"picked":"SKIP","floor":25},{"not_picked":["EmptyFist"],"picked":"InnerPeace+1","floor":29},{"not_picked":["Thunderclap","SashWhip+1"],"picked":"SKIP","floor":31},{"not_picked":["DevaForm"],"picked":"Barricade","floor":33},{"not_picked":["Feel No Pain+1","Warcry"],"picked":"SKIP","floor":35},{"not_picked":["Dual Wield+1"],"picked":"EmptyFist+1","floor":36},{"not_picked":["Dropkick+1","PathToVictory"],"picked":"SKIP","floor":39},{"not_picked":["EmptyFist","Pummel+1"],"picked":"SKIP","floor":42},{"not_picked":["BattleHymn"],"picked":"ClearTheMind","floor":46},{"not_picked":["Prostrate","Barricade"],"picked":"SKIP","floor":47}],"player_experience":251823,"relics_obtained":[{"floor":6,"key":"Blue Candle"},{"floor":9,"key":"StrikeDummy"},{"floor":10,"key":"Odd Mushroom"},{"floor":25,"key":"Question Card"},{"floor":26,"key":"StoneCalendar"},{"floor":43,"key":"Smiling Mask"},{"floor":48,"key":"Dead Branch"}],"event_choices":[{"damage_healed":0,"gold_gain":0,"player_choice":"Fought Mushrooms","damage_taken":0,"max_hp_gain":0,"max_hp_loss":0,"event_name":"Mushrooms","floor":10,"gold_loss":0},{"cards_removed":["Iron Wave"],"damage_healed":0,"gold_gain":0,"player_choice":"Card Removal","damage_taken":7,"max_hp_gain":0,"max_hp_loss":0,"event_name":"Golden Wing","floor":11,"gold_loss":0},{"damage_healed":0,"gold_gain":0,"player_choice":"Ignored","damage_taken":0,"max_hp_gain":0,"max_hp_loss":0,"event_name":"Vampires","floor":21,"gold_loss":0},{"cards_removed":["Spot Weakness"],"damage_healed":0,"gold_gain":0,"player_choice":"Elegance","damage_taken":0,"max_hp_gain":0,"max_hp_loss":0,"event_name":"Back to Basics","floor":28,"gold_loss":0},{"cards_removed":["Inflame"],"damage_healed":0,"gold_gain":0,"player_choice":"Removed Power","damage_taken":0,"max_hp_gain":0,"max_hp_loss":0,"event_name":"Falling","floor":37,"gold_loss":0},{"damage_healed":0,"gold_gain":0,"player_choice":"Paid","damage_taken":0,"relics_obtained":["Red Mask"],"max_hp_gain":0,"max_hp_loss":0,"event_name":"Tomb of Lord Red Mask","floor":38,"gold_loss":181},{"damage_healed":0,"gold_gain":0,"player_choice":"Cursed","damage_taken":0,"max_hp_gain":0,"max_hp_loss":0,"event_name":"Wheel of Change","floor":41,"gold_loss":0,"cards_obtained":["Decay"]},{"damage_healed":0,"gold_gain":0,"player_choice":"Fight","damage_taken":0,"max_hp_gain":0,"max_hp_loss":0,"event_name":"Mysterious Sphere","floor":48,"gold_loss":0}],"is_beta":false,"boss_relics":[{"not_picked":["Ectoplasm","Runic Pyramid"],"picked":"Busted Crown"},{"not_picked":["SlaversCollar","Astrolabe"],"picked":"VioletLotus"}],"items_purged_floors":[27],"is_endless":false,"potions_floor_spawned":[1,2,3,10,12,14,16,19,20,24,29,31,36,48],"ascension_level":0}}