{"host":"bbld1ic1uj90ldt9","time":1608720392,"event":{"mods":["2.2 Compatiblity","AchievementEnabler","Act Like it!","BaseMod","Better Third Choice","Conspire","Downfall","Emptier Cage","Gensokyo","Hallownest","Hermit","Highlight Path","Hubris","Marisa????????","Minty Spire (QoL Compilation)","Random Character Button","Replay The Spire","StSLib","The Animator","The Bug Knight","The Cursed","The Disciple","The Hierophant","The Jungle","The Runesmith","The Servant 0.9.4"],"gold_per_floor":[118,138,63,80,80,80,107,107,107,118,148,183,183,83,83,211,311,344,390,390,390,449,449,449,482,482,482,512,512,512,512,512,663,663,696,712,812,812,829,829,829,895,946,992,992,1008,1024,1024],"floor_reached":47,"playtime":4491,"items_purged":["Strike_P"],"score":588,"play_id":"b2e1979f-f662-414a-b589-fe8d506a787e","local_time":"20201223114632","is_ascension_mode":false,"campfire_choices":[{"floor":6.0,"key":"RECALL"},{"data":"Eruption","floor":13.0,"key":"SMITH"},{"floor":15.0,"key":"REST"},{"floor":27.0,"key":"REST"},{"floor":30.0,"key":"REST"},{"data":"DevaForm","floor":32.0,"key":"SMITH"},{"floor":40.0,"key":"REST"}],"circlet_count":0,"master_deck":["Strike_P+1","Strike_P","Defend_P+1","Defend_P","Defend_P","Defend_P","Eruption+1","Vigilance","Crescendo","WindmillStrike","FlurryOfBlows","SpiritShield","EmptyFist","Scrawl","Study","conspire:SpireCoStock","conspire:SpireCoStock","MasterReality","MentalFortress","FlurryOfBlows+1","EmptyFist+1","Eruption","DevaForm+1","SandsOfTime","FearNoEvil","Devotion","Study","hubris:Wrath","Wallop","Doubt","Omniscience","Voices","Parasite","Sanctity+1","expansioncontent:DarkVoid","Evaluate+1"],"relics":["Cursed Key","Replay:Mystery Machine","Juzu Bracelet","Ginger","Smiling Mask","hubris:SlimyHat","Replay:Grab Bag","Replay:Wanted Poster","ReplayTheSpireMod:DimensionalGlitch","Snecko Eye","Replay:Drink Me","theJungle:BirthdayCake","Simple Rune","Counterbalance","conspire:RoyalGoblet","conspire:DecoderRing","Girya","Akabeko"],"acts_visited":["Gensokyo:Gensokyo","theJungle:Jungle","TheBeyond"],"potions_floor_usage":[],"damage_taken":[{"damage":0.0,"enemies":"Gensokyo:2_Kodama","floor":1.0,"turns":2.0},{"damage":4.0,"enemies":"Gensokyo:Gryphon","floor":2.0,"turns":4.0},{"damage":0.0,"enemies":"Gensokyo:3_Fairies","floor":4.0,"turns":4.0},{"damage":31.0,"enemies":"Gensokyo:Mamizou","floor":7.0,"turns":9.0},{"damage":0.0,"enemies":"Gensokyo:LivingMonolith","floor":10.0,"turns":3.0},{"damage":4.0,"enemies":"Gensokyo:Aya","floor":11.0,"turns":5.0},{"damage":0.0,"enemies":"conspire:MimicChest","floor":12.0,"turns":5.0},{"damage":31.0,"enemies":"Gensokyo:Kokoro","floor":16.0,"turns":13.0},{"damage":3.0,"enemies":"theJungle:GiantWrat","floor":18.0,"turns":4.0},{"damage":1.0,"enemies":"theJungle:5_Spyders","floor":19.0,"turns":6.0},{"damage":0.0,"enemies":"theJungle:Lyon","floor":22.0,"turns":2.0},{"damage":31.0,"enemies":"theJungle:2_Flameangoes","floor":25.0,"turns":4.0},{"damage":10.0,"enemies":"theJungle:Snecko_Cultist_And_Trap","floor":28.0,"turns":5.0},{"damage":0.0,"enemies":"theJungle:QueenSpyder","floor":33.0,"turns":8.0},{"damage":22.0,"enemies":"3 Shapes","floor":35.0,"turns":3.0},{"damage":0.0,"enemies":"3 Darklings","floor":36.0,"turns":4.0},{"damage":41.0,"enemies":"4 Shapes","floor":39.0,"turns":5.0},{"damage":26.0,"enemies":"Nemesis","floor":42.0,"turns":5.0},{"damage":3.0,"enemies":"Writhing Mass","floor":44.0,"turns":7.0},{"damage":20.0,"enemies":"Jaw Worm Horde","floor":46.0,"turns":3.0},{"damage":42,"enemies":"Orin","floor":47,"turns":4}],"seed_played":"-5651447973795511108","potions_obtained":[{"floor":1.0,"key":"Regen Potion"},{"floor":7.0,"key":"Swift Potion"},{"floor":16.0,"key":"Cursed Concoction"},{"floor":18.0,"key":"Elixir"},{"floor":19.0,"key":"Venom Potion"},{"floor":33.0,"key":"champ:CounterPotion"},{"floor":35.0,"key":"Swift Potion"},{"floor":36.0,"key":"Venom Potion"}],"is_trial":false,"path_per_floor":["M","M","$","M","?","R","E","?","T","M","E","?","R","?","R","B",null,"M","M","?","?","M","?","?","M","T","R","M","?","R","?","R","B",null,"M","M","?","T","M","R","?","E","T","M","?","M","?"],"character_chosen":"WATCHER","items_purchased":[],"campfire_rested":4,"item_purchase_floors":[],"current_hp_per_floor":[72,68,68,68,68,68,37,23,23,32,28,28,28,28,49,18,54,51,50,45,48,48,68,68,37,37,61,51,41,65,65,65,65,82,60,60,60,60,19,43,82,56,56,53,53,33,0,0],"gold":1024,"neow_bonus":"BOSS_RELIC","is_daily":false,"chose_seed":false,"campfire_upgraded":2,"win_rate":0.0,"timestamp":1608720392,"path_taken":["M","M","$","M","?","R","E","?","T","M","E","?","R","?","R","BOSS","M","M","?","?","M","?","?","M","T","R","M","?","R","?","R","BOSS","M","M","?","?","M","R","?","E","T","M","?","M","?"],"items_purchased_type":[],"build_version":"2020-12-22","purchased_purges":1,"victory":false,"max_hp_per_floor":[72,72,72,72,72,72,72,72,72,72,72,72,72,72,72,72,54,54,54,59,62,62,82,82,82,82,82,82,82,82,82,82,82,82,82,82,82,82,82,82,82,82,82,82,82,82,82,82],"card_choices":[{"not_picked":["Replay:Hum","WheelKick"],"picked":"Crescendo","floor":1.0},{"not_picked":["Wallop","JustLucky"],"picked":"WindmillStrike","floor":2.0},{"not_picked":["JustLucky","Weave"],"picked":"FlurryOfBlows","floor":4.0},{"not_picked":["Replay:BluntJabs","Replay:AtTheReady"],"picked":"SpiritShield","floor":7.0},{"not_picked":["Evaluate","FlyingSleeves"],"picked":"EmptyFist","floor":10.0},{"not_picked":["Replay:DivineShield","FollowUp"],"picked":"Scrawl","floor":11.0},{"not_picked":["ThirdEye","Replay:ManipulateFuture"],"picked":"Study","floor":12.0},{"not_picked":["Brilliance","ConjureBlade"],"picked":"MasterReality","floor":16.0},{"not_picked":["Adaptation","CrushJoints"],"picked":"MentalFortress","floor":18.0},{"not_picked":["Halt+1","FlyingSleeves"],"picked":"FlurryOfBlows+1","floor":19.0},{"not_picked":["Replay:BluntJabs","CutThroughFate"],"picked":"EmptyFist+1","floor":22.0},{"not_picked":["PathToVictory","FollowUp"],"picked":"SandsOfTime","floor":25.0},{"not_picked":["ClearTheMind+1","CutThroughFate"],"picked":"FearNoEvil","floor":28.0},{"not_picked":["Brilliance","Establishment"],"picked":"Devotion","floor":33.0},{"not_picked":["FlyingSleeves","Replay:DivineShield","CutThroughFate+1"],"picked":"SKIP","floor":35.0},{"not_picked":["Prostrate+1","Indignation+1"],"picked":"Study","floor":36.0},{"not_picked":["Replay:ManipulateFuture","Worship"],"picked":"Wallop","floor":39.0},{"not_picked":["Replay:AllIn","Scrawl"],"picked":"Omniscience","floor":42.0},{"not_picked":["JustLucky+1","FlurryOfBlows"],"picked":"Sanctity+1","floor":44.0},{"not_picked":["hubris:Insight","The Bomb"],"picked":"expansioncontent:DarkVoid","floor":45.0},{"not_picked":["CutThroughFate+1","Wireheading+1"],"picked":"Evaluate+1","floor":46.0}],"player_experience":2138900,"relics_obtained":[{"floor":7.0,"key":"Juzu Bracelet"},{"floor":11.0,"key":"Smiling Mask"},{"floor":12.0,"key":"hubris:SlimyHat"},{"floor":26.0,"key":"Simple Rune"},{"floor":31.0,"key":"Counterbalance"},{"floor":38.0,"key":"conspire:DecoderRing"},{"floor":42.0,"key":"Girya"},{"floor":43.0,"key":"Akabeko"}],"event_choices":[{"damage_healed":0.0,"max_hp_gain":0.0,"max_hp_loss":0.0,"gold_gain":0.0,"event_name":"conspire:Investor","player_choice":"Invest 2","floor":14.0,"gold_loss":0.0,"damage_taken":0.0},{"damage_healed":0.0,"max_hp_gain":0.0,"max_hp_loss":0.0,"gold_gain":0.0,"event_name":"Match and Keep!","player_choice":"2 cards matched","floor":24.0,"gold_loss":0.0,"damage_taken":0.0,"cards_obtained":["Eruption","DevaForm"]},{"damage_healed":0.0,"max_hp_gain":0.0,"max_hp_loss":0.0,"gold_gain":0.0,"event_name":"Wheel of Change","player_choice":"Relic","floor":31.0,"gold_loss":0.0,"damage_taken":0.0},{"damage_healed":0.0,"max_hp_gain":0.0,"max_hp_loss":0.0,"gold_gain":100.0,"event_name":"Golden Shrine","player_choice":"Pray","floor":37.0,"gold_loss":0.0,"damage_taken":0.0},{"damage_healed":39.0,"max_hp_gain":0.0,"max_hp_loss":0.0,"gold_gain":0.0,"event_name":"MindBloom","player_choice":"Heal","floor":41.0,"gold_loss":0.0,"damage_taken":0.0,"cards_obtained":["Doubt"]},{"damage_healed":0.0,"max_hp_gain":0.0,"max_hp_loss":0.0,"gold_gain":0.0,"event_name":"SensoryStone","player_choice":"Memory 1","floor":45.0,"gold_loss":0.0,"damage_taken":0.0},{"damage_healed":0,"gold_gain":0,"player_choice":"Fight","damage_taken":0,"max_hp_gain":0,"max_hp_loss":0,"event_name":"OrinTheCat","floor":47,"gold_loss":0}],"is_beta":false,"boss_relics":[{"not_picked":["ChewingGum","Busted Crown"],"picked":"Replay:Grab Bag"},{"not_picked":["Fusion Hammer","hubris:RunicObelisk"],"picked":"Replay:Wanted Poster"},{"not_picked":["conspire:SeveredTorchhead","Coffee Dripper"],"picked":"ReplayTheSpireMod:DimensionalGlitch"},{"not_picked":["Astrolabe","Calling Bell"],"picked":"Snecko Eye"},{"not_picked":["conspire:SpecialSausage","SacredBark"],"picked":"Replay:Drink Me"},{"not_picked":["Tiny House","Painkiller Herb"],"picked":"conspire:RoyalGoblet"}],"items_purged_floors":[3],"is_endless":false,"potions_floor_spawned":[1,7,16,18,19,33,35,36],"killed_by":"Orin","ascension_level":0}}