{"host":"l2dnabsh5e0fsksb","time":1608729630,"event":{"mods":["2.2 Compatiblity","BaseMod","Downfall","Minty Spire (QoL Compilation)","Quick Restart","StSLib"],"gold_per_floor":[99,109,109,109,125,142,142,173,98,11,11,27,27,55,72,170,170,170,180,180,196,207,36,36,49,49,77,92,110,110,110,110],"floor_reached":30,"playtime":1103,"items_purged":[],"score":325,"play_id":"f6a8517c-5c34-41b4-9a1d-80f50b839c57","local_time":"20201223235030","is_ascension_mode":true,"campfire_choices":[{"floor":1,"key":"RECALL"},{"data":"hexamod:RetreatToShadows","floor":9,"key":"SMITH"},{"data":"hexamod:Float","floor":11,"key":"SMITH"},{"data":"hexamod:EtherealExpedition","floor":13,"key":"SMITH"},{"data":"hexamod:AdvancingGuard","floor":18,"key":"SMITH"}],"circlet_count":0,"master_deck":["hexamod:Strike","hexamod:Strike","hexamod:Strike","hexamod:Defend+1","hexamod:Defend","hexamod:Defend","hexamod:Defend","hexamod:Sear+1","hexamod:Float+1","hexamod:ThirdSeal","hexamod:RetreatToShadows+1","hexamod:ExtraCrispy+1","hexamod:InspiringFlames","hexamod:AdvancingGuard+1","hexamod:SpectersWail+1","hexamod:SpectersWail+1","hexamod:SpectersWail+1","hexamod:SpectersWail+1","hexamod:SwordOfDarkness+1","hexamod:SpectersWail+1","hexamod:EtherealExpedition+1","hexamod:GhostOfSpirePresent+1","hexamod:ThermalTransfer+1","hexamod:SoulSteal+1","hexamod:CrushingStance+1","hexamod:ApocalypticArmor+1","hexamod:PowerFromBeyond","hexamod:ShieldOfDarkness","hexamod:TimeOfNeed","hexamod:EmpoweredFlame+1","hexamod:SwordOfDarkness+1","hexamod:RadiantFlame+1","hexamod:RainOfEmbers+1","hexamod:AdvancingGuard+1","hexamod:GhostLash+1","hexamod:Hexaguard+1","hexamod:SpectersWail+1"],"relics":["hexamod:SpiritBrand","Frozen Egg 2","Molten Egg 2","Ornamental Fan","downfall:HeartBlessingRed","Vajra","Empty Cage","MealTicket","War Paint"],"acts_visited":["Exordium","TheCity"],"potions_floor_usage":[8,21,22,27,27,29],"damage_taken":[{"damage":0,"enemies":"Small Slimes","floor":2,"turns":3},{"damage":2,"enemies":"Cultist","floor":5,"turns":3},{"damage":5,"enemies":"2 Louse","floor":6,"turns":4},{"damage":5,"enemies":"Gremlin Nob","floor":8,"turns":4},{"damage":2,"enemies":"downfall:FleeingMerchant","floor":10,"turns":4},{"damage":0,"enemies":"Lots of Slimes","floor":12,"turns":1},{"damage":8,"enemies":"Lagavulin","floor":14,"turns":4},{"damage":0,"enemies":"Large Slime","floor":15,"turns":4},{"damage":8,"enemies":"downfall:Watcher","floor":16,"turns":6},{"damage":0,"enemies":"Shell Parasite","floor":19,"turns":3},{"damage":0,"enemies":"3 Byrds","floor":21,"turns":2},{"damage":5,"enemies":"Cultist and Chosen","floor":22,"turns":4},{"damage":0,"enemies":"downfall:FleeingMerchant","floor":23,"turns":4},{"damage":31,"enemies":"Snake Plant","floor":25,"turns":3},{"damage":19,"enemies":"Slavers","floor":27,"turns":3},{"damage":0,"enemies":"Centurion and Healer","floor":28,"turns":6},{"damage":0,"enemies":"3 Cultists","floor":29,"turns":3},{"damage":6,"enemies":"Shelled Parasite and Fungi","floor":30,"turns":3}],"seed_played":"-6993907400609289070","potions_obtained":[{"floor":2,"key":"FearPotion"},{"floor":4,"key":"downfall:CursedFountainPotion"},{"floor":5,"key":"LiquidMemories"},{"floor":12,"key":"hexamod:DoubleChargePotion"},{"floor":16,"key":"LiquidBronze"},{"floor":25,"key":"Explosive Potion"},{"floor":28,"key":"BlessingOfTheForge"}],"is_trial":false,"path_per_floor":["R","M","?","?","M","M","T","E","R","$","R","M","R","E","M","B",null,"R","M","?","M","M","$","T","M","?","E","M","M","M"],"character_chosen":"THE_SPIRIT","items_purchased":["hexamod:SpectersWail+1","hexamod:SwordOfDarkness+1","MealTicket"],"campfire_rested":0,"item_purchase_floors":[10,10,23],"current_hp_per_floor":[70,70,70,70,68,63,63,58,58,56,56,56,56,48,48,40,70,70,70,60,60,55,55,55,24,24,5,5,5,0,0,0],"gold":110,"neow_bonus":"UPGRADE_CARD","is_daily":false,"chose_seed":false,"campfire_upgraded":4,"win_rate":0.0,"timestamp":1608729630,"path_taken":["R","M","?","?","M","?","T","E","R","$","R","M","R","E","M","BOSS","R","M","?","?","M","$","T","M","?","E","M","M","M"],"items_purchased_type":["Card","Card","Relic"],"build_version":"2020-12-22","purchased_purges":0,"victory":false,"max_hp_per_floor":[70,70,70,70,70,70,70,70,70,70,70,70,70,70,70,70,70,70,70,70,70,70,70,70,70,70,70,70,70,70,70,70],"card_choices":[{"not_picked":["hexamod:SkipABeat","hexamod:FastForward"],"picked":"hexamod:ThirdSeal","floor":2},{"not_picked":["hexamod:SkipABeat","hexamod:HauntingEcho"],"picked":"hexamod:RetreatToShadows","floor":5},{"not_picked":["hexamod:SpectersWail","hexamod:SwordOfDarkness"],"picked":"hexamod:ExtraCrispy+1","floor":5},{"not_picked":["hexamod:FastForward","hexamod:NightmareGuise"],"picked":"hexamod:InspiringFlames","floor":6},{"not_picked":["hexamod:NightmareGuise","hexamod:HeatCrush+1"],"picked":"hexamod:AdvancingGuard","floor":8},{"not_picked":["hexamod:GiftsFromTheDead+1","hexamod:DynamicBlow+1"],"picked":"hexamod:SpectersWail+1","floor":8},{"not_picked":["hexamod:NightmareGuise","hexamod:NightmareStrike+1"],"picked":"hexamod:SpectersWail+1","floor":10},{"not_picked":["hexamod:CatchUp","hexamod:ParanormalForm+1"],"picked":"hexamod:SpectersWail+1","floor":10},{"not_picked":["hexamod:FlamesFromBeyond","hexamod:NightmareGuise"],"picked":"hexamod:SpectersWail+1","floor":12},{"not_picked":["hexamod:NecessarySacrifice","hexamod:PowerFromBeyond"],"picked":"hexamod:EtherealExpedition","floor":12},{"not_picked":["hexamod:EtherealExpedition","hexamod:RetreatToShadows"],"picked":"hexamod:GhostOfSpirePresent+1","floor":14},{"not_picked":["hexamod:RadiantFlame+1","hexamod:EmpoweredFlame+1"],"picked":"hexamod:ThermalTransfer+1","floor":15},{"not_picked":["hexamod:GhostOfSpirePresent+1","hexamod:NightmareGuise"],"picked":"hexamod:SoulSteal","floor":15},{"not_picked":["hexamod:UnlimitedPower","hexamod:HexaLevel+1"],"picked":"hexamod:CrushingStance+1","floor":16},{"not_picked":["hexamod:TurnItUp","hexamod:HexaLevel+1"],"picked":"hexamod:ApocalypticArmor+1","floor":16},{"not_picked":["hexamod:GhostOfSpirePast+1","hexamod:ExtraCrispy+1"],"picked":"hexamod:PowerFromBeyond","floor":19},{"not_picked":["hexamod:HeatShield","hexamod:Hexaguard"],"picked":"hexamod:ShieldOfDarkness","floor":21},{"not_picked":["hexamod:ThermalTransfer+1","hexamod:SpectersWail+1"],"picked":"hexamod:TimeOfNeed","floor":22},{"not_picked":["hexamod:GhostLash+1","hexamod:Firestarter+1"],"picked":"hexamod:EmpoweredFlame+1","floor":22},{"not_picked":["hexamod:RecurringNightmare","hexamod:NightmareGuise"],"picked":"hexamod:SwordOfDarkness+1","floor":23},{"not_picked":["hexamod:NightmareGuise","hexamod:Firestarter+1"],"picked":"hexamod:RadiantFlame+1","floor":23},{"not_picked":["hexamod:FirstSeal","hexamod:NightmareStrike+1"],"picked":"hexamod:RainOfEmbers+1","floor":25},{"not_picked":["hexamod:Rewind","hexamod:Again"],"picked":"hexamod:GhostLash+1","floor":27},{"not_picked":["hexamod:BurningTouch","hexamod:SpectersWail+1"],"picked":"hexamod:Hexaguard+1","floor":28},{"not_picked":["hexamod:NightmareGuise","hexamod:SpectralAdrenaline"],"picked":"hexamod:SpectersWail+1","floor":28},{"not_picked":["hexamod:AdvancingGuard","hexamod:BurningTouch+1","hexamod:WildfireWeapon+1"],"picked":"SKIP","floor":29}],"player_experience":1708649,"relics_obtained":[{"floor":7,"key":"Molten Egg 2"},{"floor":8,"key":"Ornamental Fan"},{"floor":14,"key":"Vajra"},{"floor":27,"key":"War Paint"}],"event_choices":[{"damage_healed":0,"gold_gain":0,"player_choice":"Box","damage_taken":0,"relics_obtained":["Frozen Egg 2"],"max_hp_gain":0,"max_hp_loss":0,"event_name":"Big Fish","floor":3,"gold_loss":0,"cards_obtained":["Regret"]},{"damage_healed":0,"gold_gain":0,"player_choice":"Copied","damage_taken":0,"max_hp_gain":0,"max_hp_loss":0,"event_name":"Duplicator","floor":26,"gold_loss":0,"cards_obtained":["hexamod:AdvancingGuard"]}],"is_beta":false,"boss_relics":[{"not_picked":["Snecko Eye","downfall:Hecktoplasm"],"picked":"Empty Cage"}],"items_purged_floors":[],"is_endless":false,"potions_floor_spawned":[2,5,12,16,25,28],"killed_by":"Shelled Parasite and Fungi","ascension_level":1}}