{"host":"9pqy5lt7vda52ebm","time":1608757221,"event":{"mods":["BaseMod","Minty Spire (QoL Compilation)","Optimize The Spire","Quick Restart","StSLib","The Dragonkin"],"gold_per_floor":[112,125,125,0,18,18,43,43,43,71,71,84,104,204,204,328,328,352,99,117,117,117,151,151,186,186,229,272,187,187,40,40,164,164,164],"floor_reached":34,"playtime":7099,"items_purged":["theDragonkin:Strike","theDragonkin:Strike","theDragonkin:DarkConviction"],"score":618,"play_id":"a10ac34a-04ff-4b1c-9566-dd2d4c4c2560","local_time":"20201223160021","is_ascension_mode":true,"campfire_choices":[{"data":"theDragonkin:ForbiddenMagic","floor":6.0,"key":"SMITH"},{"data":"theDragonkin:FlameWard","floor":8.0,"key":"SMITH"},{"data":"theDragonkin:HolyWordBarrier","floor":15.0,"key":"SMITH"},{"data":"theDragonkin:FlameWard","floor":24.0,"key":"SMITH"},{"data":"theDragonkin:DarkConviction","floor":30.0,"key":"SMITH"},{"data":"theDragonkin:ParryandRiposte","floor":32.0,"key":"SMITH"}],"circlet_count":0,"master_deck":["theDragonkin:Defend","theDragonkin:Defend","theDragonkin:Defend","theDragonkin:Defend","theDragonkin:HolySmite","theDragonkin:BlazingBreath","theDragonkin:Ashfall","theDragonkin:SlowBurn","theDragonkin:DarkConviction+1","theDragonkin:FlameWard+1","theDragonkin:ForbiddenMagic+1","theDragonkin:CinderStorm","theDragonkin:HolyShock","theDragonkin:FlameWard+1","theDragonkin:HolyWordBarrier+1","theDragonkin:InfernoWard","Ghostly","Ghostly","Ghostly","Ghostly","Ghostly","theDragonkin:ParryandRiposte+1","theDragonkin:DivinePrayer+1","theDragonkin:Unbreakable+1","theDragonkin:CinderStorm"],"relics":["theDragonkin:GarnetScale","Pear","Bag of Marbles","Oddly Smooth Stone","Golden Idol","SlaversCollar","Lantern","Regal Pillow","Smiling Mask","Ice Cream","Bottled Tornado","Red Mask","Blood Vial"],"acts_visited":["Exordium","TheCity"],"potions_floor_usage":[],"damage_taken":[{"damage":0.0,"enemies":"Small Slimes","floor":1.0,"turns":3.0},{"damage":8.0,"enemies":"2 Louse","floor":2.0,"turns":3.0},{"damage":5.0,"enemies":"Cultist","floor":5.0,"turns":5.0},{"damage":6.0,"enemies":"Lagavulin","floor":7.0,"turns":6.0},{"damage":13.0,"enemies":"3 Sentries","floor":10.0,"turns":5.0},{"damage":0.0,"enemies":"Looter","floor":12.0,"turns":1.0},{"damage":0.0,"enemies":"2 Fungi Beasts","floor":13.0,"turns":4.0},{"damage":15.0,"enemies":"The Guardian","floor":16.0,"turns":10.0},{"damage":0.0,"enemies":"Shell Parasite","floor":18.0,"turns":5.0},{"damage":1.0,"enemies":"Spheric Guardian","floor":20.0,"turns":6.0},{"damage":0.0,"enemies":"Book of Stabbing","floor":23.0,"turns":7.0},{"damage":0.0,"enemies":"Slavers","floor":25.0,"turns":6.0},{"damage":0.0,"enemies":"Book of Stabbing","floor":27.0,"turns":4.0},{"damage":0.0,"enemies":"Masked Bandits","floor":28.0,"turns":4.0},{"damage":0.0,"enemies":"Champ","floor":33.0,"turns":5.0}],"seed_played":"-3678930953542252311","potions_obtained":[{"floor":1.0,"key":"theDragonkin:DragonkinCommonPotion"},{"floor":2.0,"key":"Block Potion"},{"floor":13.0,"key":"Explosive Potion"},{"floor":16.0,"key":"DistilledChaos"},{"floor":18.0,"key":"Swift Potion"},{"floor":28.0,"key":"SteroidPotion"}],"is_trial":false,"path_per_floor":["M","M","?","$","M","R","E","R","T","E","?","M","M","?","R","B",null,"M","$","M","?","$","E","R","E","T","E","?","?","R","$","R","B",null],"character_chosen":"THE_DRAGONKIN","items_purchased":["theDragonkin:FlameWard","Lantern","Fruit Juice"],"campfire_rested":0,"item_purchase_floors":[4,19,31],"current_hp_per_floor":[85,77,77,77,72,72,76,76,76,63,63,63,63,63,63,48,88,88,88,87,44,44,44,44,44,44,44,44,44,44,44,44,44,44,44],"gold":164,"neow_bonus":"TRANSFORM_CARD","is_daily":false,"chose_seed":false,"campfire_upgraded":6,"win_rate":0.0,"timestamp":1608757221,"path_taken":["M","M","?","$","M","R","E","R","T","E","?","M","M","?","R","BOSS","M","$","M","?","$","E","R","E","T","E","?","?","R","?","R","BOSS"],"items_purchased_type":["Card","Relic","Potion"],"build_version":"2020-12-22","purchased_purges":3,"victory":false,"max_hp_per_floor":[85,85,85,85,85,85,95,95,95,95,88,88,88,88,88,88,88,88,88,88,44,44,44,44,44,44,44,44,44,44,44,44,44,44,44],"card_choices":[{"not_picked":["theDragonkin:JusticeStrike","theDragonkin:SanctuaryShield"],"picked":"theDragonkin:Ashfall","floor":1.0},{"not_picked":["theDragonkin:MiasmicBreath","theDragonkin:CorrosiveBelch"],"picked":"theDragonkin:SlowBurn","floor":2.0},{"not_picked":["theDragonkin:HallowedGround","theDragonkin:JusticeStrike"],"picked":"theDragonkin:ForbiddenMagic","floor":5.0},{"not_picked":["theDragonkin:Unbreakable","theDragonkin:Subdue"],"picked":"theDragonkin:CinderStorm","floor":7.0},{"not_picked":["theDragonkin:ForJustice","theDragonkin:DarkWhispers"],"picked":"theDragonkin:HolyShock","floor":10.0},{"not_picked":["theDragonkin:Sizzle","theDragonkin:AvengingWrath"],"picked":"theDragonkin:FlameWard","floor":12.0},{"not_picked":["theDragonkin:MiasmicBreath","theDragonkin:AncestralSeance"],"picked":"theDragonkin:HolyWordBarrier","floor":13.0},{"not_picked":["theDragonkin:FlashofLight","theDragonkin:CinderStorm"],"picked":"theDragonkin:InfernoWard","floor":16.0},{"not_picked":["theDragonkin:HolyWordBarrier","theDragonkin:DragonRage","theDragonkin:TwinBreath"],"picked":"SKIP","floor":18.0},{"not_picked":["theDragonkin:EmberSwipe+1","theDragonkin:AcidBreath","theDragonkin:SlowBurn"],"picked":"SKIP","floor":20.0},{"not_picked":["theDragonkin:DivineJolt","theDragonkin:SanctuaryShield","theDragonkin:HolyFlask+1"],"picked":"SKIP","floor":23.0},{"not_picked":["theDragonkin:ForbiddenMagic","theDragonkin:BindingSlime"],"picked":"theDragonkin:ParryandRiposte","floor":25.0},{"not_picked":["theDragonkin:DivinePrayer+1","theDragonkin:Wildfire","theDragonkin:BindingSlime"],"picked":"SKIP","floor":27.0},{"not_picked":["theDragonkin:Wildfire","theDragonkin:BindingSlime"],"picked":"theDragonkin:DivinePrayer+1","floor":27.0},{"not_picked":["theDragonkin:FlameWard+1","theDragonkin:NeverSurrender"],"picked":"theDragonkin:Unbreakable+1","floor":28.0},{"not_picked":["theDragonkin:InfernoWard","theDragonkin:Detox"],"picked":"theDragonkin:CinderStorm","floor":33.0}],"player_experience":353617,"relics_obtained":[{"floor":7.0,"key":"Pear"},{"floor":9.0,"key":"Bag of Marbles"},{"floor":10.0,"key":"Oddly Smooth Stone"},{"floor":23.0,"key":"Regal Pillow"},{"floor":25.0,"key":"Smiling Mask"},{"floor":26.0,"key":"Ice Cream"},{"floor":27.0,"key":"Bottled Tornado"},{"floor":28.0,"key":"Red Mask"}],"event_choices":[{"damage_healed":0.0,"max_hp_gain":0.0,"max_hp_loss":0.0,"gold_gain":0.0,"cards_transformed":["theDragonkin:Strike"],"event_name":"Living Wall","player_choice":"Change","floor":3.0,"gold_loss":0.0,"damage_taken":0.0,"cards_obtained":["theDragonkin:DarkConviction"]},{"damage_healed":0.0,"max_hp_gain":0.0,"max_hp_loss":7.0,"gold_gain":0.0,"event_name":"Golden Idol","player_choice":"Lose Max HP","floor":11.0,"gold_loss":0.0,"damage_taken":0.0,"relics_obtained":["Golden Idol"]},{"damage_healed":0.0,"max_hp_gain":0.0,"max_hp_loss":0.0,"gold_gain":100.0,"event_name":"Golden Shrine","player_choice":"Pray","floor":14.0,"gold_loss":0.0,"damage_taken":0.0},{"damage_healed":0.0,"max_hp_gain":0.0,"max_hp_loss":44.0,"gold_gain":0.0,"event_name":"Ghosts","player_choice":"Became a Ghost","floor":21.0,"gold_loss":0.0,"damage_taken":0.0,"cards_obtained":["Ghostly","Ghostly","Ghostly","Ghostly","Ghostly"]},{"damage_healed":0.0,"max_hp_gain":0.0,"max_hp_loss":0.0,"gold_gain":0.0,"event_name":"Masked Bandits","player_choice":"Fought Bandits","floor":28.0,"gold_loss":0.0,"damage_taken":0.0},{"damage_healed":0.0,"max_hp_gain":0.0,"max_hp_loss":0.0,"gold_gain":0.0,"event_name":"Addict","player_choice":"Obtained Relic","floor":29.0,"gold_loss":85.0,"damage_taken":0.0,"relics_obtained":["Blood Vial"]}],"is_beta":false,"boss_relics":[{"not_picked":["theDragonkin:ObsidianScale","Empty Cage"],"picked":"SlaversCollar"}],"items_purged_floors":[4,19,31],"is_endless":false,"potions_floor_spawned":[1,2,13,16,18,28],"ascension_level":2}}