{"host":"ktoxvvst1mwxww91","time":1608742227,"event":{"mods":["BaseMod","Hermit","Minty Spire (QoL Compilation)","StSLib","The Hierophant","The Mystic","The Necromancer"],"gold_per_floor":[117,12,12,32,49,49,84,100,171,184,203,353,353,370,370,449,449,460,0,0,0,0,0],"floor_reached":22,"playtime":924,"items_purged":[],"score":344,"play_id":"6dc10f4c-c98f-4768-9f19-bd44d7ddf6ba","local_time":"20201223175027","is_ascension_mode":true,"campfire_choices":[{"data":"Coolheaded","floor":6.0,"key":"SMITH"},{"floor":13.0,"key":"REST"},{"data":"Heatsinks","floor":15.0,"key":"SMITH"}],"circlet_count":0,"master_deck":["AscendersBane","Strike_B","Strike_B","Strike_B","Strike_B","Defend_B","Defend_B","Defend_B","Defend_B","Dualcast","Beam Cell","Cold Snap","Coolheaded+1","Barrage","Creative AI","Undo","Coolheaded","Glacier","Doubt","Heatsinks+1","Leap","Writhe"],"relics":["SlaversCollar","Girya","Cables","Ancient Tea Set","Nloth\u0027s Gift"],"acts_visited":["Exordium","TheCity"],"potions_floor_usage":[],"damage_taken":[{"damage":9.0,"enemies":"Jaw Worm","floor":1.0,"turns":4.0},{"damage":7.0,"enemies":"Cultist","floor":4.0,"turns":4.0},{"damage":4.0,"enemies":"2 Louse","floor":5.0,"turns":4.0},{"damage":16.0,"enemies":"3 Sentries","floor":7.0,"turns":10.0},{"damage":4.0,"enemies":"Looter","floor":8.0,"turns":4.0},{"damage":3.0,"enemies":"Exordium Thugs","floor":10.0,"turns":5.0},{"damage":9.0,"enemies":"3 Louse","floor":11.0,"turns":5.0},{"damage":1.0,"enemies":"Red Slaver","floor":14.0,"turns":10.0},{"damage":26.0,"enemies":"The Guardian","floor":16.0,"turns":15.0},{"damage":9.0,"enemies":"Spheric Guardian","floor":18.0,"turns":16.0},{"damage":7,"enemies":"3 Byrds","floor":22,"turns":4}],"seed_played":"-6135943924355970285","potions_obtained":[{"floor":4.0,"key":"Energy Potion"},{"floor":11.0,"key":"Regen Potion"},{"floor":14.0,"key":"Ancient Potion"},{"floor":16.0,"key":"Swift Potion"}],"is_trial":false,"path_per_floor":["M","$","?","M","M","R","E","M","T","M","M","?","R","M","R","B",null,"M","?","?","?","M"],"character_chosen":"DEFECT","items_purchased":["Cold Snap","Coolheaded"],"campfire_rested":1,"item_purchase_floors":[2,2],"current_hp_per_floor":[55,55,55,48,44,44,28,24,24,21,12,12,33,32,32,21,59,50,50,50,50,43,43],"gold":0,"neow_bonus":"BOSS_RELIC","is_daily":false,"chose_seed":false,"campfire_upgraded":2,"win_rate":0.0,"timestamp":1608742227,"path_taken":["M","$","?","M","?","R","E","M","T","M","M","?","R","M","R","BOSS","M","?","?","?","M"],"items_purchased_type":["Card","Card"],"build_version":"2020-12-22","purchased_purges":0,"victory":false,"max_hp_per_floor":[71,71,71,71,71,71,71,71,71,71,71,71,71,71,71,71,71,71,71,71,71,71,71],"card_choices":[{"not_picked":["Steam","Stack"],"picked":"Beam Cell","floor":1.0},{"not_picked":["Stack","Streamline","Sweeping Beam"],"picked":"SKIP","floor":4.0},{"not_picked":["Steam Power","White Noise"],"picked":"Barrage","floor":5.0},{"not_picked":["Rip and Tear","Ball Lightning"],"picked":"Creative AI","floor":7.0},{"not_picked":["Scrape","Beam Cell"],"picked":"Undo","floor":8.0},{"not_picked":["Hologram","Self Repair"],"picked":"Coolheaded","floor":10.0},{"not_picked":["Gash","Steam"],"picked":"Glacier","floor":11.0},{"not_picked":["White Noise","FTL"],"picked":"Heatsinks","floor":14.0},{"not_picked":["Go for the Eyes+1","Hologram"],"picked":"Leap","floor":18.0}],"player_experience":923686,"relics_obtained":[{"floor":7.0,"key":"Girya"},{"floor":9.0,"key":"Cables"}],"event_choices":[{"cards_removed":["Zap"],"damage_healed":0.0,"max_hp_gain":0.0,"max_hp_loss":0.0,"gold_gain":0.0,"event_name":"Bonfire Elementals","player_choice":"Offered Basic","floor":3.0,"gold_loss":0.0,"damage_taken":0.0},{"damage_healed":0.0,"max_hp_gain":0.0,"max_hp_loss":0.0,"gold_gain":150.0,"event_name":"Liars Game","player_choice":"AGREE","floor":12.0,"gold_loss":0.0,"damage_taken":0.0,"cards_obtained":["Doubt"]},{"damage_healed":0,"gold_gain":0,"player_choice":"Paid Fearfully","damage_taken":0,"max_hp_gain":0,"max_hp_loss":0,"event_name":"Masked Bandits","floor":19,"gold_loss":460},{"damage_healed":0,"gold_gain":0,"player_choice":"Opened","damage_taken":0,"relics_obtained":["Ancient Tea Set"],"max_hp_gain":0,"max_hp_loss":0,"event_name":"The Mausoleum","floor":20,"gold_loss":0,"cards_obtained":["Writhe"]},{"damage_healed":0,"gold_gain":0,"player_choice":"Traded Relic","damage_taken":0,"relics_obtained":["Nloth\u0027s Gift"],"max_hp_gain":0,"max_hp_loss":0,"event_name":"N\u0027loth","floor":21,"relics_lost":["Coffee Dripper"],"gold_loss":0}],"is_beta":false,"boss_relics":[{"not_picked":["Runic Dome","Sozu"],"picked":"Coffee Dripper"}],"items_purged_floors":[],"is_endless":false,"potions_floor_spawned":[4,11,14,16],"killed_by":"3 Byrds","ascension_level":17}}