{"host":"9rxgn077cyjlend4","time":1608749976,"event":{"mods":["BaseMod","Minty Spire (QoL Compilation)","StSLib"],"gold_per_floor":[119,119,119,129,129,159,159,159,159,169,179,212,212,223,223,298,298,311,226,226,237,117,117,317,343,343,370,370,384,397,413,413,484,484,503,69,80,52,52,52,52],"floor_reached":40,"playtime":2173,"items_purged":[],"score":847,"play_id":"7961a899-8599-46c7-8ced-886f0258226e","local_time":"20201223185936","is_ascension_mode":true,"campfire_choices":[{"data":"Leg Sweep","floor":8.0,"key":"SMITH"},{"data":"Die Die Die","floor":13.0,"key":"SMITH"},{"data":"Blade Dance","floor":15.0,"key":"SMITH"},{"data":"Burst","floor":23.0,"key":"SMITH"},{"data":"Catalyst","floor":28,"key":"SMITH"},{"floor":32,"key":"REST"}],"circlet_count":0,"master_deck":["AscendersBane","Strike_G+1","Strike_G+1","Strike_G+1","Strike_G+1","Strike_G+1","Defend_G+1","Defend_G+1","Defend_G+1","Defend_G+1","Defend_G+1","Survivor","Neutralize","Crippling Poison+1","Leg Sweep+1","Backflip","Blur","Die Die Die+1","Blade Dance+1","Burst+1","Catalyst+1","Backflip","PiercingWail","Die Die Die","Escape Plan+1","PiercingWail","Bouncing Flask+1","PiercingWail","Crippling Poison"],"relics":["Ring of the Snake","NeowsBlessing","Boot","InkBottle","Bronze Scales","The Courier","Philosopher\u0027s Stone","Vajra","Orrery","Molten Egg 2","Omamori","Calling Bell","Nunchaku","Blue Candle","TungstenRod","Incense Burner","StrikeDummy"],"acts_visited":["Exordium","TheCity","TheBeyond"],"potions_floor_usage":[27,29,31,37,40],"damage_taken":[{"damage":0.0,"enemies":"Small Slimes","floor":1.0,"turns":1.0},{"damage":0.0,"enemies":"Cultist","floor":4.0,"turns":1.0},{"damage":0.0,"enemies":"Lagavulin","floor":6.0,"turns":1.0},{"damage":0.0,"enemies":"Jaw Worm","floor":10.0,"turns":4.0},{"damage":1.0,"enemies":"Blue Slaver","floor":11.0,"turns":4.0},{"damage":21.0,"enemies":"3 Sentries","floor":12.0,"turns":11.0},{"damage":6.0,"enemies":"2 Fungi Beasts","floor":14.0,"turns":3.0},{"damage":9.0,"enemies":"Hexaghost","floor":16.0,"turns":11.0},{"damage":9.0,"enemies":"Chosen","floor":18.0,"turns":5.0},{"damage":6.0,"enemies":"Spheric Guardian","floor":21.0,"turns":4.0},{"damage":5.0,"enemies":"Book of Stabbing","floor":25.0,"turns":6.0},{"damage":0,"enemies":"Slavers","floor":27,"turns":2},{"damage":20,"enemies":"Cultist and Chosen","floor":29,"turns":4},{"damage":0,"enemies":"Snecko","floor":30,"turns":5},{"damage":1,"enemies":"3 Cultists","floor":31,"turns":4},{"damage":32,"enemies":"Collector","floor":33,"turns":7},{"damage":0,"enemies":"3 Shapes","floor":35,"turns":5},{"damage":2,"enemies":"3 Darklings","floor":37,"turns":3},{"damage":61,"enemies":"Reptomancer","floor":40,"turns":5}],"seed_played":"4720786824409303859","potions_obtained":[{"floor":1.0,"key":"Energy Potion"},{"floor":3.0,"key":"DuplicationPotion"},{"floor":3.0,"key":"Explosive Potion"},{"floor":4.0,"key":"Poison Potion"},{"floor":18.0,"key":"PowerPotion"},{"floor":30,"key":"DuplicationPotion"},{"floor":31,"key":"Weak Potion"},{"floor":35,"key":"Fire Potion"},{"floor":37,"key":"Poison Potion"}],"is_trial":false,"path_per_floor":["M","?","?","M","?","E","T","R","T","M","M","E","R","M","R","B",null,"M","?","?","M","$","R","?","E","T","E","R","M","M","M","R","B",null,"M","$","M","$","?","E"],"character_chosen":"THE_SILENT","items_purchased":["Orrery","Incense Burner","StrikeDummy","Crippling Poison"],"campfire_rested":1,"item_purchase_floors":[22,36,36,38],"current_hp_per_floor":[59,59,59,59,59,59,59,59,59,59,58,37,37,31,31,22,55,46,46,46,40,40,40,40,35,35,35,35,15,15,14,33,1,50,50,50,48,48,48,0,0],"gold":52,"neow_bonus":"THREE_ENEMY_KILL","is_daily":false,"chose_seed":false,"campfire_upgraded":5,"win_rate":0.0,"timestamp":1608749976,"path_taken":["M","?","?","?","?","E","?","R","T","M","M","E","R","M","R","BOSS","M","?","?","M","$","R","?","E","T","E","R","M","M","M","R","BOSS","M","?","M","$","?","E"],"items_purchased_type":["Relic","Relic","Relic","Card"],"build_version":"2020-12-22","purchased_purges":0,"victory":false,"max_hp_per_floor":[66,66,66,66,66,66,66,66,66,66,66,66,66,66,66,66,66,66,66,66,66,66,66,66,66,66,66,66,66,66,66,66,66,66,66,66,66,66,66,66,66],"card_choices":[{"not_picked":["Prepared","Dodge and Roll"],"picked":"Crippling Poison","floor":1.0},{"not_picked":["Dagger Spray","Quick Slash"],"picked":"Leg Sweep","floor":4.0},{"not_picked":["Cloak And Dagger","Dodge and Roll","Flying Knee"],"picked":"SKIP","floor":6.0},{"not_picked":["Acrobatics","Prepared"],"picked":"Backflip","floor":10.0},{"not_picked":["Riddle With Holes","Dagger Spray"],"picked":"Blur","floor":11.0},{"not_picked":["Sucker Punch","Flying Knee"],"picked":"Die Die Die","floor":12.0},{"not_picked":["Backstab","Cloak And Dagger"],"picked":"Blade Dance","floor":14.0},{"not_picked":["After Image","Tools of the Trade"],"picked":"Burst","floor":16.0},{"not_picked":["Cloak And Dagger","Backflip"],"picked":"Catalyst","floor":18.0},{"not_picked":["Dagger Throw+1","Glass Knife","Dodge and Roll+1"],"picked":"SKIP","floor":21.0},{"not_picked":["Tactician+1","Quick Slash"],"picked":"Backflip","floor":22.0},{"not_picked":["Backflip+1","All Out Attack"],"picked":"PiercingWail","floor":22.0},{"not_picked":["Choke+1","Quick Slash+1"],"picked":"Die Die Die","floor":22.0},{"not_picked":["Quick Slash","Blade Dance"],"picked":"Escape Plan+1","floor":22.0},{"not_picked":["Grand Finale+1","Riddle With Holes+1","Slice+1"],"picked":"SKIP","floor":25.0},{"not_picked":["Outmaneuver+1","Bouncing Flask"],"picked":"PiercingWail","floor":27},{"not_picked":["Distraction","Slice+1"],"picked":"Bouncing Flask+1","floor":29},{"not_picked":["Flying Knee+1","Bane+1","Blade Dance"],"picked":"SKIP","floor":30},{"not_picked":["Bane+1","Storm of Steel","Prepared"],"picked":"SKIP","floor":31},{"not_picked":["Acrobatics","Quick Slash+1"],"picked":"PiercingWail","floor":35},{"not_picked":["Acrobatics","Quick Slash+1","Outmaneuver"],"picked":"SKIP","floor":37}],"player_experience":669488,"relics_obtained":[{"floor":6.0,"key":"Boot"},{"floor":7.0,"key":"InkBottle"},{"floor":9.0,"key":"Bronze Scales"},{"floor":12.0,"key":"The Courier"},{"floor":25.0,"key":"Molten Egg 2"},{"floor":27,"key":"Omamori"},{"floor":34,"key":"Nunchaku"},{"floor":34,"key":"Blue Candle"},{"floor":34,"key":"TungstenRod"}],"event_choices":[{"damage_healed":0.0,"max_hp_gain":0.0,"max_hp_loss":0.0,"gold_gain":0.0,"event_name":"Liars Game","player_choice":"Ignored","floor":2.0,"gold_loss":0.0,"damage_taken":0.0},{"damage_healed":0.0,"max_hp_gain":0.0,"max_hp_loss":0.0,"gold_gain":0.0,"event_name":"Lab","player_choice":"Got Potions","floor":3.0,"gold_loss":0.0,"damage_taken":0.0},{"damage_healed":0.0,"max_hp_gain":0.0,"max_hp_loss":0.0,"gold_gain":0.0,"event_name":"Living Wall","player_choice":"Grow","floor":5.0,"gold_loss":0.0,"damage_taken":0.0,"cards_upgraded":["Crippling Poison"]},{"damage_healed":0.0,"max_hp_gain":0.0,"max_hp_loss":0.0,"gold_gain":0.0,"event_name":"Addict","player_choice":"Obtained Relic","floor":19.0,"gold_loss":85.0,"damage_taken":0.0,"relics_obtained":["Vajra"]},{"damage_healed":0.0,"max_hp_gain":0.0,"max_hp_loss":0.0,"gold_gain":0.0,"event_name":"Back to Basics","player_choice":"Simplicity","floor":20.0,"gold_loss":0.0,"damage_taken":0.0,"cards_upgraded":["Strike_G","Strike_G","Strike_G","Strike_G","Strike_G","Defend_G","Defend_G","Defend_G","Defend_G","Defend_G"]},{"damage_healed":0.0,"max_hp_gain":0.0,"max_hp_loss":0.0,"gold_gain":250.0,"event_name":"The Joust","player_choice":"Bet on Owner","floor":24.0,"gold_loss":50.0,"damage_taken":0.0},{"damage_healed":0,"gold_gain":0,"player_choice":"Memory 1","damage_taken":0,"max_hp_gain":0,"max_hp_loss":0,"event_name":"SensoryStone","floor":39,"gold_loss":0}],"is_beta":false,"boss_relics":[{"not_picked":["Ring of the Serpent","Pandora\u0027s Box"],"picked":"Philosopher\u0027s Stone"},{"not_picked":["Astrolabe","Tiny House"],"picked":"Calling Bell"}],"items_purged_floors":[],"is_endless":false,"potions_floor_spawned":[1,4,10,18,30,31,35,37],"killed_by":"Reptomancer","ascension_level":15}}