{"host":"udzsrhbqdxqtlypj","time":1608740560,"event":{"mods":["BaseMod","Minty Spire (QoL Compilation)","Relic Stats"],"gold_per_floor":[119,119,133,133,144,144,165,165,213,225,237,291,10,23,23,133,160,187,197,215,44,56,56,75,116,116,153,174,174,174,194,194,300,300,321,339,358,387,258,258,279,302,378,418,418,454,463,481,481,481,481],"floor_reached":50,"playtime":3869,"items_purged":["Strike_B"],"score":898,"play_id":"43f72143-5360-4489-92a3-5386f5b8f168","local_time":"20201223102240","is_ascension_mode":true,"campfire_choices":[{"data":"Static Discharge","floor":6,"key":"SMITH"},{"data":"Ball Lightning","floor":8,"key":"SMITH"},{"data":"Reinforced Body","floor":11,"key":"SMITH"},{"data":"Electrodynamics","floor":15,"key":"SMITH"},{"data":"Force Field","floor":23,"key":"SMITH"},{"data":"Tempest","floor":29,"key":"SMITH"},{"data":"Capacitor","floor":32,"key":"SMITH"},{"data":"FTL","floor":40,"key":"SMITH"},{"data":"Secret Weapon","floor":45,"key":"SMITH"},{"data":"Discovery","floor":49,"key":"SMITH"}],"circlet_count":0,"master_deck":["AscendersBane","Defend_B","Defend_B","Defend_B","Static Discharge+1","Hello World","Reinforced Body+1","Ball Lightning+1","Compile Driver","Electrodynamics+1","Machine Learning","Sweeping Beam+1","Chill+1","Rip and Tear+1","Force Field+1","Blizzard","Heatsinks","Self Repair","Self Repair","Redo+1","Capacitor+1","Tempest+1","Glacier+1","Echo Form","Barrage+1","Secret Weapon+1","Discovery+1","Cold Snap+1","FTL+1","Auto Shields","Go for the Eyes","Go for the Eyes+1","Aggregate+1","Pain"],"relics":["Cracked Core","Odd Mushroom","MawBank","Tiny Chest","CeramicFish","Chemical X","Astrolabe","Membership Card","Pear","Symbiotic Virus","PreservedInsect","Shuriken","SlaversCollar","Sundial","Strawberry","Question Card","Singing Bowl","Meat on the Bone","WarpedTongs"],"acts_visited":["Exordium","TheCity","TheBeyond"],"potions_floor_usage":[7,25,27,41,44,48,50],"damage_taken":[{"damage":0,"enemies":"Jaw Worm","floor":1,"turns":3},{"damage":0,"enemies":"Small Slimes","floor":3,"turns":3},{"damage":5,"enemies":"2 Louse","floor":5,"turns":2},{"damage":15,"enemies":"The Mushroom Lair","floor":7,"turns":3},{"damage":7,"enemies":"Lagavulin","floor":12,"turns":5},{"damage":1,"enemies":"2 Fungi Beasts","floor":14,"turns":2},{"damage":30,"enemies":"The Guardian","floor":16,"turns":10},{"damage":0,"enemies":"Spheric Guardian","floor":18,"turns":4},{"damage":5,"enemies":"Chosen","floor":19,"turns":4},{"damage":1,"enemies":"Snecko","floor":22,"turns":5},{"damage":27,"enemies":"Cultist and Chosen","floor":24,"turns":5},{"damage":15,"enemies":"Gremlin Leader","floor":25,"turns":6},{"damage":16,"enemies":"Book of Stabbing","floor":27,"turns":4},{"damage":19,"enemies":"Sentry and Sphere","floor":28,"turns":3},{"damage":7,"enemies":"3 Cultists","floor":31,"turns":4},{"damage":16,"enemies":"Champ","floor":33,"turns":13},{"damage":4,"enemies":"3 Shapes","floor":35,"turns":6},{"damage":14,"enemies":"Orb Walker","floor":37,"turns":3},{"damage":51,"enemies":"Spire Growth","floor":38,"turns":6},{"damage":15,"enemies":"Jaw Worm Horde","floor":41,"turns":4},{"damage":0,"enemies":"Nemesis","floor":44,"turns":3},{"damage":21,"enemies":"Reptomancer","floor":46,"turns":7},{"damage":26,"enemies":"3 Darklings","floor":48,"turns":6},{"damage":81,"enemies":"Awakened One","floor":50,"turns":9}],"seed_played":"6741857450694149588","potions_obtained":[{"floor":1,"key":"AttackPotion"},{"floor":5,"key":"PowerPotion"},{"floor":7,"key":"DuplicationPotion"},{"floor":16,"key":"Weak Potion"},{"floor":22,"key":"FairyPotion"},{"floor":25,"key":"EssenceOfDarkness"},{"floor":37,"key":"Energy Potion"},{"floor":41,"key":"Strength Potion"},{"floor":44,"key":"EssenceOfSteel"}],"is_trial":false,"path_per_floor":["M","?","M","?","M","R","?","R","T","?","R","E","$","M","R","B",null,"M","M","?","$","M","R","M","E","T","E","M","R","T","M","R","B",null,"M","?","M","M","$","R","M","T","T","E","R","E","?","M","R","B"],"character_chosen":"DEFECT","items_purchased":["Electrodynamics","Chemical X","Membership Card","Self Repair","Sundial","Auto Shields"],"campfire_rested":0,"item_purchase_floors":[13,13,21,21,39,39],"current_hp_per_floor":[68,61,61,66,61,61,46,46,46,43,43,36,36,35,35,5,61,61,56,56,56,62,62,42,51,51,42,30,30,30,37,37,35,76,86,76,62,32,32,32,24,31,31,38,38,24,24,77,77,0,0],"gold":481,"neow_bonus":"THREE_CARDS","is_daily":false,"chose_seed":false,"campfire_upgraded":10,"win_rate":0.0,"timestamp":1608740560,"path_taken":["M","?","M","?","M","R","?","R","T","?","R","E","$","M","R","BOSS","M","M","?","$","M","R","M","E","T","E","M","R","?","M","R","BOSS","M","?","M","M","$","R","M","?","T","E","R","E","?","?","R","BOSS"],"items_purchased_type":["Card","Relic","Relic","Card","Relic","Card"],"build_version":"2020-12-22","purchased_purges":1,"victory":false,"max_hp_per_floor":[75,75,75,80,80,80,80,80,80,80,80,80,80,80,80,80,80,80,80,80,80,80,80,80,90,90,90,90,90,90,90,90,90,90,90,90,90,90,90,90,90,97,97,97,97,97,97,99,99,99,99],"relic_stats":{"Singing Bowl":2,"counters":[24,120],"CeramicFish":234,"Astrolabe":["Sweeping Beam","Chill","Rip and Tear"],"PreservedInsect":111,"MawBank":48,"Question Card":3,"WarpedTongs":[15],"Shuriken":[12],"Sundial":[2],"Tiny Chest":1,"Chemical X":[29],"obtain_stats":[{"Pear":25,"Singing Bowl":44,"CeramicFish":12,"Astrolabe":17,"PreservedInsect":27,"Odd Mushroom":7,"MawBank":9,"Question Card":43,"WarpedTongs":47,"SlaversCollar":34,"Shuriken":30,"Sundial":39,"Strawberry":42,"Tiny Chest":10,"Chemical X":13,"Membership Card":21,"Cracked Core":0,"Symbiotic Virus":26,"Meat on the Bone":46},{"Pear":12,"Singing Bowl":21,"CeramicFish":5,"Astrolabe":7,"PreservedInsect":13,"Odd Mushroom":4,"MawBank":4,"Question Card":20,"WarpedTongs":22,"SlaversCollar":16,"Shuriken":14,"Sundial":19,"Strawberry":20,"Tiny Chest":4,"Chemical X":5,"Membership Card":9,"Cracked Core":0,"Symbiotic Virus":12,"Meat on the Bone":22},{"Pear":52,"Singing Bowl":98,"CeramicFish":16,"Astrolabe":28,"PreservedInsect":56,"Odd Mushroom":11,"MawBank":11,"Question Card":95,"WarpedTongs":105,"SlaversCollar":76,"Shuriken":59,"Sundial":91,"Strawberry":95,"Tiny Chest":11,"Chemical X":16,"Membership Card":36,"Cracked Core":0,"Symbiotic Virus":52,"Meat on the Bone":105}],"Meat on the Bone":12},"card_choices":[{"not_picked":["Redo","Consume"],"picked":"Static Discharge","floor":0},{"not_picked":["Stack","Auto Shields"],"picked":"Hello World","floor":1},{"not_picked":["Stack","Tempest","BootSequence"],"picked":"SKIP","floor":3},{"not_picked":["Skim","Scrape"],"picked":"Reinforced Body","floor":5},{"not_picked":["Sweeping Beam","Coolheaded"],"picked":"Ball Lightning","floor":7},{"not_picked":["Chaos","Ball Lightning"],"picked":"Compile Driver","floor":12},{"not_picked":["Stack","Steam","Barrage"],"picked":"SKIP","floor":14},{"not_picked":["Fission","Meteor Strike"],"picked":"Machine Learning","floor":16},{"not_picked":["Melter","Leap"],"picked":"Force Field","floor":18},{"not_picked":["Scrape","Leap","Undo"],"picked":"SKIP","floor":19},{"not_picked":["Redo","Gash+1","Turbo+1"],"picked":"SKIP","floor":22},{"not_picked":["Reboot","Leap"],"picked":"Self Repair","floor":24},{"not_picked":["Ball Lightning","Loop"],"picked":"Redo+1","floor":25},{"not_picked":["Go for the Eyes+1","BootSequence+1"],"picked":"Capacitor","floor":27},{"not_picked":["Beam Cell","Gash"],"picked":"Tempest","floor":28},{"not_picked":["Stack+1","Leap"],"picked":"Glacier+1","floor":31},{"not_picked":["Buffer","Hyperbeam"],"picked":"Echo Form","floor":33},{"not_picked":["Hello World","Glacier+1"],"picked":"Barrage+1","floor":35},{"not_picked":["Deep Breath","Sadistic Nature"],"picked":"Secret Weapon","floor":36},{"not_picked":["Chrysalis","Deep Breath"],"picked":"Discovery","floor":36},{"not_picked":["Steam","Self Repair"],"picked":"Cold Snap+1","floor":37},{"not_picked":["Rebound","Coolheaded+1"],"picked":"FTL","floor":38},{"not_picked":["Steam Power+1","Rebound"],"picked":"Go for the Eyes","floor":41},{"not_picked":["Echo Form","Static Discharge+1","Steam"],"picked":"Go for the Eyes+1","floor":44},{"not_picked":["Redo+1","Steam+1","Sunder+1"],"picked":"Aggregate+1","floor":46},{"not_picked":["Darkness","Stack+1","Heatsinks","Recycle+1"],"picked":"Singing Bowl","floor":48}],"player_experience":2722121,"relics_obtained":[{"floor":7,"key":"Odd Mushroom"},{"floor":9,"key":"MawBank"},{"floor":12,"key":"CeramicFish"},{"floor":25,"key":"Pear"},{"floor":26,"key":"Symbiotic Virus"},{"floor":27,"key":"PreservedInsect"},{"floor":30,"key":"Shuriken"},{"floor":42,"key":"Strawberry"},{"floor":43,"key":"Question Card"},{"floor":44,"key":"Singing Bowl"},{"floor":46,"key":"Meat on the Bone"}],"event_choices":[{"cards_removed":["Strike_B"],"damage_healed":0,"gold_gain":0,"player_choice":"Card Removal","damage_taken":7,"max_hp_gain":0,"max_hp_loss":0,"event_name":"Golden Wing","floor":2,"gold_loss":0},{"damage_healed":0,"gold_gain":0,"player_choice":"Donut","damage_taken":0,"max_hp_gain":5,"max_hp_loss":0,"event_name":"Big Fish","floor":4,"gold_loss":0},{"damage_healed":0,"gold_gain":0,"player_choice":"Fought Mushrooms","damage_taken":0,"max_hp_gain":0,"max_hp_loss":0,"event_name":"Mushrooms","floor":7,"gold_loss":0},{"damage_healed":0,"gold_gain":0,"player_choice":"Success","damage_taken":3,"relics_obtained":["Tiny Chest"],"max_hp_gain":0,"max_hp_loss":0,"event_name":"Scrap Ooze","floor":10,"gold_loss":0},{"damage_healed":0,"gold_gain":0,"cards_transformed":["Zap","Dualcast"],"player_choice":"Became Test Subject","damage_taken":0,"max_hp_gain":0,"max_hp_loss":0,"event_name":"Drug Dealer","floor":20,"gold_loss":0,"cards_obtained":["Blizzard","Heatsinks"]},{"damage_healed":0,"gold_gain":0,"player_choice":"Memory 3","damage_taken":10,"max_hp_gain":0,"max_hp_loss":0,"event_name":"SensoryStone","floor":36,"gold_loss":0},{"damage_healed":0,"gold_gain":0,"player_choice":"Rummage","damage_taken":0,"relics_obtained":["WarpedTongs"],"max_hp_gain":0,"max_hp_loss":0,"event_name":"Accursed Blacksmith","floor":47,"gold_loss":0,"cards_obtained":["Pain"]}],"is_beta":false,"boss_relics":[{"not_picked":["Snecko Eye","Empty Cage"],"picked":"Astrolabe"},{"not_picked":["Inserter","Pandora\u0027s Box"],"picked":"SlaversCollar"}],"items_purged_floors":[13],"is_endless":false,"potions_floor_spawned":[1,5,7,16,19,22,24,25,37,41,44,46],"killed_by":"Awakened One","ascension_level":10}}