{"host":"ja297la2wpvv1dvv","time":1608747992,"event":{"mods":["AchievementEnabler","BaseMod","Bestiary","Colored Map","Colored Powertips","Curses Come First","Minty Spire (QoL Compilation)","StSLib"],"gold_per_floor":[215,226,226,243,260,290,290,290,317,10,10,26,36,54,54,150,150,163,163,183,183,214,214,244,244,244,260,275,190,204,230,230,230,230],"floor_reached":33,"playtime":8135,"items_purged":[],"score":294,"play_id":"f1ba9298-6674-4f78-a814-373e0114d8f8","local_time":"20201223122632","is_ascension_mode":false,"campfire_choices":[{"floor":7,"key":"REST"},{"floor":11,"key":"REST"},{"data":"Eruption","floor":15,"key":"SMITH"},{"floor":23,"key":"REST"},{"floor":25,"key":"REST"},{"floor":32,"key":"REST"}],"circlet_count":0,"master_deck":["Strike_P","Strike_P","Strike_P","Defend_P","Defend_P","Defend_P","Eruption+1","Vigilance","PathToVictory","EmptyBody","Alpha","PathToVictory","Consecrate","PathToVictory","Evaluate","Nirvana","FollowUp","Establishment","Vengeance+1","FearNoEvil","Conclude","Indignation","PathToVictory","Judgement","Evaluate","Protect","WheelKick","TalkToTheHand","WheelKick","FlyingSleeves"],"relics":["PureWater","Centennial Puzzle","Bronze Scales","Letter Opener","Snecko Eye","Red Mask","Nunchaku","Prayer Wheel","Frozen Egg 2","Orichalcum"],"acts_visited":["Exordium","TheCity"],"potions_floor_usage":[12,30,30,33],"damage_taken":[{"damage":1,"enemies":"Cultist","floor":1,"turns":3},{"damage":3,"enemies":"Jaw Worm","floor":2,"turns":3},{"damage":0,"enemies":"2 Louse","floor":4,"turns":3},{"damage":14,"enemies":"Looter","floor":5,"turns":5},{"damage":41,"enemies":"3 Sentries","floor":6,"turns":10},{"damage":7,"enemies":"2 Fungi Beasts","floor":12,"turns":2},{"damage":15,"enemies":"Large Slime","floor":13,"turns":4},{"damage":0,"enemies":"Gremlin Gang","floor":14,"turns":3},{"damage":22,"enemies":"Hexaghost","floor":16,"turns":6},{"damage":3,"enemies":"Chosen","floor":18,"turns":2},{"damage":34,"enemies":"Spheric Guardian","floor":20,"turns":6},{"damage":0,"enemies":"Masked Bandits","floor":22,"turns":2},{"damage":25,"enemies":"Book of Stabbing","floor":24,"turns":4},{"damage":18,"enemies":"Cultist and Chosen","floor":27,"turns":4},{"damage":17,"enemies":"Snecko","floor":28,"turns":4},{"damage":20,"enemies":"Centurion and Healer","floor":30,"turns":5},{"damage":74,"enemies":"Champ","floor":33,"turns":7}],"seed_played":"-5996230027519879738","potions_obtained":[{"floor":2,"key":"Explosive Potion"},{"floor":5,"key":"SpeedPotion"},{"floor":6,"key":"Fruit Juice"},{"floor":14,"key":"BottledMiracle"},{"floor":18,"key":"DistilledChaos"},{"floor":24,"key":"Strength Potion"}],"is_trial":false,"path_per_floor":["M","M","?","M","M","E","R","?","T","$","R","M","M","M","R","B",null,"M","?","M","?","?","R","E","R","T","M","M","?","M","T","R","B"],"character_chosen":"WATCHER","items_purchased":["Letter Opener","PathToVictory"],"campfire_rested":5,"item_purchase_floors":[10,10],"current_hp_per_floor":[71,68,73,73,59,18,41,41,41,41,64,62,47,47,47,25,82,79,79,45,45,45,69,44,68,68,50,33,33,13,13,37,0,0],"gold":230,"neow_bonus":"HUNDRED_GOLD","is_daily":false,"chose_seed":false,"campfire_upgraded":1,"win_rate":0.0,"timestamp":1608747992,"path_taken":["M","M","?","M","M","E","R","?","T","$","R","?","M","M","R","BOSS","M","?","?","?","?","R","E","R","T","M","M","?","M","?","R","BOSS"],"items_purchased_type":["Relic","Card"],"build_version":"2020-12-22","purchased_purges":0,"victory":false,"max_hp_per_floor":[72,72,77,77,77,77,77,77,77,77,77,82,82,82,82,82,82,82,82,82,82,82,82,82,82,82,82,82,82,82,82,82,82,82],"card_choices":[{"not_picked":["CutThroughFate","Tantrum"],"picked":"PathToVictory","floor":1},{"not_picked":["Evaluate","CutThroughFate"],"picked":"EmptyBody","floor":2},{"not_picked":["ThirdEye","FlyingSleeves"],"picked":"Alpha","floor":4},{"not_picked":["ClearTheMind","Sanctity"],"picked":"PathToVictory","floor":5},{"not_picked":["Halt","InnerPeace"],"picked":"Consecrate","floor":6},{"not_picked":["Wallop","Consecrate"],"picked":"Evaluate","floor":12},{"not_picked":["Wish","CrushJoints"],"picked":"Nirvana","floor":13},{"not_picked":["Fasting2","ClearTheMind"],"picked":"FollowUp","floor":14},{"not_picked":["Scrawl","ConjureBlade"],"picked":"Establishment","floor":16},{"not_picked":["Study","BowlingBash+1"],"picked":"Vengeance+1","floor":18},{"not_picked":["Indignation","Conclude"],"picked":"FearNoEvil","floor":20},{"not_picked":["BattleHymn","Swivel"],"picked":"PathToVictory","floor":22},{"not_picked":["Consecrate","JustLucky"],"picked":"Judgement","floor":24},{"not_picked":["Vengeance","Consecrate+1"],"picked":"Evaluate","floor":27},{"not_picked":["DeceiveReality","BowlingBash+1"],"picked":"Protect","floor":27},{"not_picked":["DeceiveReality","JustLucky+1"],"picked":"WheelKick","floor":28},{"not_picked":["EmptyFist","SashWhip"],"picked":"TalkToTheHand","floor":28},{"not_picked":["WaveOfTheHand","FearNoEvil"],"picked":"WheelKick","floor":30},{"not_picked":["Study+1","Evaluate"],"picked":"FlyingSleeves","floor":30}],"player_experience":171870,"relics_obtained":[{"floor":6,"key":"Centennial Puzzle"},{"floor":9,"key":"Bronze Scales"},{"floor":22,"key":"Red Mask"},{"floor":24,"key":"Nunchaku"},{"floor":26,"key":"Prayer Wheel"},{"floor":31,"key":"Orichalcum"}],"event_choices":[{"damage_healed":0,"gold_gain":0,"player_choice":"Donut","damage_taken":0,"max_hp_gain":5,"max_hp_loss":0,"event_name":"Big Fish","floor":3,"gold_loss":0},{"damage_healed":0,"gold_gain":0,"player_choice":"Bought 0 Potions","damage_taken":0,"max_hp_gain":0,"max_hp_loss":0,"event_name":"The Woman in Blue","floor":8,"gold_loss":0},{"damage_healed":0,"gold_gain":0,"player_choice":"Ignored","damage_taken":0,"max_hp_gain":0,"max_hp_loss":0,"event_name":"NoteForYourself","floor":19,"gold_loss":0},{"damage_healed":0,"gold_gain":0,"cards_transformed":["Strike_P","Defend_P"],"player_choice":"Became Test Subject","damage_taken":0,"max_hp_gain":0,"max_hp_loss":0,"event_name":"Drug Dealer","floor":21,"gold_loss":0,"cards_obtained":["Conclude","Indignation"]},{"damage_healed":0,"gold_gain":0,"player_choice":"Fought Bandits","damage_taken":0,"max_hp_gain":0,"max_hp_loss":0,"event_name":"Masked Bandits","floor":22,"gold_loss":0},{"damage_healed":0,"gold_gain":0,"player_choice":"Obtained Relic","damage_taken":0,"relics_obtained":["Frozen Egg 2"],"max_hp_gain":0,"max_hp_loss":0,"event_name":"Addict","floor":29,"gold_loss":85}],"is_beta":false,"boss_relics":[{"not_picked":["Black Star","Runic Pyramid"],"picked":"Snecko Eye"}],"items_purged_floors":[],"is_endless":false,"potions_floor_spawned":[2,5,6,14,18,24,28],"killed_by":"Champ","ascension_level":0}}