{"host":"xuxmsn6olavvgi6l","time":1608762637,"event":{"mods":["AchievementEnabler","Act Like it!","BaseMod","Better Third Choice","BetterRewards","Colored Map","Colored Powertips","Hermit","Highlight Path","Hubris","Infinite Spire","Marisa????????","Minty Spire (QoL Compilation)","Rare Cards Sparkle","Replay The Spire","Shop Mod","StSLib","The Animator","The Bug Knight","The Construct","The Cursed","The Runesmith","The Servant 0.9.4"],"gold_per_floor":[113,83,97,97,97,97,97,97,97,115,128,128,53,53,53,149,149,164,198,214,214,214,214,234,107,107,107,107,206,219,230,230,230,230],"floor_reached":33,"playtime":2000,"items_purged":["HollowMod:NailStrikeStart"],"score":233,"play_id":"2b79c9d1-a87b-472b-9ea9-d8b3e7e353b2","local_time":"20201223163037","is_ascension_mode":false,"campfire_choices":[{"data":"HollowMod:LifebloodCocoon","floor":6.0,"key":"SMITH"},{"data":"HollowMod:FocusHealStart","floor":8.0,"key":"SMITH"},{"data":"hubris:DuctTapeCard","floor":15.0,"key":"SMITH"},{"data":"HollowMod:PureVessel","floor":23.0,"key":"SMITH"},{"data":"HollowMod:DashSlash","floor":27.0,"key":"SMITH"},{"data":"HollowMod:CloakDash","floor":32,"key":"SMITH"}],"circlet_count":0,"master_deck":["HollowMod:NailStrikeStart","HollowMod:NailStrikeStart","HollowMod:NailStrikeStart","HollowMod:QuickDashStart","HollowMod:QuickDashStart","HollowMod:QuickDashStart","HollowMod:FocusHealStart+1","HollowMod:CloakDash+1","HollowMod:SoulVessel","HollowMod:SoulSplash+1","HollowMod:CloakDash","HollowMod:PerfectDash","HollowMod:PureVessel+1","HollowMod:MonarchWings+1","HollowMod:DashSlash+1","Spreading Infection","hubris:DuctTapeCard","HollowMod:PerfectDash"],"relics":["HollowMod:VesselMask","Pondfish Scales","hubris:DuctTape","Cursed Key","Red Mask","Pen Nib","MerchantsRug","infinitespire:Broken Mirror","hubris:Icosahedron"],"acts_visited":["Exordium","TheCity"],"potions_floor_usage":[],"damage_taken":[{"damage":1.0,"enemies":"2 Louse","floor":1.0,"turns":2.0},{"damage":0.0,"enemies":"Cultist","floor":3.0,"turns":3.0},{"damage":0.0,"enemies":"Small Slimes","floor":10.0,"turns":4.0},{"damage":4.0,"enemies":"Blue Slaver","floor":11.0,"turns":4.0},{"damage":86.0,"enemies":"Hexaghost","floor":16.0,"turns":15.0},{"damage":1.0,"enemies":"3 Byrds","floor":18.0,"turns":5.0},{"damage":0.0,"enemies":"Masked Bandits","floor":19.0,"turns":5.0},{"damage":0.0,"enemies":"Chosen","floor":20.0,"turns":6.0},{"damage":2.0,"enemies":"Shelled Parasite and Fungi","floor":24.0,"turns":8.0},{"damage":0.0,"enemies":"Cultist and Chosen","floor":30.0,"turns":8.0},{"damage":0,"enemies":"Chosen and Byrds","floor":31,"turns":4},{"damage":6,"enemies":"HollowMod:NKGrimm","floor":33,"turns":4}],"seed_played":"-3746983228942553469","potions_obtained":[{"floor":1.0,"key":"Energy Potion"},{"floor":2.0,"key":"FairyPotion"},{"floor":2.0,"key":"Reflective Coating"},{"floor":10.0,"key":"Milkshake"},{"floor":19.0,"key":"SkillPotion"},{"floor":20.0,"key":"Energy Potion"}],"is_trial":false,"path_per_floor":["M","?","M","?","?","R","$","R","T","M","M","?","$","?","R","B",null,"M","?","M","?","AVR","R","M","$","T","R","?","?","M","M","R","B"],"character_chosen":"THE_BUGKNIGHT","items_purchased":["HollowMod:PerfectDash","MerchantsRug","HollowMod:DashSlash"],"campfire_rested":0,"item_purchase_floors":[13,25,25],"current_hp_per_floor":[59,59,65,65,65,65,65,65,65,75,71,71,71,71,71,22,75,75,75,75,75,75,75,75,75,75,75,75,75,75,75,75,69,69],"gold":230,"neow_bonus":"ONE_RARE_RELIC","is_daily":false,"chose_seed":false,"campfire_upgraded":6,"win_rate":0.0,"timestamp":1608762637,"path_taken":["M","?","?","?","?","R","?","R","T","M","M","?","$","?","R","BOSS","M","?","M","?","AVR","R","M","$","T","R","?","?","M","M","R","BOSS"],"items_purchased_type":["Card","Relic","Card"],"build_version":"2020-12-22","purchased_purges":1,"victory":false,"max_hp_per_floor":[75,75,75,75,75,75,75,75,75,75,75,75,75,75,75,75,75,75,75,75,75,75,75,75,75,75,75,75,75,75,75,75,75,75],"card_choices":[{"not_picked":["HollowMod:TaintedHusks","HollowMod:SharpenedNail"],"picked":"HollowMod:CloakDash","floor":1.0},{"not_picked":["HollowMod:CrystalDash","HollowMod:GoodIntentions"],"picked":"HollowMod:LifebloodCocoon","floor":3.0},{"not_picked":["HollowMod:SoulShaman","HollowMod:CrystalDash"],"picked":"HollowMod:SoulSplash","floor":10.0},{"not_picked":["HollowMod:HowlingWraiths","HollowMod:MothsMistake"],"picked":"HollowMod:CloakDash","floor":11.0},{"not_picked":["HollowMod:ElderbugsWisdom","HollowMod:HornetsHelp"],"picked":"HollowMod:PureVessel","floor":16.0},{"not_picked":["HollowMod:LifebloodCocoon+1","HollowMod:CycloneSlash"],"picked":"HollowMod:MonarchWings+1","floor":18.0},{"not_picked":["HollowMod:AbyssShriek","HollowMod:NewLittleFool+1","HollowMod:SharpenedNail"],"picked":"SKIP","floor":20.0},{"not_picked":["HollowMod:MothsMistake","HollowMod:MonomonsArchive+1","HollowMod:CrystalDash"],"picked":"SKIP","floor":24.0},{"not_picked":["HollowMod:MonomonsArchive","HollowMod:NewJinnsSoul","HollowMod:MonarchWings"],"picked":"SKIP","floor":30.0},{"not_picked":["HollowMod:LuriensSpire","HollowMod:LifebloodCocoon"],"picked":"HollowMod:PerfectDash","floor":31}],"player_experience":1297503,"relics_obtained":[{"floor":9.0,"key":"hubris:DuctTape"},{"floor":19.0,"key":"Red Mask"},{"floor":26.0,"key":"infinitespire:Broken Mirror"}],"event_choices":[{"damage_healed":0.0,"max_hp_gain":0.0,"max_hp_loss":0.0,"gold_gain":0.0,"event_name":"The Woman in Blue","player_choice":"Bought 2 Potions","floor":2.0,"gold_loss":0.0,"damage_taken":0.0},{"damage_healed":0.0,"max_hp_gain":0.0,"max_hp_loss":0.0,"gold_gain":0.0,"cards_transformed":["HollowMod:QuickDashStart"],"event_name":"Living Wall","player_choice":"Change","floor":4.0,"gold_loss":0.0,"damage_taken":0.0,"cards_obtained":["HollowMod:SoulVessel"]},{"damage_healed":0.0,"max_hp_gain":0.0,"max_hp_loss":0.0,"gold_gain":0.0,"event_name":"Masked Bandits","player_choice":"Fought Bandits","floor":19.0,"gold_loss":0.0,"damage_taken":0.0},{"damage_healed":0.0,"max_hp_gain":0.0,"max_hp_loss":0.0,"gold_gain":0.0,"event_name":"Cursed Tome","player_choice":"Ignored","floor":21.0,"gold_loss":0.0,"damage_taken":0.0},{"damage_healed":0.0,"max_hp_gain":0.0,"max_hp_loss":0.0,"gold_gain":99.0,"event_name":"betterThird:BetterNest","player_choice":"Steal","floor":29.0,"gold_loss":0.0,"damage_taken":0.0}],"is_beta":false,"boss_relics":[{"not_picked":["hubris:ScarierMask","Runic Pyramid"],"picked":"Cursed Key"}],"items_purged_floors":[22],"is_endless":false,"potions_floor_spawned":[1,10,11,19,20],"killed_by":"HollowMod:NKGrimm","ascension_level":0}}