{"host":"l4kjxw6jzszvq5p8","time":1608734114,"event":{"mods":["AchievementEnabler","BaseMod","Bestiary","Colored Map","Colored Powertips","Minty Spire (QoL Compilation)","Rare Cards Sparkle","StSLib"],"gold_per_floor":[111,123,138,138,88,120,120,120,144,154,154,174,200,20,20,120,120,131,16,26,26,26,26,40,67,92,117,133,146,146,71,71,172,172,186,1185,603,613,613,613,627,627,627],"floor_reached":42,"playtime":4282,"items_purged":["Defend_G","Normality"],"score":697,"play_id":"5675b566-4f55-42b5-8a75-1e931f9a5790","local_time":"20201223153514","is_ascension_mode":true,"campfire_choices":[{"data":"Neutralize","floor":7.0,"key":"SMITH"},{"data":"Sucker Punch","floor":11.0,"key":"SMITH"},{"data":"Footwork","floor":15.0,"key":"SMITH"},{"data":"Accuracy","floor":23,"key":"SMITH"},{"data":"Storm of Steel","floor":30,"key":"SMITH"},{"floor":32,"key":"REST"},{"floor":40,"key":"RECALL"}],"circlet_count":0,"master_deck":["Strike_G+1","Strike_G+1","Strike_G+1","Defend_G+1","Defend_G+1","Defend_G+1","Defend_G+1","Neutralize+1","Cloak And Dagger","Deflect+1","Flying Knee","Sucker Punch+1","Footwork+1","Quick Slash","Night Terror+1","CurseOfTheBell","Poisoned Stab","Accuracy+1","Crippling Poison+1","Blur","Storm of Steel+1","Acrobatics","Acrobatics+1","Blade Dance","Night Terror","Normality","Footwork+1","Mayhem+1","Discovery","Enlightenment","Blade Dance+1"],"relics":["SacredBark","Art of War","Happy Flower","Odd Mushroom","Calling Bell","War Paint","Gremlin Horn","Du-Vu Doll","Pantograph","Pen Nib","Anchor","Kunai","Fusion Hammer","Frozen Egg 2","Strawberry"],"acts_visited":["Exordium","TheCity","TheBeyond"],"potions_floor_usage":[16,16,20,25,28,38,41,41,42],"damage_taken":[{"damage":2.0,"enemies":"Small Slimes","floor":1.0,"turns":4.0},{"damage":4.0,"enemies":"Jaw Worm","floor":2.0,"turns":5.0},{"damage":1.0,"enemies":"Cultist","floor":3.0,"turns":5.0},{"damage":35.0,"enemies":"3 Sentries","floor":6.0,"turns":20.0},{"damage":0.0,"enemies":"Lagavulin","floor":8.0,"turns":4.0},{"damage":2.0,"enemies":"2 Fungi Beasts","floor":10.0,"turns":5.0},{"damage":0.0,"enemies":"Blue Slaver","floor":12.0,"turns":4.0},{"damage":8.0,"enemies":"The Mushroom Lair","floor":13.0,"turns":5.0},{"damage":1,"enemies":"Hexaghost","floor":16,"turns":11},{"damage":14,"enemies":"Spheric Guardian","floor":18,"turns":7},{"damage":8,"enemies":"3 Byrds","floor":20,"turns":8},{"damage":6,"enemies":"3 Cultists","floor":24,"turns":6},{"damage":11,"enemies":"Gremlin Leader","floor":25,"turns":7},{"damage":4,"enemies":"Book of Stabbing","floor":27,"turns":8},{"damage":20,"enemies":"Snake Plant","floor":28,"turns":4},{"damage":12,"enemies":"Cultist and Chosen","floor":29,"turns":5},{"damage":32,"enemies":"Champ","floor":33,"turns":15},{"damage":16,"enemies":"3 Darklings","floor":35,"turns":6},{"damage":12,"enemies":"Orb Walker","floor":38,"turns":6},{"damage":32,"enemies":"Transient","floor":41,"turns":5},{"damage":45,"enemies":"Nemesis","floor":42,"turns":2}],"seed_played":"-747631007758753410","potions_obtained":[{"floor":6.0,"key":"SmokeBomb"},{"floor":12.0,"key":"FearPotion"},{"floor":13.0,"key":"SteroidPotion"},{"floor":20,"key":"DistilledChaos"},{"floor":25,"key":"SkillPotion"},{"floor":29,"key":"SkillPotion"},{"floor":33,"key":"Fruit Juice"},{"floor":38,"key":"EssenceOfSteel"}],"is_trial":false,"path_per_floor":["M","M","M","?","?","E","R","E","T","M","R","M","?","$","R","B",null,"M","$","M","?","?","R","M","E","T","E","M","M","R","?","R","B",null,"M","?","$","M","?","R","M","E"],"character_chosen":"THE_SILENT","items_purchased":["Footwork","Quick Slash","Accuracy","Regen Potion","Frozen Egg 2","Footwork+1","FearPotion","Strawberry"],"campfire_rested":1,"item_purchase_floors":[14,14,19,19,37,37,37,37],"current_hp_per_floor":[61,57,56,49,49,14,14,14,14,12,12,12,4,4,4,3,53,39,39,70,70,70,70,64,53,53,49,29,17,17,17,38,31,60,44,44,51,49,39,39,7,0,0],"gold":627,"neow_bonus":"BOSS_RELIC","is_daily":false,"chose_seed":false,"campfire_upgraded":5,"win_rate":0.0,"timestamp":1608734114,"path_taken":["M","M","M","?","?","E","R","E","T","?","R","?","?","$","R","BOSS","M","$","M","?","?","R","M","E","T","E","M","?","R","?","R","BOSS","M","?","$","M","?","R","M","E"],"items_purchased_type":["Card","Card","Card","Potion","Relic","Card","Potion","Relic"],"build_version":"2020-12-22","purchased_purges":2,"victory":false,"max_hp_per_floor":[70,70,70,70,70,70,70,70,70,70,70,70,70,70,70,70,70,70,70,70,70,70,70,70,70,70,70,70,70,70,70,70,70,70,70,70,77,87,87,87,87,87,87],"card_choices":[{"not_picked":["Dagger Throw","Underhanded Strike"],"picked":"Cloak And Dagger","floor":1.0},{"not_picked":["Dash","Choke"],"picked":"Deflect","floor":2.0},{"not_picked":["Slice","Underhanded Strike","Blade Dance"],"picked":"SKIP","floor":3.0},{"not_picked":["Dagger Throw","Quick Slash"],"picked":"Flying Knee","floor":6.0},{"not_picked":["Well Laid Plans","Slice"],"picked":"Sucker Punch","floor":10.0},{"not_picked":["Blade Dance","Backflip","Setup"],"picked":"SKIP","floor":12.0},{"not_picked":["Burst","Storm of Steel"],"picked":"Night Terror","floor":16},{"not_picked":["PiercingWail","Flying Knee"],"picked":"Poisoned Stab","floor":18},{"not_picked":["Sucker Punch","PiercingWail"],"picked":"Crippling Poison+1","floor":20},{"not_picked":["Deadly Poison","Dagger Spray"],"picked":"Blur","floor":24},{"not_picked":["Outmaneuver","Predator"],"picked":"Storm of Steel","floor":25},{"not_picked":["A Thousand Cuts","Caltrops"],"picked":"Acrobatics","floor":27},{"not_picked":["Flying Knee","Sucker Punch"],"picked":"Acrobatics+1","floor":28},{"not_picked":["Slice+1","Prepared"],"picked":"Blade Dance","floor":29},{"not_picked":["Storm of Steel","Tools of the Trade"],"picked":"Night Terror","floor":33},{"not_picked":["Slice","Bane+1","Prepared+1"],"picked":"SKIP","floor":35},{"not_picked":["Sucker Punch","Deflect","Bouncing Flask+1"],"picked":"SKIP","floor":38},{"not_picked":["Swift Strike","Sadistic Nature+1"],"picked":"Mayhem+1","floor":39},{"not_picked":["Dramatic Entrance","Mind Blast"],"picked":"Discovery","floor":39},{"not_picked":["Blind","Jack Of All Trades"],"picked":"Enlightenment","floor":39},{"not_picked":["Reflex","Eviscerate"],"picked":"Blade Dance+1","floor":41}],"player_experience":412470,"relics_obtained":[{"floor":6.0,"key":"Art of War"},{"floor":9.0,"key":"Happy Flower"},{"floor":13.0,"key":"Odd Mushroom"},{"floor":17,"key":"War Paint"},{"floor":17,"key":"Gremlin Horn"},{"floor":17,"key":"Du-Vu Doll"},{"floor":25,"key":"Pen Nib"},{"floor":26,"key":"Anchor"},{"floor":27,"key":"Kunai"}],"event_choices":[{"cards_removed":["Strike_G"],"damage_healed":0.0,"max_hp_gain":0.0,"max_hp_loss":0.0,"gold_gain":0.0,"event_name":"Golden Wing","player_choice":"Card Removal","floor":4.0,"gold_loss":0.0,"damage_taken":7.0},{"cards_removed":["Strike_G"],"damage_healed":0.0,"max_hp_gain":0.0,"max_hp_loss":0.0,"gold_gain":0.0,"event_name":"The Cleric","player_choice":"Card Removal","floor":5.0,"gold_loss":50.0,"damage_taken":0.0},{"damage_healed":0.0,"max_hp_gain":0.0,"max_hp_loss":0.0,"gold_gain":0.0,"event_name":"Mushrooms","player_choice":"Fought Mushrooms","floor":13.0,"gold_loss":0.0,"damage_taken":0.0},{"damage_healed":0,"gold_gain":0,"player_choice":"Simplicity","damage_taken":0,"max_hp_gain":0,"max_hp_loss":0,"event_name":"Back to Basics","floor":21,"gold_loss":0,"cards_upgraded":["Strike_G","Strike_G","Strike_G","Defend_G","Defend_G","Defend_G","Defend_G"]},{"damage_healed":0,"gold_gain":0,"player_choice":"Opened","damage_taken":0,"relics_obtained":["Pantograph"],"max_hp_gain":0,"max_hp_loss":0,"event_name":"The Mausoleum","floor":22,"gold_loss":0},{"cards_removed":["Survivor"],"damage_healed":0,"gold_gain":0,"player_choice":"Gave Gold","damage_taken":0,"max_hp_gain":0,"max_hp_loss":0,"event_name":"Beggar","floor":31,"gold_loss":75},{"damage_healed":0,"gold_gain":999,"player_choice":"Gold","damage_taken":0,"max_hp_gain":0,"max_hp_loss":0,"event_name":"MindBloom","floor":36,"gold_loss":0,"cards_obtained":["Normality","Normality"]},{"damage_healed":0,"gold_gain":0,"player_choice":"Memory 3","damage_taken":10,"max_hp_gain":0,"max_hp_loss":0,"event_name":"SensoryStone","floor":39,"gold_loss":0}],"is_beta":false,"boss_relics":[{"not_picked":["HoveringKite","Black Star"],"picked":"Calling Bell"},{"not_picked":["Tiny House","Astrolabe"],"picked":"Fusion Hammer"}],"items_purged_floors":[14,37],"is_endless":false,"potions_floor_spawned":[6,8,12,13,20,25,29,33,38],"killed_by":"Nemesis","ascension_level":9}}