{"host":"w5ovz9boloi14a0g","time":1608752160,"event":{"mods":["BaseMod","Googly Eyes","Minty Spire (QoL Compilation)","Replay The Spire","StSLib","SuperFastMode"],"gold_per_floor":[115,115,132,150,168,197,260,285,285,285,52,52,70,35,35,134,134,154,167,179,179,190,208,208,208],"floor_reached":24,"playtime":635,"items_purged":[],"score":210,"play_id":"d877d0a5-ee62-44b8-bd4b-9708b4c6a413","local_time":"20201223133600","is_ascension_mode":false,"campfire_choices":[{"floor":10,"key":"REST"},{"data":"Zap","floor":12,"key":"SMITH"},{"data":"Barrage","floor":15,"key":"SMITH"}],"circlet_count":0,"master_deck":["Strike_B","Strike_B","Strike_B","Strike_B","Defend_B","Defend_B","Defend_B","Defend_B","Zap+1","Dualcast+1","BasicCrystalCard+1","Cold Snap","Defragment","Doom and Gloom","Panic Button","Barrage+1","Core Surge","Panic Button+1"],"relics":["Cracked Core","Blood Vial","The Courier","Matryoshka","Runic Capacitor","Boot","Busted Crown"],"acts_visited":["Exordium","TheCity"],"potions_floor_usage":[],"damage_taken":[{"damage":0,"enemies":"Small Slimes","floor":1,"turns":3},{"damage":0,"enemies":"Cultist","floor":3,"turns":2},{"damage":5,"enemies":"2 Louse","floor":4,"turns":3},{"damage":7,"enemies":"Lots of Slimes","floor":5,"turns":5},{"damage":31,"enemies":"Gremlin Nob","floor":6,"turns":4},{"damage":14,"enemies":"3 Sentries","floor":8,"turns":8},{"damage":0,"enemies":"Blue Slaver","floor":13,"turns":3},{"damage":31,"enemies":"Slime Boss","floor":16,"turns":10},{"damage":0,"enemies":"Spheric Guardian","floor":18,"turns":3},{"damage":12,"enemies":"3 Byrds","floor":19,"turns":3},{"damage":8,"enemies":"Centurion and Healer","floor":20,"turns":9},{"damage":27,"enemies":"Cultist and Chosen","floor":22,"turns":6},{"damage":9,"enemies":"3 Cultists","floor":23,"turns":5},{"damage":27,"enemies":"Slavers","floor":24,"turns":1}],"seed_played":"-2506600130118243065","potions_obtained":[{"floor":1,"key":"Weak Potion"},{"floor":4,"key":"SpeedPotion"},{"floor":8,"key":"LiquidMemories"}],"is_trial":false,"path_per_floor":["M","?","M","M","M","E","?","E","T","R","$","R","M","?","R","B",null,"M","M","M","M","M","M","E"],"character_chosen":"DEFECT","items_purchased":["Runic Capacitor","Boot"],"campfire_rested":1,"item_purchase_floors":[11,11],"current_hp_per_floor":[75,75,75,70,63,32,32,20,20,42,42,42,44,62,62,33,75,75,63,57,57,32,25,0,0],"gold":208,"neow_bonus":"RANDOM_EVENT","is_daily":false,"chose_seed":false,"campfire_upgraded":2,"win_rate":0.0,"timestamp":1608752160,"path_taken":["M","?","M","?","M","E","?","E","T","R","$","R","M","?","R","BOSS","M","M","M","M","M","M","E"],"items_purchased_type":["Relic","Relic"],"build_version":"2020-12-22","purchased_purges":0,"victory":false,"max_hp_per_floor":[75,75,75,75,75,75,75,75,75,75,75,75,75,75,75,75,75,75,75,75,75,75,75,75,75],"card_choices":[{"not_picked":["White Noise","Blizzard"],"picked":"BasicCrystalCard","floor":1},{"not_picked":["Steam","Compile Driver"],"picked":"Cold Snap","floor":3},{"not_picked":["Turbo","Conserve Battery"],"picked":"Defragment","floor":4},{"not_picked":["Conserve Battery","Mirror Shield"],"picked":"Doom and Gloom","floor":5},{"not_picked":["BasicCrystalCard","Stack","Rip and Tear"],"picked":"SKIP","floor":6},{"not_picked":["Ball Lightning","Reprogram"],"picked":"Panic Button","floor":8},{"not_picked":["ReplayTheSpireMod:Calculation Training","Force Field"],"picked":"Barrage","floor":13},{"not_picked":["Multi-Cast","Amplify"],"picked":"Core Surge","floor":16},{"not_picked":["Defragment"],"picked":"SKIP","floor":18},{"not_picked":["Leap"],"picked":"SKIP","floor":19},{"not_picked":[],"picked":"Panic Button+1","floor":20},{"not_picked":["Reinforced Body"],"picked":"SKIP","floor":22},{"not_picked":["Streamline+1"],"picked":"SKIP","floor":23}],"player_experience":17501,"relics_obtained":[{"floor":6,"key":"Blood Vial"},{"floor":8,"key":"The Courier"},{"floor":9,"key":"Matryoshka"}],"event_choices":[{"damage_healed":0,"gold_gain":0,"player_choice":"Grow","damage_taken":0,"max_hp_gain":0,"max_hp_loss":0,"event_name":"Living Wall","floor":0,"gold_loss":0,"cards_upgraded":["Dualcast"]},{"damage_healed":0,"gold_gain":0,"player_choice":"Upgraded","damage_taken":0,"max_hp_gain":0,"max_hp_loss":0,"event_name":"Upgrade Shrine","floor":2,"gold_loss":0,"cards_upgraded":["BasicCrystalCard"]},{"damage_healed":0,"gold_gain":63,"player_choice":"Gained Gold","damage_taken":0,"max_hp_gain":0,"max_hp_loss":0,"event_name":"Golden Wing","floor":7,"gold_loss":0},{"damage_healed":18,"gold_gain":0,"player_choice":"Healed","damage_taken":0,"max_hp_gain":0,"max_hp_loss":0,"event_name":"The Cleric","floor":14,"gold_loss":35}],"is_beta":false,"boss_relics":[{"not_picked":["Snecko Eye","Philosopher\u0027s Stone"],"picked":"Busted Crown"}],"items_purged_floors":[],"is_endless":false,"potions_floor_spawned":[1,4,8,13,16,19,20,22],"killed_by":"Slavers","ascension_level":0}}