{"host":"5fasz840ryq7obdf","time":1608738095,"event":{"mods":["AchievementEnabler","BaseMod","Bestiary","Better Altar","Better Skull","Better Third Choice","BetterRewards","Block Reminder","Colored Powertips","Curses Come First","Minty Spire (QoL Compilation)","Quick Restart","Relic Stats","Shop Mod","Spicy Shops","StSLib"],"gold_per_floor":[111,111,36,55,205,205,240,240,240,260,296,367,402,426,426,525,525,550,10,44,53,101,169,169,242,251,328,378,378,451,21,21,151,151,201,285,43,43,72,72,124,179,188,240,258,258,1,28,28,53,53],"floor_reached":52,"playtime":3842,"items_purged":["Doubt","Pain","Writhe"],"score":2872,"play_id":"65c42be2-312c-4a7a-bda3-c9cd5835a2ba","local_time":"20201223154135","is_ascension_mode":true,"campfire_choices":[{"data":"Eruption","floor":6.0,"key":"SMITH"},{"data":"Adaptation","floor":8.0,"key":"SMITH"},{"data":"Mind Blast","floor":15.0,"key":"SMITH"},{"data":"Establishment","floor":24,"key":"SMITH"},{"data":"Thinking Ahead","floor":32,"key":"SMITH"},{"data":"Vault","floor":40,"key":"SMITH"},{"floor":46,"key":"RECALL"},{"data":"Parasite","floor":49,"key":"PURGE"}],"circlet_count":0,"master_deck":["AscendersBane","Strike_P","Strike_P","Strike_P","Strike_P","Defend_P","Defend_P","Defend_P","Defend_P","Eruption+1","Vigilance","DeusExMachina","Adaptation+1","EmptyBody","Mind Blast+1","TalkToTheHand+1","Mind Blast+1","DeusExMachina","SashWhip+1","Consecrate+1","BattleHymn","CrushJoints+1","Crescendo","EmptyMind","Wireheading","Evaluate","Vault+1","CrushJoints+1","Establishment+1","FlurryOfBlows+1","HandOfGreed+1","Brilliance+1","Protect","Prostrate","Ragnarok+1","TalkToTheHand+1","FlurryOfBlows+1","ClearTheMind","WindmillStrike+1","Protect","Thinking Ahead+1","Prostrate","MentalFortress","Ragnarok+1","Protect","WreathOfFlame","ClearTheMind","DevaForm","Protect","Clumsy","EmptyBody","Madness","Madness","Prostrate"],"relics":["PureWater","Medical Kit","Tiny Chest","HornCleat","Lee\u0027s Waffle","Molten Egg 2","Damaru","Kunai","Peace Pipe","DollysMirror","Membership Card","Torii","Golden Idol","Bronze Scales","Bottled Tornado","Centennial Puzzle","Meat on the Bone","Dead Branch","Cursed Key","CeramicFish","Happy Flower","Ornamental Fan","WarpedTongs","Vajra","GoldenEye","Unceasing Top","Art of War","HandDrill","Lantern","SlaversCollar","White Beast Statue","Oddly Smooth Stone","Sling","Strange Spoon","Bag of Marbles","Ginger","Mummified Hand","Nunchaku","Blue Candle","Cauldron"],"acts_visited":["Exordium","TheCity","TheBeyond"],"potions_floor_usage":[33,41],"damage_taken":[{"damage":12.0,"enemies":"Jaw Worm","floor":1.0,"turns":2.0},{"damage":0.0,"enemies":"Small Slimes","floor":4.0,"turns":3.0},{"damage":0.0,"enemies":"Lagavulin","floor":7.0,"turns":4.0},{"damage":0.0,"enemies":"Cultist","floor":10.0,"turns":2.0},{"damage":0.0,"enemies":"3 Sentries","floor":11.0,"turns":3.0},{"damage":0.0,"enemies":"Gremlin Nob","floor":13.0,"turns":2.0},{"damage":0.0,"enemies":"Large Slime","floor":14.0,"turns":2.0},{"damage":7.0,"enemies":"The Guardian","floor":16.0,"turns":7.0},{"damage":0.0,"enemies":"Spheric Guardian","floor":18.0,"turns":2.0},{"damage":1.0,"enemies":"Shell Parasite","floor":20.0,"turns":2.0},{"damage":0,"enemies":"Snecko","floor":22,"turns":1},{"damage":0,"enemies":"Book of Stabbing","floor":23,"turns":1},{"damage":2,"enemies":"Slavers","floor":25,"turns":3},{"damage":1,"enemies":"Book of Stabbing","floor":27,"turns":3},{"damage":0,"enemies":"3 Cultists","floor":28,"turns":1},{"damage":0,"enemies":"Centurion and Healer","floor":30,"turns":1},{"damage":14,"enemies":"Champ","floor":33,"turns":4},{"damage":0,"enemies":"3 Shapes","floor":35,"turns":4},{"damage":0,"enemies":"3 Darklings","floor":39,"turns":4},{"damage":0,"enemies":"Reptomancer","floor":41,"turns":2},{"damage":0,"enemies":"Writhing Mass","floor":42,"turns":3},{"damage":9,"enemies":"Giant Head","floor":44,"turns":2},{"damage":2,"enemies":"Transient","floor":48,"turns":6},{"damage":35,"enemies":"Awakened One","floor":50,"turns":7},{"damage":22,"enemies":"Time Eater","floor":51,"turns":6}],"seed_played":"-3944036779814227226","potions_obtained":[{"floor":1.0,"key":"Swift Potion"},{"floor":4.0,"key":"BottledMiracle"},{"floor":16.0,"key":"Weak Potion"},{"floor":25,"key":"StancePotion"},{"floor":39,"key":"Fire Potion"},{"floor":41,"key":"BlessingOfTheForge"},{"floor":47,"key":"FairyPotion"}],"is_trial":false,"path_per_floor":["M","?","?","M","?","R","E","R","T","M","E","T","E","M","R","B",null,"M","$","M","?","M","E","R","E","T","E","M","?","M","$","R","B",null,"M","T","$","?","M","R","E","M","T","E","?","R","$","M","R","B","B",null],"character_chosen":"WATCHER","items_purchased":["Medical Kit","DeusExMachina","Tiny Chest","HornCleat","Lee\u0027s Waffle","Adaptation","EmptyBody","Mind Blast","Molten Egg 2","Damaru","Kunai","Peace Pipe","TalkToTheHand+1","Mind Blast+1","DollysMirror","SashWhip+1","Membership Card","Torii","Consecrate+1","BattleHymn","CeramicFish","Happy Flower","Ornamental Fan","HandOfGreed+1","Brilliance+1","HandDrill","Lantern","WindmillStrike+1","Protect","Thinking Ahead","Prostrate","MentalFortress","Oddly Smooth Stone","WreathOfFlame","Sling","Strange Spoon","Nunchaku","Blue Candle","Cauldron"],"campfire_rested":0,"item_purchase_floors":[0,0,0,0,0,0,0,0,0,0,0,0,0,0,0,0,0,0,0,0,19,19,19,19,19,31,31,31,31,31,31,31,37,37,37,37,47,47,47],"current_hp_per_floor":[63,37,37,37,37,37,37,37,37,37,37,37,49,49,49,42,67,67,67,66,66,66,66,66,64,64,63,63,63,63,63,63,49,69,69,69,69,69,69,69,69,69,69,60,47,47,47,45,45,22,32],"gold":53,"neow_bonus":"","is_daily":false,"chose_seed":false,"campfire_upgraded":6,"win_rate":0.0,"timestamp":1608738095,"path_taken":["M","?","?","M","?","R","E","R","T","M","E","?","E","M","R","BOSS","M","$","M","?","?","E","R","E","T","E","M","?","M","$","R","BOSS","M","?","$","?","?","R","E","M","T","E","?","R","$","M","R","BOSS","BOSS"],"items_purchased_type":["Relic","Card","Relic","Relic","Relic","Card","Card","Card","Relic","Relic","Relic","Relic","Card","Card","Relic","Card","Relic","Relic","Card","Card","Relic","Relic","Relic","Card","Card","Relic","Relic","Card","Card","Card","Card","Card","Relic","Card","Relic","Relic","Relic","Relic","Relic"],"build_version":"2020-12-22","purchased_purges":3,"victory":true,"max_hp_per_floor":[75,75,75,75,75,75,75,75,75,75,75,75,75,75,75,75,75,75,75,75,75,75,75,75,75,75,75,75,75,75,75,75,75,75,75,75,75,72,72,72,72,72,72,72,72,72,72,72,69,69,69],"relic_stats":{"Torii":6,"CeramicFish":252,"Ginger":[4],"Cursed Key":3,"Centennial Puzzle":[27],"Nunchaku":[35],"Mummified Hand":[20],"Tiny Chest":2,"HandDrill":[8],"Kunai":[50],"Lee\u0027s Waffle":56,"Happy Flower":[66],"counters":[78,244],"Golden Idol":190,"Dead Branch":[156],"Blue Candle":[5],"Medical Kit":[0],"GoldenEye":[22],"WarpedTongs":[48],"Peace Pipe":5,"Strange Spoon":[36],"Ornamental Fan":[168],"Bronze Scales":[261],"Art of War":[9],"obtain_stats":[{"Ice Cream":30,"Tiny House":17,"CeramicFish":14,"Vajra":11,"Ginger":27,"Bottled Tornado":9,"Sling":37,"Centennial Puzzle":42,"HornCleat":0,"DollysMirror":0,"MealTicket":13,"HandDrill":12,"Kunai":0,"Toxic Egg 2":26,"Pear":47,"Happy Flower":0,"Dead Branch":13,"Blue Candle":47,"Oddly Smooth Stone":0,"Pen Nib":40,"Letter Opener":27,"War Paint":42,"Akabeko":31,"WarpedTongs":21,"OrangePellets":0,"SlaversCollar":34,"Bottled Flame":13,"Shuriken":20,"Bronze Scales":43,"Bird Faced Urn":0,"Molten Egg 2":40,"Black Star":34,"Unceasing Top":26,"Meat on the Bone":0,"Darkstone Periapt":31,"Lantern":0,"Torii":0,"Yang":8,"Juzu Bracelet":26,"Incense Burner":23,"Bag of Preparation":46,"Ancient Tea Set":12,"Cursed Key":17,"ClockworkSouvenir":46,"Nunchaku":46,"Mummified Hand":44,"Pantograph":0,"Tiny Chest":9,"Red Mask":36,"InkBottle":24,"Potion Belt":28,"Lee\u0027s Waffle":0,"Golden Idol":3,"Damaru":6,"PreservedInsect":25,"Odd Mushroom":10,"Medical Kit":0,"GoldenEye":25,"White Beast Statue":36,"Peace Pipe":28,"Strange Spoon":37,"Cauldron":47,"Busted Crown":34,"Ornamental Fan":19,"Bag of Marbles":0,"Art of War":46,"Membership Card":0,"PureWater":0,"Toy Ornithopter":40,"TungstenRod":45},{"Ice Cream":16,"Tiny House":33,"CeramicFish":9,"Vajra":8,"Ginger":39,"Bottled Tornado":56,"Sling":71,"Centennial Puzzle":22,"HornCleat":53,"DollysMirror":53,"MealTicket":32,"HandDrill":8,"Kunai":53,"Toxic Egg 2":37,"Pear":51,"Happy Flower":0,"Dead Branch":59,"Blue Candle":75,"Oddly Smooth Stone":0,"Pen Nib":21,"Letter Opener":39,"War Paint":22,"Akabeko":42,"WarpedTongs":63,"OrangePellets":0,"SlaversCollar":70,"Bottled Flame":9,"Shuriken":12,"Bronze Scales":22,"Bird Faced Urn":25,"Molten Egg 2":21,"Black Star":18,"Unceasing Top":66,"Meat on the Bone":0,"Darkstone Periapt":17,"Lantern":25,"Torii":53,"Yang":6,"Juzu Bracelet":15,"Incense Burner":36,"Bag of Preparation":50,"Ancient Tea Set":8,"Cursed Key":10,"ClockworkSouvenir":50,"Nunchaku":24,"Mummified Hand":75,"Pantograph":25,"Tiny Chest":6,"Red Mask":19,"InkBottle":14,"Potion Belt":16,"Lee\u0027s Waffle":53,"Golden Idol":26,"Damaru":28,"PreservedInsect":37,"Odd Mushroom":7,"Medical Kit":53,"GoldenEye":66,"White Beast Statue":71,"Peace Pipe":40,"Strange Spoon":71,"Cauldron":75,"Busted Crown":43,"Ornamental Fan":62,"Bag of Marbles":0,"Art of War":24,"Membership Card":0,"PureWater":0,"Toy Ornithopter":47,"TungstenRod":50},{"Ice Cream":36,"Tiny House":86,"CeramicFish":29,"Vajra":22,"Ginger":105,"Bottled Tornado":176,"Sling":214,"Centennial Puzzle":47,"HornCleat":167,"DollysMirror":167,"MealTicket":80,"HandDrill":22,"Kunai":167,"Toxic Egg 2":99,"Pear":154,"Happy Flower":0,"Dead Branch":183,"Blue Candle":225,"Oddly Smooth Stone":0,"Pen Nib":46,"Letter Opener":105,"War Paint":47,"Akabeko":116,"WarpedTongs":196,"OrangePellets":0,"SlaversCollar":210,"Bottled Flame":29,"Shuriken":32,"Bronze Scales":47,"Bird Faced Urn":57,"Molten Egg 2":46,"Black Star":39,"Unceasing Top":201,"Meat on the Bone":0,"Darkstone Periapt":38,"Lantern":57,"Torii":167,"Yang":19,"Juzu Bracelet":35,"Incense Burner":96,"Bag of Preparation":150,"Ancient Tea Set":22,"Cursed Key":30,"ClockworkSouvenir":150,"Nunchaku":50,"Mummified Hand":225,"Pantograph":57,"Tiny Chest":19,"Red Mask":40,"InkBottle":34,"Potion Belt":36,"Lee\u0027s Waffle":167,"Golden Idol":62,"Damaru":69,"PreservedInsect":99,"Odd Mushroom":21,"Medical Kit":167,"GoldenEye":201,"White Beast Statue":214,"Peace Pipe":109,"Strange Spoon":214,"Cauldron":225,"Busted Crown":121,"Ornamental Fan":194,"Bag of Marbles":0,"Art of War":50,"Membership Card":0,"PureWater":0,"Toy Ornithopter":137,"TungstenRod":150}],"Unceasing Top":[16],"Meat on the Bone":144},"card_choices":[{"not_picked":["EmptyBody","Tantrum+1"],"picked":"CrushJoints+1","floor":1.0},{"not_picked":["Evaluate","Consecrate+1"],"picked":"Crescendo","floor":4.0},{"not_picked":["FollowUp+1","Weave+1"],"picked":"EmptyMind","floor":7.0},{"not_picked":["WreathOfFlame","Study"],"picked":"Wireheading","floor":10.0},{"not_picked":["Consecrate+1","Crescendo"],"picked":"Evaluate","floor":11.0},{"not_picked":["SignatureMove+1","Crescendo"],"picked":"Vault","floor":13.0},{"not_picked":["Protect","Halt"],"picked":"CrushJoints+1","floor":14.0},{"not_picked":["Blasphemy","Vault"],"picked":"Establishment","floor":16.0},{"not_picked":["Evaluate","CutThroughFate+1"],"picked":"FlurryOfBlows+1","floor":18.0},{"not_picked":["SignatureMove+1","Conclude+1"],"picked":"Protect","floor":20.0},{"not_picked":["Consecrate+1","ThirdEye"],"picked":"Prostrate","floor":22},{"not_picked":["FollowUp+1","Wireheading"],"picked":"Ragnarok+1","floor":23},{"not_picked":["BattleHymn","Consecrate+1"],"picked":"TalkToTheHand+1","floor":25},{"not_picked":["Wireheading","SignatureMove+1"],"picked":"FlurryOfBlows+1","floor":27},{"not_picked":["FlurryOfBlows+1","Sanctity"],"picked":"ClearTheMind","floor":28},{"not_picked":["Conclude+1","Vengeance","FollowUp+1"],"picked":"SKIP","floor":30},{"not_picked":["SpiritShield","DeusExMachina"],"picked":"Ragnarok+1","floor":33},{"not_picked":["EmptyFist+1","Prostrate"],"picked":"Protect","floor":35},{"not_picked":["Consecrate+1","CrushJoints+1"],"picked":"ClearTheMind","floor":39},{"not_picked":["ClearTheMind+1","SashWhip+1"],"picked":"DevaForm","floor":41},{"not_picked":["ThirdEye","WheelKick+1"],"picked":"Protect","floor":42},{"not_picked":["Blasphemy","Prostrate"],"picked":"EmptyBody","floor":44},{"not_picked":["SashWhip+1","FlyingSleeves+1"],"picked":"Prostrate","floor":48}],"player_experience":983699,"relics_obtained":[{"floor":7.0,"key":"Bronze Scales"},{"floor":9.0,"key":"Bottled Tornado"},{"floor":11.0,"key":"Centennial Puzzle"},{"floor":12.0,"key":"Meat on the Bone"},{"floor":13.0,"key":"Dead Branch"},{"floor":23,"key":"Vajra"},{"floor":25,"key":"GoldenEye"},{"floor":26,"key":"Unceasing Top"},{"floor":27,"key":"Art of War"},{"floor":36,"key":"White Beast Statue"},{"floor":41,"key":"Bag of Marbles"},{"floor":43,"key":"Ginger"},{"floor":44,"key":"Mummified Hand"}],"event_choices":[{"damage_healed":0.0,"max_hp_gain":0.0,"max_hp_loss":0.0,"gold_gain":0.0,"event_name":"Golden Idol","player_choice":"Take Damage","floor":2.0,"gold_loss":0.0,"damage_taken":26.0,"relics_obtained":["Golden Idol"]},{"cards_removed":["Doubt"],"damage_healed":0.0,"max_hp_gain":0.0,"max_hp_loss":0.0,"gold_gain":0.0,"event_name":"The Cleric","player_choice":"Card Removal","floor":3.0,"gold_loss":75.0,"damage_taken":0.0},{"damage_healed":0.0,"max_hp_gain":0.0,"max_hp_loss":0.0,"gold_gain":150.0,"event_name":"betterThird:BetterSerpent","player_choice":"AGREE","floor":5.0,"gold_loss":0.0,"damage_taken":55.0},{"damage_healed":0.0,"max_hp_gain":0.0,"max_hp_loss":0.0,"gold_gain":0.0,"event_name":"Accursed Blacksmith","player_choice":"Rummage","floor":21.0,"gold_loss":0.0,"damage_taken":0.0,"relics_obtained":["WarpedTongs"],"cards_obtained":["Pain"]},{"damage_healed":0,"gold_gain":0,"player_choice":"Ignored","damage_taken":0,"max_hp_gain":0,"max_hp_loss":0,"event_name":"Ghosts","floor":29,"gold_loss":0},{"cards_removed":["Parasite"],"damage_healed":0,"gold_gain":0,"player_choice":"Card Removal","damage_taken":0,"max_hp_gain":0,"max_hp_loss":0,"event_name":"Wheel of Change","floor":38,"gold_loss":0},{"damage_healed":0,"gold_gain":0,"player_choice":"Embrace Madness","damage_taken":13,"max_hp_gain":0,"max_hp_loss":0,"event_name":"Winding Halls","floor":45,"gold_loss":0,"cards_obtained":["Madness","Madness"]}],"is_beta":false,"boss_relics":[{"not_picked":["Tiny House","Empty Cage"],"picked":"Cursed Key"},{"not_picked":["Runic Pyramid","Astrolabe"],"picked":"SlaversCollar"}],"items_purged_floors":[19,31,37],"is_endless":false,"potions_floor_spawned":[1,4,16,20,23,25,27,28,39,41,42,44,48],"ascension_level":20}}