{"host":"qw1m3zcvi888b4j7","time":1608710321,"event":{"mods":["AchievementEnabler","Act Like it!","BaseMod","Block Reminder","Colored Map","Colored Powertips","Curses Come First","DeckTracker","Hermit","Highlight Path","Hubris","Minty Spire (QoL Compilation)","Quick Restart","Rare Cards Sparkle","Relic Sorter","Relic Stats","Replay The Spire","StSLib","SuperFastMode","The Blue Laboratory","The Cursed","The Servant 0.9.4","everything is the same but u backflip on backflip"],"gold_per_floor":[113,131,150,169,51,76,76,95,95,118,131,131,2,2,2,2,2],"floor_reached":16,"playtime":502,"items_purged":[],"score":107,"play_id":"59149cbe-4f71-498b-899b-cc91a2101742","local_time":"20201223085841","is_ascension_mode":true,"campfire_choices":[{"floor":7,"key":"REST"},{"floor":12,"key":"RECALL"},{"floor":15,"key":"DIG"}],"circlet_count":0,"master_deck":["Strike_R","Strike_R","Strike_R","Strike_R","Strike_R","Defend_R","Defend_R","Defend_R","Defend_R","Bash","Carnage","Metallicize","Rage","Rupture","Sentinel+1","ReplayTheSpireMod:LeadingStrike","Combust","Twin Strike","Anger","Massacre+1","Fire Breathing"],"relics":["Burning Blood","Replay:Baseball","Tiny Chest","Meat on the Bone","Art of War","Peace Pipe","Bottled Tornado"],"acts_visited":["Exordium"],"potions_floor_usage":[16,16,16],"damage_taken":[{"damage":3,"enemies":"Cultist","floor":1,"turns":5},{"damage":6,"enemies":"Jaw Worm","floor":2,"turns":4},{"damage":2,"enemies":"2 Louse","floor":3,"turns":2},{"damage":35,"enemies":"Exordium Thugs","floor":4,"turns":5},{"damage":34,"enemies":"Gremlin Nob","floor":6,"turns":5},{"damage":12,"enemies":"2 Fungi Beasts","floor":8,"turns":3},{"damage":31,"enemies":"Exordium Wildlife","floor":11,"turns":4},{"damage":28,"enemies":"The Guardian","floor":16,"turns":5}],"seed_played":"-7442920482253654655","potions_obtained":[{"floor":1,"key":"blueLaboratory:NullPotion"},{"floor":2,"key":"LiquidBronze"},{"floor":3,"key":"Swift Potion"}],"is_trial":false,"path_per_floor":["M","M","M","M","$","E","R","M","T","T","M","R","$","T","R_BF","B"],"character_chosen":"IRONCLAD","items_purchased":["Sentinel+1","ReplayTheSpireMod:LeadingStrike","Massacre+1","Fire Breathing"],"campfire_rested":1,"item_purchase_floors":[5,5,13,13],"current_hp_per_floor":[80,80,80,51,51,23,47,41,41,41,28,28,28,28,28,0,0],"gold":2,"neow_bonus":"RANDOM_COMMON_RELIC","is_daily":false,"chose_seed":false,"campfire_upgraded":0,"win_rate":0.0,"timestamp":1608710321,"path_taken":["M","M","?","M","$","E","R","M","T","?","?","R","?","?","R_BF","BOSS"],"items_purchased_type":["Card","Card","Card","Card"],"build_version":"2020-12-13","purchased_purges":0,"victory":false,"max_hp_per_floor":[80,80,80,80,80,80,80,80,80,80,80,80,80,80,80,80,80],"relic_stats":{"Peace Pipe":0,"counters":[8,33],"Tiny Chest":1,"Art of War":[1],"obtain_stats":[{"Peace Pipe":14,"Replay:Baseball":0,"Tiny Chest":6,"Art of War":10,"Bottled Tornado":15,"Burning Blood":0,"Meat on the Bone":9},{"Peace Pipe":7,"Replay:Baseball":0,"Tiny Chest":5,"Art of War":6,"Bottled Tornado":7,"Burning Blood":0,"Meat on the Bone":6},{"Peace Pipe":28,"Replay:Baseball":0,"Tiny Chest":21,"Art of War":24,"Bottled Tornado":28,"Burning Blood":0,"Meat on the Bone":24}],"Burning Blood":35,"Meat on the Bone":12},"card_choices":[{"not_picked":["ReplayTheSpireMod:Limb From Limb","Rampage"],"picked":"Carnage","floor":1},{"not_picked":["Headbutt","Flex"],"picked":"Metallicize","floor":2},{"not_picked":["Armaments","Metallicize"],"picked":"Rage","floor":3},{"not_picked":["Whirlwind","True Grit"],"picked":"Rupture","floor":4},{"not_picked":["Exhume","Massacre"],"picked":"Combust","floor":6},{"not_picked":["Perfected Strike","Run Through"],"picked":"Twin Strike","floor":8},{"not_picked":["hubris:CleavingFinish","True Grit"],"picked":"Anger","floor":11}],"player_experience":126172,"relics_obtained":[{"floor":6,"key":"Tiny Chest"},{"floor":9,"key":"Meat on the Bone"},{"floor":10,"key":"Art of War"},{"floor":14,"key":"Peace Pipe"},{"floor":15,"key":"Bottled Tornado"}],"event_choices":[],"is_beta":false,"boss_relics":[],"items_purged_floors":[],"is_endless":false,"potions_floor_spawned":[1,2,3],"killed_by":"The Guardian","ascension_level":1}}