{"host":"vc42n08di9czm3e7","time":1608761254,"event":{"mods":["AchievementEnabler","Act Like it!","BaseMod","Colored Powertips","Downfall","Friendly Minions","GifTheSpireLib","Jorbs\u0027s Wanderer Trilogy","Minty Spire (QoL Compilation)","Rare Cards Sparkle","StSLib","The Bug Knight"],"gold_per_floor":[99,118,57,57,70,85,111,121,131,148,148,148,148],"floor_reached":11,"playtime":517,"items_purged":[],"score":67,"play_id":"ff32f5a0-5c5b-4e47-a76e-fd3bc39cfad7","local_time":"20201223170734","is_ascension_mode":false,"campfire_choices":[{"data":"champ:MurderStrike","floor":1,"key":"SMITH"}],"circlet_count":0,"master_deck":["champ:Strike","champ:Strike","champ:Strike","champ:Defend","champ:Defend","champ:Defend","champ:Defend","champ:Execute","champ:Taunt","champ:MurderStrike+1","champ:PerfectedStrike","champ:RecklessLeap","champ:Backstep","champ:FanOfKnives","champ:CheapShot","champ:FlashCut","champ:Riposte"],"relics":["champ:ChampionCrown","Tiny Chest"],"acts_visited":["Exordium"],"potions_floor_usage":[10],"damage_taken":[{"damage":19,"enemies":"Jaw Worm","floor":2,"turns":6},{"damage":18,"enemies":"downfall:FleeingMerchant","floor":3,"turns":4},{"damage":15,"enemies":"Cultist","floor":5,"turns":4},{"damage":27,"enemies":"Small Slimes","floor":6,"turns":3},{"damage":35,"enemies":"Gremlin Gang","floor":8,"turns":6},{"damage":18,"enemies":"Exordium Thugs","floor":9,"turns":4},{"damage":33,"enemies":"Exordium Wildlife","floor":10,"turns":4},{"damage":42,"enemies":"Gremlin Nob","floor":11,"turns":3}],"seed_played":"-9123131417731948703","potions_obtained":[{"floor":2,"key":"LiquidBronze"},{"floor":6,"key":"AttackPotion"},{"floor":8,"key":"DuplicationPotion"},{"floor":10,"key":"hexamod:EctoCoolerPotion"}],"is_trial":false,"path_per_floor":["R","M","$","?","M","M","T","M","M","M","E"],"character_chosen":"THE_CHAMP","items_purchased":["champ:Backstep"],"campfire_rested":0,"item_purchase_floors":[3],"current_hp_per_floor":[90,79,69,64,64,58,58,50,50,38,0,0,0],"gold":148,"neow_bonus":"TRANSFORM_CARD","is_daily":false,"chose_seed":false,"campfire_upgraded":1,"win_rate":0.0,"timestamp":1608761254,"path_taken":["R","M","$","?","M","?","T","M","M","M","E"],"items_purchased_type":["Card"],"build_version":"2020-12-13","purchased_purges":0,"victory":false,"max_hp_per_floor":[90,90,90,90,90,90,90,90,90,90,90,90,90],"card_choices":[{"not_picked":["champ:Backstep","champ:Circumvent"],"picked":"champ:PerfectedStrike","floor":2},{"not_picked":["champ:EndlessRage","champ:Shatter"],"picked":"champ:RecklessLeap","floor":3},{"not_picked":["champ:PerfectedStrike","champ:BringItOn"],"picked":"champ:FanOfKnives","floor":5},{"not_picked":["champ:EnragedBash","champ:CrookedStrike","champ:Haymaker"],"picked":"SKIP","floor":6},{"not_picked":["champ:Circumvent","champ:FanOfKnives"],"picked":"champ:CheapShot","floor":8},{"not_picked":["champ:DefensiveShout","champ:EndlessRage"],"picked":"champ:FlashCut","floor":9},{"not_picked":["champ:DefensiveShout","champ:SkillfulDodge"],"picked":"champ:Riposte","floor":10}],"player_experience":182904,"relics_obtained":[{"floor":7,"key":"Tiny Chest"}],"event_choices":[],"is_beta":false,"boss_relics":[],"items_purged_floors":[],"is_endless":false,"potions_floor_spawned":[2,6,8,10],"killed_by":"Gremlin Nob","ascension_level":0}}