{"host":"Koishi","time":1608758754,"event":{"mods":["2.2 Compatiblity","AchievementEnabler","Act Like it!","BaseMod","Better Match","Better Note","Better Sensory Stone","Better Third Choice","Colored Powertips","Downfall","Minty Spire (QoL Compilation)","Quick Restart","Relic Stats","Robot Space Explorer","StSLib","everything is the same but u backflip on backflip","slay the spire mod where everything is the same but ironclad has a cowboy hat"],"gold_per_floor":[99,109,120,130,157,167,167,267,117,21,21,48,33,58,74,179,179,104,116,116,20,20,5,5,0,28,42,62,75,75,29,40,141,141,141,160,74,87,106,139,139,139,150,150,75,75,90,100,114,114,114,114,114,114],"floor_reached":52,"playtime":2489,"items_purged":["champ:Defend"],"score":764,"play_id":"0bb02566-c9e4-407b-a4bf-d866812835ad","local_time":"20201223162554","is_ascension_mode":false,"campfire_choices":[{"floor":1,"key":"RECALL"},{"data":"champ:StanceDance","floor":9,"key":"SMITH"},{"data":"champ:Backstep","floor":18,"key":"SMITH"},{"data":"Apotheosis","floor":35,"key":"SMITH"},{"data":"champ:Lariat","floor":44,"key":"SMITH"}],"circlet_count":0,"master_deck":["champ:Strike","champ:Strike","champ:Defend","champ:Defend","champ:Execute","champ:Taunt+1","champ:GutPunch","champ:StanceDance+1","champ:AdrenalArmor","champ:HeartStrike","champ:RisingSlash","champ:SwordThrow","champ:LastStand","champ:BerserkerStyle","champ:DeathBlow","champ:Backstep+1","champ:BerserkerStyle","champ:LastStand","champ:TornadoPunch","champ:BerserkersShout","champ:ViciousMockery","champ:EndlessRage","champ:RisingSlash+1","champ:VampiricStrike","champ:Lariat+1","champ:GutPunch","champ:AdrenalArmor","champ:StanceDance+1","Apotheosis+1","champ:EnragedBash","champ:Duel","champ:Devastate","champ:GutPunch+1","Good Instincts","champ:RecklessLeap+1","champ:EndlessRage+1","champ:StanceDance+1","champ:RapidStrikes+1"],"relics":["champ:ChampionCrown","Ice Cream","downfall:HeartBlessingBlue","downfall:HeartBlessingRed","Thread and Needle","Blue Candle","Prayer Wheel","SlaversCollar","downfall:HeartBlessingGreen","CaptainsWheel","Unceasing Top","Bronze Scales","SacredBark","Bag of Marbles","Sundial","Bottled Flame"],"acts_visited":["Exordium","TheCity","TheBeyond","TheEnding"],"potions_floor_usage":[8,12,16,23,29,33,33,33,33,33,39,47,52],"damage_taken":[{"damage":5,"enemies":"Cultist","floor":2,"turns":4},{"damage":5,"enemies":"2 Louse","floor":3,"turns":2},{"damage":18,"enemies":"Jaw Worm","floor":4,"turns":4},{"damage":14,"enemies":"Blue Slaver","floor":6,"turns":4},{"damage":51,"enemies":"downfall:Heads","floor":8,"turns":6},{"damage":22,"enemies":"downfall:FleeingMerchant","floor":10,"turns":4},{"damage":36,"enemies":"Lagavulin","floor":12,"turns":5},{"damage":21,"enemies":"downfall:FleeingMerchant","floor":13,"turns":4},{"damage":45,"enemies":"Gremlin Nob","floor":14,"turns":4},{"damage":6,"enemies":"3 Louse","floor":15,"turns":2},{"damage":53,"enemies":"downfall:Ironclad","floor":16,"turns":8},{"damage":38,"enemies":"Chosen","floor":19,"turns":4},{"damage":54,"enemies":"downfall:FleeingMerchant","floor":21,"turns":4},{"damage":41,"enemies":"downfall:FleeingMerchant","floor":23,"turns":4},{"damage":38,"enemies":"downfall:FleeingMerchant","floor":25,"turns":4},{"damage":53,"enemies":"Slavers","floor":26,"turns":4},{"damage":32,"enemies":"Snake Plant","floor":27,"turns":2},{"damage":53,"enemies":"Sentry and Sphere","floor":28,"turns":6},{"damage":38,"enemies":"Cultist and Chosen","floor":29,"turns":5},{"damage":19,"enemies":"downfall:FleeingMerchant","floor":31,"turns":1},{"damage":42,"enemies":"Centurion and Healer","floor":32,"turns":5},{"damage":94,"enemies":"downfall:Silent","floor":33,"turns":6},{"damage":54,"enemies":"3 Shapes","floor":36,"turns":5},{"damage":44,"enemies":"Orb Walker","floor":38,"turns":5},{"damage":69,"enemies":"Sphere and 2 Shapes","floor":39,"turns":7},{"damage":61,"enemies":"Nemesis","floor":40,"turns":5},{"damage":51,"enemies":"4 Shapes","floor":43,"turns":5},{"damage":44,"enemies":"Jaw Worm Horde","floor":47,"turns":4},{"damage":48,"enemies":"Maw","floor":48,"turns":5},{"damage":45,"enemies":"4 Shapes","floor":49,"turns":4},{"damage":82,"enemies":"downfall:Defect","floor":50,"turns":6},{"damage":185,"enemies":"downfall:CharBossMerchant","floor":52,"turns":8}],"seed_played":"-1653935401259692977","potions_obtained":[{"floor":3,"key":"champ:CounterPotion"},{"floor":4,"key":"LiquidBronze"},{"floor":12,"key":"champ:OpenerPotion"},{"floor":15,"key":"Block Potion"},{"floor":16,"key":"Weak Potion"},{"floor":26,"key":"CultistPotion"},{"floor":27,"key":"Dexterity Potion"},{"floor":29,"key":"SpeedPotion"},{"floor":30,"key":"EntropicBrew"},{"floor":30,"key":"SneckoOil"},{"floor":33,"key":"AttackPotion"},{"floor":39,"key":"SpeedPotion"},{"floor":40,"key":"PowerPotion"},{"floor":43,"key":"champ:CounterPotion"},{"floor":49,"key":"sneckomod:MuddlingPotion"}],"is_trial":false,"path_per_floor":["R","M","M","M","T","M","T","?","R","$","?","E","$","E","M","B",null,"R","M","?","$","?","$","T","$","E","M","M","M","?","$","M","B",null,"R","M","$","M","M","E","T","T","M","R","?","?","M","M","M","B",null,"E"],"character_chosen":"THE_CHAMP","items_purchased":["champ:LastStand","champ:EndlessRage","Apotheosis","Bronze Scales","Good Instincts"],"campfire_rested":0,"item_purchase_floors":[10,21,31,31,37],"current_hp_per_floor":[99,99,99,91,91,87,87,54,64,64,64,55,55,34,31,15,109,109,109,109,104,104,93,93,83,66,55,39,43,43,43,35,61,109,109,90,90,99,90,85,85,85,73,73,73,73,56,92,78,72,109,0,0,0],"gold":114,"neow_bonus":"TEN_PERCENT_HP_BONUS","is_daily":false,"chose_seed":false,"campfire_upgraded":4,"win_rate":0.0,"timestamp":1608758754,"path_taken":["R","M","M","M","?","?","T","?","R","?","?","E","$","E","M","BOSS","R","M","?","?","?","$","T","?","E","M","M","M","?","$","M","BOSS","R","M","?","M","M","E","T","?","M","R","?","?","?","M","M","BOSS","E"],"items_purchased_type":["Card","Card","Card","Relic","Card"],"build_version":"2020-12-18","purchased_purges":1,"victory":false,"max_hp_per_floor":[99,99,99,99,99,99,99,99,109,109,109,109,109,109,109,109,109,109,109,109,109,109,109,109,109,109,109,109,109,109,109,109,109,109,109,109,109,109,109,109,109,109,109,109,109,109,109,109,109,109,109,109,109,109],"relic_stats":{"counters":[32,146],"Sundial":[0],"Blue Candle":[0],"Bronze Scales":[131],"Prayer Wheel":13,"obtain_stats":[{"Ice Cream":7,"downfall:HeartBlessingRed":9,"Blue Candle":12,"SacredBark":34,"champ:ChampionCrown":0,"Thread and Needle":11,"downfall:HeartBlessingGreen":18,"SlaversCollar":17,"CaptainsWheel":24,"Bottled Flame":42,"downfall:HeartBlessingBlue":9,"Sundial":41,"Bronze Scales":31,"Prayer Wheel":14,"Bag of Marbles":40,"Unceasing Top":26},{"Ice Cream":4,"downfall:HeartBlessingRed":5,"Blue Candle":7,"SacredBark":22,"champ:ChampionCrown":0,"Thread and Needle":6,"downfall:HeartBlessingGreen":11,"SlaversCollar":11,"CaptainsWheel":14,"Bottled Flame":26,"downfall:HeartBlessingBlue":5,"Sundial":26,"Bronze Scales":20,"Prayer Wheel":9,"Bag of Marbles":26,"Unceasing Top":16},{"Ice Cream":14,"downfall:HeartBlessingRed":20,"Blue Candle":29,"SacredBark":92,"champ:ChampionCrown":0,"Thread and Needle":24,"downfall:HeartBlessingGreen":47,"SlaversCollar":47,"CaptainsWheel":59,"Bottled Flame":114,"downfall:HeartBlessingBlue":20,"Sundial":114,"Bronze Scales":81,"Prayer Wheel":37,"Bag of Marbles":114,"Unceasing Top":67}],"Unceasing Top":[19]},"card_choices":[{"not_picked":["champ:SkillfulDodge","champ:BringItOn"],"picked":"champ:GutPunch","floor":2},{"not_picked":["champ:GladiatorStyle","champ:GladiatorsShout"],"picked":"champ:StanceDance","floor":3},{"not_picked":["champ:CrookedStrike","champ:DefensiveShout","champ:BringItOn"],"picked":"SKIP","floor":4},{"not_picked":["champ:FanOfKnives","champ:BringItOn"],"picked":"champ:AdrenalArmor","floor":6},{"not_picked":["champ:FocusedDefense","champ:EnGarde"],"picked":"champ:HeartStrike","floor":8},{"not_picked":["champ:Backstep","champ:BringItOn"],"picked":"champ:SwordThrow","floor":10},{"not_picked":["champ:GladiatorStyle","champ:FanOfKnives"],"picked":"champ:BerserkerStyle","floor":12},{"not_picked":["champ:AdrenalArmor","champ:StanceDance"],"picked":"champ:DeathBlow","floor":13},{"not_picked":["champ:TornadoPunch","champ:RisingSlash"],"picked":"champ:Backstep","floor":14},{"not_picked":["champ:Riposte","champ:GladiatorsShout"],"picked":"champ:BerserkerStyle","floor":15},{"not_picked":["champ:TornadoPunch","champ:Haymaker","champ:EnGarde"],"picked":"SKIP","floor":15},{"not_picked":["champ:HeavySlash","champ:StrikeOfGenius"],"picked":"champ:LastStand","floor":16},{"not_picked":["champ:FanOfKnives","champ:Backstep+1"],"picked":"champ:TornadoPunch","floor":19},{"not_picked":["champ:Backstep+1","champ:DefensiveShout","champ:FlashCut"],"picked":"SKIP","floor":19},{"not_picked":["champ:FocusedBerserking","champ:BringItOn"],"picked":"champ:ViciousMockery","floor":21},{"not_picked":["champ:GladiatorsShout","champ:CalledShot"],"picked":"champ:RisingSlash+1","floor":23},{"not_picked":["champ:ViciousMockery","champ:FightOn","champ:EnragedBash"],"picked":"SKIP","floor":25},{"not_picked":["champ:BringItOn","champ:ArenaPreparation"],"picked":"champ:VampiricStrike","floor":26},{"not_picked":["champ:PerfectedStrike+1","champ:FanOfKnives+1"],"picked":"champ:Lariat","floor":27},{"not_picked":["champ:PreciseThrust","champ:DefensiveShout","champ:FlashCut"],"picked":"SKIP","floor":27},{"not_picked":["champ:BerserkerStyle","champ:BladeFlurry"],"picked":"champ:GutPunch","floor":28},{"not_picked":["champ:BladeFlurry+1","champ:Circumvent+1"],"picked":"champ:AdrenalArmor","floor":28},{"not_picked":["champ:FlashCut","champ:RisingSlash"],"picked":"champ:StanceDance+1","floor":29},{"not_picked":["champ:FanOfKnives+1","champ:ViciousMockery","champ:Backstep"],"picked":"SKIP","floor":29},{"not_picked":["champ:FightOn","champ:FalseCounter+1","champ:RisingSlash"],"picked":"SKIP","floor":31},{"not_picked":["champ:BerserkersShout+1","champ:Haymaker"],"picked":"champ:EnragedBash","floor":32},{"not_picked":["champ:EnGarde","champ:TornadoPunch"],"picked":"champ:Duel","floor":32},{"not_picked":["champ:CrownThrow","champ:SteelEdge"],"picked":"champ:Devastate","floor":33},{"not_picked":["champ:FlashCut","champ:Backstep+1"],"picked":"champ:GutPunch+1","floor":36},{"not_picked":["champ:GladiatorStyle","champ:StanceDance","champ:DefensiveShout"],"picked":"SKIP","floor":36},{"not_picked":["champ:HeartStrike+1","champ:FaceSlap+1","champ:GutPunch+1"],"picked":"SKIP","floor":38},{"not_picked":["champ:GutPunch+1","champ:Circumvent","champ:FlashCut"],"picked":"SKIP","floor":38},{"not_picked":["champ:GladiatorsShout","champ:Circumvent"],"picked":"champ:RecklessLeap+1","floor":39},{"not_picked":["champ:GladiatorsShout+1","champ:ShieldWall+1"],"picked":"champ:EndlessRage+1","floor":39},{"not_picked":["champ:Haymaker+1","champ:StanceDance","champ:ShieldThrow"],"picked":"SKIP","floor":40},{"not_picked":["champ:BringItOn+1","champ:ShieldWall","champ:Lariat"],"picked":"SKIP","floor":43},{"not_picked":["champ:BerserkerStyle+1","champ:BladeFlurry","champ:Backstep"],"picked":"SKIP","floor":43},{"not_picked":["champ:Haymaker+1","champ:PerfectedStrike+1"],"picked":"champ:StanceDance+1","floor":45},{"not_picked":["champ:FanOfKnives+1","champ:DefensiveShout+1","champ:PerfectedStrike+1"],"picked":"SKIP","floor":47},{"not_picked":["champ:StanceDance","champ:FlashCut+1","champ:Backstep"],"picked":"SKIP","floor":47},{"not_picked":["champ:IgnorePain","champ:Circumvent+1"],"picked":"champ:RapidStrikes+1","floor":48},{"not_picked":["champ:Circumvent","champ:BladeFlurry+1","champ:DeathBlow+1"],"picked":"SKIP","floor":48},{"not_picked":["champ:Circumvent+1","champ:GutPunch+1","champ:EndlessRage+1"],"picked":"SKIP","floor":49},{"not_picked":["champ:Haymaker","champ:Backstep+1","champ:GutPunch+1"],"picked":"SKIP","floor":49}],"player_experience":153776,"relics_obtained":[{"floor":7,"key":"Ice Cream"},{"floor":12,"key":"Blue Candle"},{"floor":14,"key":"Prayer Wheel"},{"floor":24,"key":"CaptainsWheel"},{"floor":26,"key":"Unceasing Top"},{"floor":40,"key":"Bag of Marbles"},{"floor":41,"key":"Sundial"},{"floor":42,"key":"Bottled Flame"}],"event_choices":[{"damage_healed":0,"gold_gain":0,"cards_transformed":["champ:Defend"],"player_choice":"Transformed","damage_taken":0,"max_hp_gain":0,"max_hp_loss":0,"event_name":"Transmorgrifier","floor":20,"gold_loss":0,"cards_obtained":["champ:BerserkersShout"]},{"cards_removed":["champ:Taunt"],"damage_healed":0,"gold_gain":0,"player_choice":"Give","damage_taken":0,"max_hp_gain":0,"max_hp_loss":0,"event_name":"betterNote:BetterNote","floor":22,"gold_loss":0,"cards_obtained":["None"]},{"damage_healed":0,"gold_gain":0,"player_choice":"Got Potions","damage_taken":0,"max_hp_gain":0,"max_hp_loss":0,"event_name":"Lab","floor":30,"gold_loss":0},{"damage_healed":0,"gold_gain":0,"player_choice":"2","damage_taken":0,"max_hp_gain":0,"max_hp_loss":0,"event_name":"betterMatch:BetterMatch","floor":45,"gold_loss":0,"cards_obtained":["betterMatch:CommonCard"]}],"is_beta":true,"boss_relics":[{"not_picked":["champ:ChampionCrownUpgraded","Cursed Key"],"picked":"SlaversCollar"},{"not_picked":["Coffee Dripper","Velvet Choker"],"picked":"SacredBark"}],"items_purged_floors":[31],"is_endless":false,"potions_floor_spawned":[3,4,12,15,16,26,27,29,32,33,39,40,43,49],"killed_by":"downfall:CharBossMerchant","ascension_level":0}}