{"host":"irqpc5dtltfquxh7","time":1608711788,"event":{"mods":["2.2 Compatiblity","AchievementEnabler","Act Like it!","Ascension Reborn","Aspiration","BaseMod","Better Third Choice","BetterRewards","CapriCore","Colored Map","Colored Powertips","Conspire","Friendly Minions","Halation","Hermit","Highlight Path","Hubris","Infinite Spire","Jedi Mod","Minty Spire (QoL Compilation)","MostiFishMod","Permanent Neow","Replay The Spire","RumiaBox-????????","Shop Mod","Spicy Shops","Spikes Relics","StSLib","Strawberry Spire","The Poker Player","Unknown Chances","Waifu the Spire","vexMod","???????????mod"],"gold_per_floor":[133,162,162,189,149,149,211,224,224,234,265,265,265,300,300,300,300],"floor_reached":16,"playtime":1064,"items_purged":[],"score":112,"play_id":"39285e88-d2d6-45f6-aa04-b9b71e26eaf6","local_time":"20201223142308","is_ascension_mode":true,"campfire_choices":[{"data":"hermit:RoundhouseKick","floor":6,"key":"SMITH"},{"data":"hermit:Midnight","floor":13,"key":"SMITH"},{"data":"hermit:BigShot","floor":15,"key":"SMITH"}],"circlet_count":0,"master_deck":["hermit:Strike_Hermit","hermit:Strike_Hermit","hermit:Strike_Hermit","hermit:Strike_Hermit","hermit:Defend_Hermit","hermit:Defend_Hermit","hermit:Defend_Hermit","hermit:Defend_Hermit","hermit:Snapshot","hermit:Covet","hermit:DeadOrAlive+1","hermit:Midnight","hermit:Midnight+1","hermit:RoundhouseKick+1","hermit:Deadeye","hermit:Dive+1","hermit:BigShot+1"],"relics":["hermit:Momento","DaveBox","SynthV:C4","betterThird:SlimedRelic","Ccalipers","TungstenRod","hermit:CharredGlove"],"acts_visited":["Exordium"],"potions_floor_usage":[8,14,14,14,16,16],"damage_taken":[{"damage":0,"enemies":"conspire:RoseBush","floor":1,"turns":6},{"damage":2,"enemies":"2 Louse","floor":2,"turns":3},{"damage":0,"enemies":"Small Slimes","floor":4,"turns":3},{"damage":16,"enemies":"strawberrySpire:EnergyPylons","floor":7,"turns":4},{"damage":0,"enemies":"Looter","floor":8,"turns":4},{"damage":5,"enemies":"Blue Slaver","floor":10,"turns":3},{"damage":0,"enemies":"3 Louse","floor":11,"turns":2},{"damage":30,"enemies":"Gremlin Nob","floor":14,"turns":7},{"damage":25,"enemies":"The Guardian","floor":16,"turns":10}],"seed_played":"-4913711865642934188","potions_obtained":[{"floor":2,"key":"Toxic Potion"},{"floor":4,"key":"Death Potion"},{"floor":8,"key":"conspire:TimeTravelPotion"},{"floor":10,"key":"EntropicBrew"},{"floor":14,"key":"jedi:tentaclejuice"}],"is_trial":false,"path_per_floor":["M","M","?","M","?","R","E","M","T","M","M","?","R","E","R","B"],"character_chosen":"HERMIT","items_purchased":[],"campfire_rested":0,"item_purchase_floors":[],"current_hp_per_floor":[75,73,73,73,62,62,46,46,46,41,41,41,41,23,23,0,0],"gold":300,"neow_bonus":"ONE_RANDOM_RARE_CARD","is_daily":false,"chose_seed":false,"campfire_upgraded":3,"win_rate":0.0,"timestamp":1608711788,"path_taken":["M","M","?","M","?","R","E","M","T","M","M","?","R","E","R","BOSS"],"items_purchased_type":[],"build_version":"2020-12-22","purchased_purges":0,"victory":false,"max_hp_per_floor":[75,75,75,75,75,75,75,75,75,75,75,75,75,75,75,75,75],"card_choices":[{"not_picked":["hermit:LowProfile","hermit:Quickdraw"],"picked":"hermit:Midnight","floor":1},{"not_picked":["hermit:HighCaliber","hermit:LuckOfTheDraw"],"picked":"hermit:Midnight","floor":2},{"not_picked":["hermit:WideOpen","hermit:Quickdraw"],"picked":"hermit:RoundhouseKick","floor":4},{"not_picked":["hermit:LoneWolf","hermit:Roulette","hermit:PistolWhip"],"picked":"SKIP","floor":7},{"not_picked":["hermit:Snipe","hermit:SprayPray"],"picked":"hermit:Deadeye","floor":8},{"not_picked":["hermit:Snipe","hermit:Headshot"],"picked":"hermit:Dive","floor":10},{"not_picked":["hermit:HighCaliber","hermit:EyeOfTheStorm","hermit:Roulette"],"picked":"SKIP","floor":11},{"not_picked":["hermit:DeadMansHand","hermit:Reprieve"],"picked":"hermit:BigShot","floor":14}],"player_experience":405396,"relics_obtained":[{"floor":7,"key":"Ccalipers"},{"floor":9,"key":"TungstenRod"},{"floor":14,"key":"hermit:CharredGlove"}],"event_choices":[{"damage_healed":0,"gold_gain":0,"player_choice":"Grow","damage_taken":0,"max_hp_gain":0,"max_hp_loss":0,"event_name":"Living Wall","floor":3,"gold_loss":0,"cards_upgraded":["hermit:DeadOrAlive"]},{"damage_healed":0,"gold_gain":0,"player_choice":"Slimed","damage_taken":11,"max_hp_gain":0,"max_hp_loss":0,"event_name":"betterThird:BetterGoop","floor":5,"gold_loss":40}],"is_beta":false,"boss_relics":[],"items_purged_floors":[],"is_endless":false,"potions_floor_spawned":[2,4,8,10,14],"killed_by":"The Guardian","ascension_level":0}}