{"host":"25hwxgnshg5vqzox","time":1608733710,"event":{"mods":["BaseMod","Colored Map","Downfall","Googly Eyes","Highlight Path","Minty Spire (QoL Compilation)","Replay The Spire","StSLib","The Servant 0.9.4"],"gold_per_floor":[118,118,118,80,100,100,114,139,139,151,163,206,168,194,206,319,331,331,343,367,379,391,403,435,482,494,531,486,486,505,532,532,636,736,746,746,746,796,556,556,556,439,439,439,439,546,579,579,579,579],"floor_reached":51,"playtime":3294,"items_purged":[],"score":717,"play_id":"1ac81030-830a-43a4-8a13-ff3b0cabc6a8","local_time":"20201223142830","is_ascension_mode":true,"campfire_choices":[{"floor":6,"key":"REST"},{"floor":11,"key":"REST"},{"data":"Leap","floor":15,"key":"SMITH"},{"floor":23,"key":"REST"},{"floor":29,"key":"REST"},{"floor":32,"key":"REST"},{"floor":40,"key":"REST"},{"data":"Echo Form","floor":45,"key":"SMITH"},{"data":"Replay:SS_forest_6","floor":49,"key":"SMITH"}],"circlet_count":0,"master_deck":["Strike_B","Strike_B","Strike_B","Strike_B","Defend_B","Defend_B","Defend_B","Defend_B","Zap+1","Dualcast","Capacitor","Hello World","Leap+1","Self Repair","Blizzard","Genetic Algorithm","Electrodynamics","Doom and Gloom","Conserve Battery","Pot Of Greed","Pot Of Greed","Writhe","Conserve Battery","Echo Form+1","Lockon","FIFO Queue","FIFO Queue","Pot Of Greed","Ball Lightning","Coolheaded+1","Multi-Cast","Self Repair","Replay:SS_forest_6+1","Writhe","Stack+1","Crystallizer","Violence","Darkness","Pot Of Greed","Static Discharge","Redo+1"],"relics":["Cracked Core","Shuriken","Juzu Bracelet","MawBank","Pocketwatch","Sozu","Bag of Preparation","Grinning Jar","Carrot","Anchor","ReplayTheSpireMod:Lightbulb","Lantern","Replay:Wanted Poster","Prayer Wheel","Calipers","ReplayTheSpireMod:TigerMarble","Eternal Feather","Replay:Wax Seal","Replay:Bottled Steam","Ring of Hypnosis"],"acts_visited":["Exordium","TheCity","TheBeyond"],"potions_floor_usage":[],"damage_taken":[{"damage":0.0,"enemies":"Small Slimes","floor":1.0,"turns":2.0},{"damage":2,"enemies":"Jaw Worm","floor":5,"turns":3},{"damage":4,"enemies":"2 Louse","floor":7,"turns":3},{"damage":28,"enemies":"3 Sentries","floor":8,"turns":7},{"damage":16,"enemies":"Lagavulin","floor":12,"turns":7},{"damage":2,"enemies":"Looter","floor":14,"turns":4},{"damage":65,"enemies":"Fading Forest","floor":16,"turns":11},{"damage":12,"enemies":"2 Thieves","floor":18,"turns":4},{"damage":11,"enemies":"Shell Parasite","floor":20,"turns":8},{"damage":19,"enemies":"Snecko","floor":24,"turns":5},{"damage":42,"enemies":"Slavers","floor":25,"turns":5},{"damage":0,"enemies":"Gremlin Leader","floor":27,"turns":5},{"damage":18,"enemies":"Snake Plant","floor":30,"turns":4},{"damage":53,"enemies":"Champ","floor":33,"turns":8},{"damage":59,"enemies":"3 Darklings","floor":35,"turns":5},{"damage":0,"enemies":"Mind Bloom Boss Battle","floor":38,"turns":2},{"damage":36,"enemies":"Reptomancer","floor":47,"turns":8},{"damage":58,"enemies":"Replay:Hell Engine","floor":50,"turns":15}],"seed_played":"-3718532613850877632","potions_obtained":[{"floor":1,"key":"SpeedPotion"},{"floor":7,"key":"BlessingOfTheForge"}],"is_trial":false,"path_per_floor":["M","?","?","$","M","R","M","E","T","?","R","E","?","M","R","B",null,"M","?","M","?","?","R","M","E","T","E","$","R","M","T","R","B",null,"M","?","$","?","$","R","?","$","T","?","R","?","E","?","R","B",null],"character_chosen":"DEFECT","items_purchased":["Hello World","FIFO Queue","ReplayTheSpireMod:TigerMarble","Replay:SS_forest_6","Stack+1","Crystallizer"],"campfire_rested":6,"item_purchase_floors":[4,28,39,39,42,42],"current_hp_per_floor":[75,57,62,62,60,80,76,55,55,55,79,70,70,75,75,20,80,75,75,71,71,56,81,69,34,34,41,41,66,55,55,80,27,85,33,33,33,33,33,58,79,79,79,79,85,85,63,63,85,34],"gold":579,"neow_bonus":"RANDOM_EVENT","is_daily":false,"chose_seed":false,"campfire_upgraded":3,"win_rate":0.0,"timestamp":1608733710,"path_taken":["M","?","?","$","M","R","M","E","T","?","R","E","?","M","R","BOSS","M","?","M","?","?","R","M","E","T","E","$","R","M","?","R","BOSS","M","?","$","?","$","R","?","?","T","?","R","?","E","?","R","BOSS"],"items_purchased_type":["Card","Card","Relic","Card","Card","Card"],"build_version":"2020-12-22","purchased_purges":0,"victory":true,"max_hp_per_floor":[75,75,80,80,80,80,80,80,80,80,80,80,80,80,80,80,80,80,80,80,80,85,85,85,85,85,85,85,85,85,85,85,85,85,85,85,85,85,85,85,85,85,85,85,85,85,85,85,85,85],"card_choices":[{"not_picked":["White Noise","BasicCrystalCard"],"picked":"Capacitor","floor":1},{"not_picked":["Beam Cell","Steam"],"picked":"Leap","floor":5},{"not_picked":["Leap","Undo"],"picked":"Self Repair","floor":7},{"not_picked":["Beam Cell","Rebound"],"picked":"Blizzard","floor":8},{"not_picked":["Multi-Cast","Gash"],"picked":"Genetic Algorithm","floor":12},{"not_picked":["BasicCrystalCard","Scrape"],"picked":"Time Bomb","floor":14},{"not_picked":["Mirror Shield","Thunder Strike"],"picked":"Electrodynamics","floor":16},{"not_picked":["Steam","Hologram+1"],"picked":"Doom and Gloom","floor":18},{"not_picked":["Turbo","Hello World"],"picked":"Conserve Battery","floor":20},{"not_picked":["Hologram","Meteor Strike"],"picked":"Conserve Battery","floor":24},{"not_picked":["Darkness","Panic Button"],"picked":"Echo Form","floor":25},{"not_picked":["Heatsinks+1","Doom and Gloom"],"picked":"Lockon","floor":27},{"not_picked":["Go for the Eyes","Streamline"],"picked":"Ball Lightning","floor":30},{"not_picked":["Echo Form","Machine Learning"],"picked":"ReplayTheSpireMod:Fabricate Wheel","floor":33},{"not_picked":["Panic Button","Compile Driver+1"],"picked":"Coolheaded+1","floor":35},{"not_picked":["BasicCrystalCard+1","Leap+1"],"picked":"Multi-Cast","floor":35},{"not_picked":["Capacitor+1","BasicCrystalCard"],"picked":"Self Repair","floor":38},{"not_picked":["ReplayTheSpireMod:Necrogeddon","Replay:SS_fish_1"],"picked":"Violence","floor":44},{"not_picked":["Rip and Tear+1","Skim"],"picked":"Darkness","floor":46},{"not_picked":["Coolheaded","Hologram"],"picked":"Static Discharge","floor":46},{"not_picked":["Go for the Eyes","ReplaySort+1"],"picked":"Redo+1","floor":47}],"player_experience":47356,"relics_obtained":[{"floor":8,"key":"Juzu Bracelet"},{"floor":9,"key":"MawBank"},{"floor":12,"key":"Pocketwatch"},{"floor":25,"key":"Carrot"},{"floor":26,"key":"Anchor"},{"floor":27,"key":"ReplayTheSpireMod:Lightbulb"},{"floor":31,"key":"Lantern"},{"floor":38,"key":"Calipers"},{"floor":43,"key":"Eternal Feather"},{"floor":46,"key":"Replay:Wax Seal"},{"floor":47,"key":"Replay:Bottled Steam"},{"floor":48,"key":"Ring of Hypnosis"}],"event_choices":[{"damage_healed":0.0,"max_hp_gain":0.0,"max_hp_loss":0.0,"gold_gain":0.0,"event_name":"Living Wall","player_choice":"Grow","floor":0.0,"gold_loss":0.0,"damage_taken":0.0,"cards_upgraded":["Zap"]},{"damage_healed":0,"gold_gain":0,"player_choice":"Success","damage_taken":18,"relics_obtained":["Shuriken"],"max_hp_gain":0,"max_hp_loss":0,"event_name":"Scrap Ooze","floor":2,"gold_loss":0},{"damage_healed":0,"gold_gain":0,"player_choice":"Donut","damage_taken":0,"max_hp_gain":5,"max_hp_loss":0,"event_name":"Big Fish","floor":3,"gold_loss":0},{"damage_healed":0,"gold_gain":0,"player_choice":"Ignored","damage_taken":0,"max_hp_gain":0,"max_hp_loss":0,"event_name":"Golden Wing","floor":10,"gold_loss":0},{"damage_healed":0,"gold_gain":0,"player_choice":"Left Gold","damage_taken":0,"max_hp_gain":0,"max_hp_loss":0,"event_name":"World of Goop","floor":13,"gold_loss":50},{"cards_removed":["Time Bomb"],"damage_healed":0,"gold_gain":0,"player_choice":"Gave Card","damage_taken":0,"relics_obtained":["Bag of Preparation"],"max_hp_gain":0,"max_hp_loss":0,"event_name":"WeMeetAgain","floor":19,"gold_loss":0},{"damage_healed":0,"gold_gain":0,"player_choice":"Opened","damage_taken":0,"relics_obtained":["Grinning Jar"],"max_hp_gain":0,"max_hp_loss":0,"event_name":"The Mausoleum","floor":21,"gold_loss":0,"cards_obtained":["Writhe"]},{"damage_healed":0,"gold_gain":0,"player_choice":"Shed Blood","damage_taken":20,"max_hp_gain":5,"max_hp_loss":0,"event_name":"Forgotten Altar","floor":22,"gold_loss":0},{"damage_healed":0,"gold_gain":0,"player_choice":"Ignored","damage_taken":0,"max_hp_gain":0,"max_hp_loss":0,"event_name":"Mysterious Sphere","floor":36,"gold_loss":0},{"damage_healed":0,"gold_gain":0,"player_choice":"Fight","damage_taken":0,"max_hp_gain":0,"max_hp_loss":0,"event_name":"MindBloom","floor":38,"gold_loss":0},{"damage_healed":21,"gold_gain":0,"player_choice":"Writhe","damage_taken":0,"max_hp_gain":0,"max_hp_loss":0,"event_name":"Winding Halls","floor":41,"gold_loss":0,"cards_obtained":["Writhe"]},{"damage_healed":0,"gold_gain":0,"player_choice":"Memory 1","damage_taken":0,"max_hp_gain":0,"max_hp_loss":0,"event_name":"SensoryStone","floor":44,"gold_loss":0}],"is_beta":false,"boss_relics":[{"not_picked":["Cursed Key","Calling Bell"],"picked":"Sozu"},{"not_picked":["Black Star","Coffee Dripper"],"picked":"Replay:Wanted Poster"}],"items_purged_floors":[],"is_endless":false,"potions_floor_spawned":[1,7,20,27,47],"ascension_level":2}}