{"host":"vi6th7e8dilnaeg0","time":1608737029,"event":{"mods":["BaseMod","Minty Spire (QoL Compilation)","Relic Stats","StSLib"],"gold_per_floor":[109,109,28,41,116,159,159,185,185,150,150,150],"floor_reached":11,"playtime":647,"items_purged":[],"score":97,"play_id":"a9636693-3510-43a3-a2d7-565a371b0e88","local_time":"20201223162349","is_ascension_mode":true,"campfire_choices":[{"floor":7,"key":"REST"}],"circlet_count":0,"master_deck":["Strike_P","Strike_P+1","Strike_P","Strike_P","Defend_P","Defend_P","Defend_P","Defend_P","Eruption","Vigilance","CurseOfTheBell","JustLucky+1","FearNoEvil","Evaluate","BowlingBash"],"relics":["Calling Bell","Bag of Marbles","White Beast Statue","Girya","Golden Idol","Whetstone","Odd Mushroom","Pear"],"acts_visited":["Exordium"],"potions_floor_usage":[8,11],"damage_taken":[{"damage":3,"enemies":"Jaw Worm","floor":1,"turns":6},{"damage":11,"enemies":"Small Slimes","floor":4,"turns":6},{"damage":38,"enemies":"3 Sentries","floor":6,"turns":15},{"damage":7,"enemies":"The Mushroom Lair","floor":8,"turns":3},{"damage":49,"enemies":"Lagavulin","floor":11,"turns":5}],"seed_played":"1609303283732952783","potions_obtained":[{"floor":1,"key":"Dexterity Potion"},{"floor":4,"key":"ColorlessPotion"},{"floor":6,"key":"FearPotion"},{"floor":8,"key":"Swift Potion"}],"is_trial":false,"path_per_floor":["M","?","$","M","?","E","R","?","T","?","E"],"character_chosen":"WATCHER","items_purchased":["FearNoEvil"],"campfire_rested":1,"item_purchase_floors":[3],"current_hp_per_floor":[62,62,62,51,40,2,22,15,25,44,0,0],"gold":150,"neow_bonus":"BOSS_RELIC","is_daily":false,"chose_seed":false,"campfire_upgraded":0,"win_rate":0.0,"timestamp":1608737029,"path_taken":["M","?","$","M","?","E","R","?","T","?","E"],"items_purchased_type":["Card"],"build_version":"2020-12-22","purchased_purges":0,"victory":false,"max_hp_per_floor":[72,67,67,67,67,67,67,67,77,77,77,77],"relic_stats":{"counters":[5,35],"Golden Idol":17,"Whetstone":["Strike_P","JustLucky"],"obtain_stats":[{"Calling Bell":0,"Girya":0,"Pear":9,"Golden Idol":2,"Bag of Marbles":0,"Whetstone":6,"PureWater":0,"Odd Mushroom":8,"White Beast Statue":0},{"Calling Bell":0,"Girya":0,"Pear":4,"Golden Idol":1,"Bag of Marbles":0,"Whetstone":3,"PureWater":0,"Odd Mushroom":4,"White Beast Statue":0},{"Calling Bell":0,"Girya":0,"Pear":30,"Golden Idol":6,"Bag of Marbles":0,"Whetstone":27,"PureWater":0,"Odd Mushroom":30,"White Beast Statue":0}]},"card_choices":[{"not_picked":["WindmillStrike","WreathOfFlame"],"picked":"JustLucky","floor":1},{"not_picked":["CrushJoints","Prostrate"],"picked":"Evaluate","floor":4},{"not_picked":["Omniscience","Indignation"],"picked":"BowlingBash","floor":6}],"player_experience":626058,"relics_obtained":[{"floor":0,"key":"Bag of Marbles"},{"floor":0,"key":"White Beast Statue"},{"floor":0,"key":"Girya"},{"floor":6,"key":"Whetstone"},{"floor":8,"key":"Odd Mushroom"},{"floor":9,"key":"Pear"}],"event_choices":[{"damage_healed":0,"gold_gain":0,"player_choice":"Lose Max HP","damage_taken":0,"relics_obtained":["Golden Idol"],"max_hp_gain":0,"max_hp_loss":5,"event_name":"Golden Idol","floor":2,"gold_loss":0},{"damage_healed":0,"gold_gain":75,"player_choice":"Gather Gold","damage_taken":11,"max_hp_gain":0,"max_hp_loss":0,"event_name":"World of Goop","floor":5,"gold_loss":0},{"damage_healed":0,"gold_gain":0,"player_choice":"Fought Mushrooms","damage_taken":0,"max_hp_gain":0,"max_hp_loss":0,"event_name":"Mushrooms","floor":8,"gold_loss":0},{"damage_healed":19,"gold_gain":0,"player_choice":"Healed","damage_taken":0,"max_hp_gain":0,"max_hp_loss":0,"event_name":"The Cleric","floor":10,"gold_loss":35}],"is_beta":false,"boss_relics":[],"items_purged_floors":[],"is_endless":false,"potions_floor_spawned":[1,4,6,8],"killed_by":"Lagavulin","ascension_level":8}}