{"host":"fevvm7bbzuh4s1jc","time":1608742949,"event":{"mods":["BaseMod","Highlight Path","Minty Spire (QoL Compilation)","Relic Stats"],"gold_per_floor":[110,125,143,8,20,20,35,35,35,49,74,74,106,136,136,214,214,228,143,443,340,351,386,404,6,60,75,75,75,106,118,118,198,198,198],"floor_reached":34,"playtime":1640,"items_purged":["Strike_R","Strike_R"],"score":804,"play_id":"593c77ee-7c8f-4e92-833c-8014b48e0740","local_time":"20201223120229","is_ascension_mode":true,"campfire_choices":[{"data":"Immolate","floor":6.0,"key":"SMITH"},{"data":"Pommel Strike","floor":8.0,"key":"SMITH"},{"floor":12.0,"key":"REST"},{"data":"True Grit","floor":15.0,"key":"SMITH"},{"floor":28.0,"key":"REST"},{"data":"Feel No Pain","floor":32.0,"key":"SMITH"}],"circlet_count":0,"master_deck":["AscendersBane","Strike_R","Strike_R","Strike_R","Defend_R+1","Defend_R+1","Defend_R","Defend_R","Bash","The Bomb","Pommel Strike+1","Immolate+1","Shrug It Off","Feel No Pain+1","Shrug It Off","Demon Form","True Grit+1","Fiend Fire","Barricade","True Grit","Fiend Fire"],"relics":["Burning Blood","Bag of Marbles","Smiling Mask","Matryoshka","Odd Mushroom","Philosopher\u0027s Stone","Shuriken","Old Coin","Bottled Tornado","PreservedInsect","OrangePellets","Lantern","Centennial Puzzle","Blood Vial","War Paint","CeramicFish"],"acts_visited":["Exordium","TheCity"],"potions_floor_usage":[],"damage_taken":[{"damage":4.0,"enemies":"Jaw Worm","floor":1.0,"turns":6.0},{"damage":7.0,"enemies":"Cultist","floor":2.0,"turns":4.0},{"damage":6.0,"enemies":"2 Louse","floor":3.0,"turns":3.0},{"damage":2.0,"enemies":"Looter","floor":5.0,"turns":4.0},{"damage":0.0,"enemies":"2 Fungi Beasts","floor":7.0,"turns":1.0},{"damage":11.0,"enemies":"3 Louse","floor":10.0,"turns":2.0},{"damage":37.0,"enemies":"Lagavulin","floor":11.0,"turns":10.0},{"damage":14.0,"enemies":"3 Sentries","floor":13.0,"turns":5.0},{"damage":0.0,"enemies":"The Mushroom Lair","floor":14.0,"turns":1.0},{"damage":28.0,"enemies":"The Guardian","floor":16.0,"turns":12.0},{"damage":9.0,"enemies":"Spheric Guardian","floor":18.0,"turns":4.0},{"damage":19.0,"enemies":"Shell Parasite","floor":22.0,"turns":6.0},{"damage":34.0,"enemies":"Gremlin Leader","floor":23.0,"turns":5.0},{"damage":29.0,"enemies":"Sentry and Sphere","floor":24.0,"turns":5.0},{"damage":0.0,"enemies":"3 Cultists","floor":27.0,"turns":3.0},{"damage":26.0,"enemies":"Book of Stabbing","floor":30.0,"turns":5.0},{"damage":24.0,"enemies":"Shelled Parasite and Fungi","floor":31.0,"turns":3.0},{"damage":7.0,"enemies":"Champ","floor":33.0,"turns":21.0}],"seed_played":"7408004985157179672","potions_obtained":[{"floor":5.0,"key":"Block Potion"},{"floor":11.0,"key":"ElixirPotion"},{"floor":14.0,"key":"SteroidPotion"},{"floor":22.0,"key":"GamblersBrew"},{"floor":27.0,"key":"Fruit Juice"},{"floor":30.0,"key":"FairyPotion"},{"floor":33.0,"key":"ElixirPotion"}],"is_trial":false,"path_per_floor":["M","M","M","$","M","R","M","R","T","M","E","R","E","?","R","B",null,"M","?","?","$","M","E","M","$","T","M","R","T","E","M","R","B",null],"character_chosen":"IRONCLAD","items_purchased":["Immolate","Shrug It Off","BloodPotion","PreservedInsect","True Grit","OrangePellets"],"campfire_rested":2,"item_purchase_floors":[4,4,21,25,25,25],"current_hp_per_floor":[52,51,51,51,55,55,61,61,61,56,25,47,39,45,45,23,62,59,59,59,59,46,33,10,10,10,21,45,45,27,11,11,12,12,12],"gold":198,"neow_bonus":"RANDOM_COLORLESS_2","is_daily":false,"chose_seed":false,"campfire_upgraded":4,"win_rate":0.0,"timestamp":1608742949,"path_taken":["M","M","M","$","M","R","M","R","T","M","E","R","E","?","R","BOSS","M","?","?","$","M","E","M","$","T","?","R","?","E","M","R","BOSS"],"items_purchased_type":["Card","Card","Potion","Relic","Card","Relic"],"build_version":"2020-12-22","purchased_purges":2,"victory":false,"max_hp_per_floor":[75,75,75,75,75,75,75,75,75,75,75,75,75,75,75,75,75,75,75,75,75,75,75,75,75,75,80,80,80,80,80,80,80,80,80],"relic_stats":{"Blood Vial":6,"OrangePellets":[0],"Centennial Puzzle":[9],"counters":[18,100],"Shuriken":[3],"CeramicFish":9,"PreservedInsect":43,"War Paint":["Defend_R","Defend_R"],"Smiling Mask":75,"obtain_stats":[{"Lantern":26,"CeramicFish":30,"PreservedInsect":25,"Odd Mushroom":14,"Bottled Tornado":23,"War Paint":29,"Smiling Mask":11,"Burning Blood":0,"Old Coin":20,"Blood Vial":29,"OrangePellets":25,"Centennial Puzzle":26,"Matryoshka":13,"Shuriken":19,"Philosopher\u0027s Stone":17,"Bag of Marbles":9},{"Lantern":14,"CeramicFish":16,"PreservedInsect":14,"Odd Mushroom":9,"Bottled Tornado":13,"War Paint":15,"Smiling Mask":7,"Burning Blood":0,"Old Coin":11,"Blood Vial":15,"OrangePellets":14,"Centennial Puzzle":14,"Matryoshka":8,"Shuriken":11,"Philosopher\u0027s Stone":10,"Bag of Marbles":5},{"Lantern":68,"CeramicFish":76,"PreservedInsect":68,"Odd Mushroom":36,"Bottled Tornado":63,"War Paint":71,"Smiling Mask":30,"Burning Blood":0,"Old Coin":52,"Blood Vial":71,"OrangePellets":68,"Centennial Puzzle":68,"Matryoshka":35,"Shuriken":52,"Philosopher\u0027s Stone":48,"Bag of Marbles":18}],"Burning Blood":108},"card_choices":[{"not_picked":["Sadistic Nature","Thinking Ahead"],"picked":"The Bomb","floor":0.0},{"not_picked":["Twin Strike","Iron Wave"],"picked":"Pommel Strike","floor":1.0},{"not_picked":["Sever Soul","Reckless Charge","Heavy Blade"],"picked":"SKIP","floor":2.0},{"not_picked":["Iron Wave","Reckless Charge","Warcry"],"picked":"SKIP","floor":3.0},{"not_picked":["Body Slam","Rupture","Clothesline"],"picked":"SKIP","floor":5.0},{"not_picked":["Pommel Strike","Headbutt"],"picked":"Feel No Pain","floor":7.0},{"not_picked":["Perfected Strike","Bloodletting","Armaments"],"picked":"SKIP","floor":10.0},{"not_picked":["Perfected Strike","Combust"],"picked":"Shrug It Off","floor":11.0},{"not_picked":["Rage","Twin Strike"],"picked":"Demon Form","floor":13.0},{"not_picked":["Metallicize","Clash"],"picked":"True Grit","floor":14.0},{"not_picked":["Juggernaut","Barricade"],"picked":"Fiend Fire","floor":16.0},{"not_picked":["Wild Strike","Anger","Thunderclap+1"],"picked":"SKIP","floor":18.0},{"not_picked":["Headbutt","Anger","Perfected Strike"],"picked":"SKIP","floor":22.0},{"not_picked":["Dual Wield","Pommel Strike"],"picked":"Barricade","floor":23.0},{"not_picked":["Heavy Blade","Headbutt","Iron Wave"],"picked":"SKIP","floor":24.0},{"not_picked":["Clash","Inflame+1","Dark Embrace"],"picked":"SKIP","floor":27.0},{"not_picked":["Sentinel","Pommel Strike","Bludgeon"],"picked":"SKIP","floor":30.0},{"not_picked":["Infernal Blade","Thunderclap","Pommel Strike"],"picked":"SKIP","floor":31.0},{"not_picked":["Limit Break","Demon Form"],"picked":"Fiend Fire","floor":33.0}],"player_experience":2567142,"relics_obtained":[{"floor":9.0,"key":"Bag of Marbles"},{"floor":11.0,"key":"Smiling Mask"},{"floor":13.0,"key":"Matryoshka"},{"floor":14.0,"key":"Odd Mushroom"},{"floor":23.0,"key":"Bottled Tornado"},{"floor":26.0,"key":"Lantern"},{"floor":26.0,"key":"Centennial Puzzle"},{"floor":29.0,"key":"Blood Vial"},{"floor":29.0,"key":"War Paint"},{"floor":30.0,"key":"CeramicFish"}],"event_choices":[{"damage_healed":0.0,"max_hp_gain":0.0,"max_hp_loss":0.0,"gold_gain":0.0,"event_name":"Mushrooms","player_choice":"Fought Mushrooms","floor":14.0,"gold_loss":0.0,"damage_taken":0.0},{"damage_healed":0.0,"max_hp_gain":0.0,"max_hp_loss":0.0,"gold_gain":0.0,"event_name":"Addict","player_choice":"Obtained Relic","floor":19.0,"gold_loss":85.0,"damage_taken":0.0,"relics_obtained":["Shuriken"]},{"damage_healed":0.0,"max_hp_gain":0.0,"max_hp_loss":0.0,"gold_gain":0.0,"event_name":"WeMeetAgain","player_choice":"Gave Potion","floor":20.0,"gold_loss":0.0,"damage_taken":0.0,"relics_obtained":["Old Coin"]}],"is_beta":false,"boss_relics":[{"not_picked":["Velvet Choker","Black Star"],"picked":"Philosopher\u0027s Stone"}],"items_purged_floors":[21,25],"is_endless":false,"potions_floor_spawned":[5,11,14,22,27,30,33],"ascension_level":20}}