{"host":"ymw71f7rc9ndansy","time":1608734577,"event":{"mods":["ATMod(°¢èªMod)","Act Like it!","Aspiration","BaseMod","DeckTracker","Hubris","Library of Ruina","Library of Ruina Extra","Minty Spire (QoL Compilation)","MostiFishMod","Remove Card Discount Mod","Replay The Spire","StSLib","TestMod","¡¾ÒÅÎï¿¨ÅÆ¡¿REMEMod","²ÐÁôÖ®Îï"],"gold_per_floor":[116,5,5,5,3,37,52,87,87,87,87,102,136,150,150,239,239,262,277,321,111,111,146,146,182,263,263,303,303,135,150,150,249,249,264,87,108,128,178,178,221,242,242,282,307,351,375,394,394,394,394,394],"floor_reached":53,"playtime":2451,"items_purged":["Dodge","LightDefense","LightDefense","LightAttack","Injury","Ripple","LightDefense","LightDefense","FocusedStrikes","SturdyDefense","HiddenBlade","testmod-TradeIn","BlazingStrike"],"score":3596,"play_id":"916453f5-8a7a-4292-990b-a81b9e22e652","local_time":"20201223224257","is_ascension_mode":true,"campfire_choices":[{"data":"AT_PowerWithin","floor":15,"key":"SMITH"},{"floor":27,"key":"RECALL"},{"data":"testmod-CardIndex","floor":29,"key":"SMITH"},{"data":"SpearedSweep","floor":32,"key":"SMITH"},{"data":"LeRegole","floor":40,"key":"SMITH"},{"data":"FrontalAssault","floor":49,"key":"SMITH"}],"circlet_count":0,"master_deck":["AscendersBane","AT_ShadowStep","testmod-CardIndex+1","Observe","AT_PowerWithin+1","RepressedFlesh","FlashingStrike","FrontalAssault+1","RushDown","LeRegole+1","HardRehearsal","InkOver"],"relics":["PageOfLibrarian","testmod-TestBox","DaveBox","REME_ComplimentaryCards","AT_ATBox","Transparent","testmod-Fanaticism","Girya","Golden Idol","testmod-InjuryResistance","Replay:PocketPolymizer","Prayer Wheel","Letter Opener","AT_TrinityForce","Red Mask","ReplayTheSpireMod:Lightbulb","testmod-RealStoneCalender","aspiration:HummingbirdHeart","Gremlin Food","AT_PhaseBoots","HaiYi:Twilight","Orrery","PageOfSnowWhitesApple","PageOfScorchedGirl","Toxic Egg 2","Blood Vial"],"acts_visited":["Exordium","TheCity","TheBeyond"],"potions_floor_usage":[],"damage_taken":[{"damage":12,"enemies":"Cultist","floor":1,"turns":2},{"damage":17,"enemies":"Gremlin Nob","floor":6,"turns":2},{"damage":41,"enemies":"Jaw Worm","floor":7,"turns":2},{"damage":60,"enemies":"3 Sentries","floor":8,"turns":3},{"damage":21,"enemies":"Small Slimes","floor":12,"turns":1},{"damage":22,"enemies":"Lagavulin","floor":13,"turns":1},{"damage":22,"enemies":"2 Fungi Beasts","floor":14,"turns":1},{"damage":47,"enemies":"Hexaghost","floor":16,"turns":2},{"damage":46,"enemies":"3 Byrds","floor":18,"turns":2},{"damage":24,"enemies":"Chosen","floor":19,"turns":1},{"damage":25,"enemies":"Masked Bandits","floor":20,"turns":1},{"damage":24,"enemies":"Gremlin Leader","floor":23,"turns":1},{"damage":26,"enemies":"Book of Stabbing","floor":25,"turns":1},{"damage":48,"enemies":"REME_1_Revenger","floor":28,"turns":2},{"damage":49,"enemies":"Sentry and Sphere","floor":31,"turns":2},{"damage":45,"enemies":"Pondfish","floor":33,"turns":2},{"damage":21,"enemies":"3 Shapes","floor":35,"turns":1},{"damage":129,"enemies":"3 Darklings","floor":37,"turns":6},{"damage":19,"enemies":"Writhing Mass","floor":38,"turns":1},{"damage":19,"enemies":"Reptomancer","floor":41,"turns":1},{"damage":26,"enemies":"Jaw Worm Horde","floor":42,"turns":1},{"damage":27,"enemies":"R_Hoarder","floor":44,"turns":1},{"damage":25,"enemies":"Maw","floor":45,"turns":1},{"damage":26,"enemies":"Reptomancer","floor":46,"turns":1},{"damage":23,"enemies":"Spire Growth","floor":47,"turns":1},{"damage":23,"enemies":"Writhing Mass","floor":48,"turns":1},{"damage":45,"enemies":"Donu and Deca","floor":50,"turns":2},{"damage":67,"enemies":"hubris:GrandSnecko","floor":51,"turns":3}],"seed_played":"5733261214934862386","potions_obtained":[{"floor":7,"key":"PowerPotion"},{"floor":8,"key":"testmod-TimePotion"}],"is_trial":false,"path_per_floor":["M","$","T","?","$","E","M","E","T","?","?","M","E","M","R","B",null,"M","M","?","$","?","E","?","E","T","R","E","R","$","M","R","B",null,"M","$","M","M","?","R","E","M","T","E","M","E","M","M","R","B","B",null,null],"character_chosen":"Librarian","items_purchased":["AT_PowerWithin","testmod-TradeIn","AT_SpeedBoots","Orrery"],"campfire_rested":0,"item_purchase_floors":[2,21,30,36],"current_hp_per_floor":[60,60,60,60,60,65,176,219,219,224,224,197,209,198,198,224,243,223,233,228,228,228,243,243,249,249,249,240,240,240,216,216,249,249,234,234,249,249,249,249,249,242,242,249,249,249,249,241,241,249,249,249],"gold":394,"neow_bonus":"ONE_RANDOM_RARE_CARD","is_daily":false,"chose_seed":false,"campfire_upgraded":5,"win_rate":0.0,"timestamp":1608734577,"path_taken":["M","$","?","?","$","E","M","E","T","?","?","M","E","M","R","BOSS","M","M","?","$","?","E","?","E","T","R","E","R","$","M","R","BOSS","M","$","M","M","?","R","E","M","T","E","M","E","?","M","R","BOSS","BOSS"],"items_purchased_type":["Card","Card","Relic","Relic"],"build_version":"2020-12-22","purchased_purges":13,"victory":true,"max_hp_per_floor":[65,65,65,65,65,219,219,219,219,224,224,224,224,224,224,249,249,249,249,249,249,249,249,249,249,249,249,249,249,249,249,249,249,249,249,249,249,249,249,249,249,249,249,249,249,249,249,249,249,249,249,249],"card_choices":[{"not_picked":["StrongStrike","BlowItUp","GuardingStance","SmokingPipe","Outburst","FierceCharge","EnergyBeam","BizarreAttack","WrathOfTorment"],"picked":"SKIP","floor":1},{"not_picked":["TrimTheIngredients","RulesOfTheBackstreets","Faith","SharpNails","LoosenUp","Rewind","MultiHit","AutomatedMovement","SuppressingShot"],"picked":"SKIP","floor":6},{"not_picked":["PreemptiveStrike","SkitterAway","ICanCookAnything","CombatPreparation","ChopItOff","SharpSwipe","ViolentFlame","DesperateStruggle"],"picked":"RepressedFlesh","floor":7},{"not_picked":["UpbeatPerformance","SpearedSweep","Cruelty","SummaryJudgment","StrongStrike","EnergyCycle","EnergyShield","BindingArms"],"picked":"FlashingStrike","floor":8},{"not_picked":["KeepItFresh","ToOvercomeCrisis","SpearedSweep","Feast","UpbeatPerformance","Leap_lor","Multislash","Struggle"],"picked":"FrontalAssault","floor":12},{"not_picked":["Thrust","Wallop_lor","Outburst","Eradication","HiddenBlade","SinglePointStab","FieryWaltz","Leap_lor","TrimTheIngredients"],"picked":"SKIP","floor":12},{"not_picked":["BayonetCombat","WillOfThePrescript","FleetEdge","HighKick","FlowOfTheSword","InkOver","Eject","StayCalm"],"picked":"BlazingStrike","floor":13},{"not_picked":["Collision","HandlingWork","SuppressingShot","ProselytesBlade","Rewind","Outburst","Leap_lor","MultiHit","WillProduceFineSilk"],"picked":"SKIP","floor":14},{"not_picked":["GuardingStance","Quickness","ShockRound","SharpSwipe","TendonChords","Tttonst","Multislash","QuickAttack","Diversion"],"picked":"SKIP","floor":14},{"not_picked":["BladeWhirl+1","SharpSwipe","BlowItUp","SuppressingShot","Standoff","QuickAttack","GuardingStance","DesperateStruggle"],"picked":"SpearedSweep","floor":18},{"not_picked":["FleetEdge+1","CircusKnives","FendThisOffIfYouCan","Quickness","BackAttack+1","SuppressingShot","EnergyBeam","UpbeatPerformance","HighSpeedStabbing+1"],"picked":"SKIP","floor":18},{"not_picked":["DirtyBlow","ClassAndRespect","SteelKnuckles","StructuralAnalysis+1","GuardingStance","Tailoring","BurningFlash","SomberProcuration+1","FleetEdge"],"picked":"SKIP","floor":19},{"not_picked":["DesperateStruggle","SpearedSweep","WillOfThePrescript","ClassAndRespect","DarkCloud","StructuralAnalysis","HiddenBlade","Tttonst","SuppressingShot"],"picked":"SKIP","floor":19},{"not_picked":["Tttonst","Slice_lor","BlowItUp","Diversion","SharpSwipe","StartinOutLightly+1","YoureTooSlow","GuidanceOfTheGears","DeepDrag+1"],"picked":"SKIP","floor":23},{"not_picked":["BlowItUp","Bvapour","FrontalAssault","MultiBlock","DefenseOrder","SharpNails","OpportunitySpotted","ClassAndRespect","Outburst"],"picked":"SKIP","floor":25},{"not_picked":["ExtremeEdge","CookingPrep","Standoff","SpearedSweep","HighKick","EnergyShield","NightInTheBackstreets","IronWall","SuppressingShot"],"picked":"SKIP","floor":28},{"not_picked":["GuidanceOfTheGears","StrongStrike","Wallop_lor","Leap_lor","SweepTheBackstreets","UnavoidableGaze","FendThisOffIfYouCan+1","Tailoring","ClassAndRespect"],"picked":"SKIP","floor":31},{"not_picked":["Pound","GuardingStance","TheRedNotes+1","Rewind","Juggling","Thrust","SetFire","HighKick","PreemptiveStrike+1"],"picked":"SKIP","floor":31},{"not_picked":["FleetEdge","IllEndYou","FeatherShield","WillOfThePrescript","Multislash","Gamble","StrongStrike+1","UpbeatPerformance+1","AutonomousRush"],"picked":"SKIP","floor":35},{"not_picked":["SinglePointStab","IllEndYou+1","FocusFire","ProselytesBlade+1","DefenseOrder","ClassAndRespect","Parry","FierceCharge","StartinOutLightly"],"picked":"SKIP","floor":35},{"not_picked":["SmokingPipe+1","GutHarvesting","WildCard","SharpSwipe","Unlock1","QuickAttack","EndlessBattle","EnergyShield"],"picked":"RushDown","floor":36},{"not_picked":["FocusFire","SparkingSpear","Quickness","EnergyShield","DefenseOrder","AsThePrescriptOrders","FeatherShield+1","WillOfThePrescript"],"picked":"LeRegole","floor":37},{"not_picked":["NightInTheBackstreets","FleetFootsteps","AutomatedMovement","MultiBlock+1","Thirst","Guardian_lor","LoosenUp","Fence","StrongStrike"],"picked":"SKIP","floor":37},{"not_picked":["Outburst","QuickAttack+1","ScratchThat","FleetEdge+1","DesperateStruggle","ViolentFlame","DefenseOrder","StrongStrike+1","ClassAndRespect"],"picked":"SKIP","floor":38},{"not_picked":["Reload","OpportunitySpotted+1","Diversion","CookingPrep+1","EnergyShield","ElectricShock","TendonChords+1","HighKick","BackAttack"],"picked":"SKIP","floor":38},{"not_picked":["AutomatedMovement","Tttonst","Track","UnavoidableGaze","Quickness+1","DefenseOrder","MindPrepared+1","IngredientHunt+1","BiteOff"],"picked":"SKIP","floor":41},{"not_picked":["Guardian_lor","AssaultOrder","WillOfThePrescript","ShockRound+1","BayonetCombat","Multislash","PreemptiveStrike","GuidanceOfTheGears","GoinFirst"],"picked":"SKIP","floor":42},{"not_picked":["HandleRequest","Multislash","SparkingSpear+1","YourShield","InnerArdor","UpbeatPerformance","EnergyShield+1","BackAttack","CumulusWall"],"picked":"SKIP","floor":42},{"not_picked":["Crush","NightInTheBackstreets","UnavoidableGaze+1","AutonomousRush","AsThePrescriptOrders+1","ChargeUp","FieryWaltz","HandlingWork","Outburst"],"picked":"SKIP","floor":44},{"not_picked":["TendonChords","Retaliate","Parry","ViolentFlame+1","ChopItOff+1","Diversion+1","ExtremeEdge","GutHarvesting","ElectricShock"],"picked":"SKIP","floor":45},{"not_picked":["AsThePrescriptOrders+1","InnerArdor+1","FierceCharge+1","Rewind+1","DesperateStruggle","SunsetBlade","WillOfThePrescript+1","TheArtOfRapidSteps+1","FleetEdge"],"picked":"SKIP","floor":45},{"not_picked":["UncannyStrike+1","KeepItFresh+1","SuppressingShot","Tailoring","ShrineToMusic","ButterflySlash+1","ViolentFlame","BizarreAttack"],"picked":"InkOver","floor":46},{"not_picked":["MultiHit+1","HandlingWork+1","SharpSwipe","UnavoidableGaze+1","QuickAttack","AssaultOrder+1","InhaleSmoke+1","Pound","SunsetBlade"],"picked":"SKIP","floor":47},{"not_picked":["Outburst","SinglePointStab","PreemptiveStrike","EndlessBattle","Track","GuidanceOfTheGears+1","FierceCharge+1","StructuralAnalysis+1","SilentNight"],"picked":"SKIP","floor":47},{"not_picked":["Pound","FleetFootsteps+1","Endure+1","Wallop_lor","AutomatedMovement+1","Parry","SuppressingShot","UnavoidableGaze+1","SinglePointStab+1"],"picked":"SKIP","floor":48},{"not_picked":["FleetFootsteps+1","EndlessBattle+1","TrashDisposal","SharpSwipe","MultiBlock+1","FlowOfTheSword","UndertakePrescript+1","Pound+1","StructuralAnalysis+1"],"picked":"SKIP","floor":48}],"player_experience":981649,"relics_obtained":[{"floor":3,"key":"Girya"},{"floor":6,"key":"testmod-InjuryResistance"},{"floor":8,"key":"Replay:PocketPolymizer"},{"floor":9,"key":"Prayer Wheel"},{"floor":13,"key":"Letter Opener"},{"floor":20,"key":"Red Mask"},{"floor":23,"key":"ReplayTheSpireMod:Lightbulb"},{"floor":25,"key":"testmod-RealStoneCalender"},{"floor":26,"key":"aspiration:HummingbirdHeart"},{"floor":28,"key":"Gremlin Food"},{"floor":41,"key":"PageOfSnowWhitesApple"},{"floor":43,"key":"PageOfScorchedGirl"},{"floor":44,"key":"Toxic Egg 2"},{"floor":46,"key":"Blood Vial"}],"event_choices":[{"damage_healed":0,"gold_gain":0,"player_choice":"Take Wound","damage_taken":0,"relics_obtained":["Golden Idol"],"max_hp_gain":0,"max_hp_loss":0,"event_name":"Golden Idol","floor":4,"gold_loss":0,"cards_obtained":["Injury"]},{"damage_healed":0,"gold_gain":0,"player_choice":"Donut","damage_taken":0,"max_hp_gain":5,"max_hp_loss":0,"event_name":"Big Fish","floor":10,"gold_loss":0},{"damage_healed":0,"gold_gain":0,"player_choice":"Fought Bandits","damage_taken":0,"max_hp_gain":0,"max_hp_loss":0,"event_name":"Masked Bandits","floor":20,"gold_loss":0},{"damage_healed":0,"gold_gain":50,"player_choice":"Pray","damage_taken":0,"max_hp_gain":0,"max_hp_loss":0,"event_name":"Golden Shrine","floor":39,"gold_loss":0}],"is_beta":false,"boss_relics":[{"not_picked":["Sozu","Replay:Ancient Bell"],"picked":"AT_TrinityForce"},{"not_picked":["SlaversCollar","hubris:ScarierMask"],"picked":"HaiYi:Twilight"}],"items_purged_floors":[2,2,2,2,5,36,36,36,36,36,36,36,36],"is_endless":false,"potions_floor_spawned":[7,8,12,13,19,31,33,37,44,45,48],"ascension_level":20}}