{"host":"6rmw1q50jy0xmvyl","time":1608722599,"event":{"mods":["BaseMod","BetterRewards","Clockwork Mod","Colored Map","Duelist Mod","Minty Spire (QoL Compilation)","Remove Card Discount Mod","StSLib","The Blackbeard","??????REMEMod"],"gold_per_floor":[119,48,48,48,13,45,45,78,156,156,173,184,27,62,62,189,189,114,114,114,114,128,157,157,182,182,201,201,264,264,282,282,405,455,475,43,0,12,12,40,53,53,353,368,386,386,399,432,432,432],"floor_reached":51,"playtime":4972,"items_purged":["Clockwork:Strike","Clockwork:Strike","Clockwork:Strike","Clockwork:Strike","Clockwork:Shield","Clockwork:Shield","Clockwork:Shield"],"score":1000,"play_id":"4bf9e8a1-071a-4f32-bd99-e815cb3c0bd7","local_time":"20201223122319","is_ascension_mode":true,"campfire_choices":[{"floor":7,"key":"REST"},{"data":"Clockwork:Tinker","floor":10,"key":"SMITH"},{"floor":15,"key":"REST"},{"data":"Clockwork:WarmUp","floor":24,"key":"SMITH"},{"floor":28,"key":"REST"},{"floor":32,"key":"REST"},{"floor":42,"key":"REST"},{"floor":46,"key":"REST"},{"data":"Clockwork:CraftMomentumEngine","floor":49,"key":"SMITH"}],"circlet_count":0,"master_deck":["Clockwork:Shield+1","Clockwork:Tinker+1","Clockwork:WarmUp+1","Mayhem+1","Clockwork:ChargingBlade+1","Clockwork:ChargingShield","Clockwork:ForgeStrike+1","Clockwork:SystemHardening","Clockwork:Improve","Clockwork:CogBarrier+1","Clockwork:CogToss+1","Clockwork:KaliMa","Clockwork:RampUp+1","Necronomicurse","Clockwork:DefectiveParts","Clockwork:Improve+1","REME_ProfessionalPlagiarism","Clockwork:Enhance","Writhe","Clockwork:LiteraryArmor","Clockwork:Improve+1","theDuelist:CustomResummonCard"],"relics":["Clockwork:MomentumEngine","REME_ComplimentaryCards","Lantern","Clockwork:Varja","Mummified Hand","HornCleat","TheAbacus","REME_PuzzleBoxRelic","SacredBark","Clockwork:SomewhatSmoothStone","Meat on the Bone","Tiny Chest","Blood Vial","Necronomicon","Tiny House","REME_HourglassOfDeath","Red Mask","Clockwork:GoldenCog","Bag of Marbles","Old Coin","Clockwork:BeatingHeart","InkBottle"],"acts_visited":["Exordium","TheCity","TheBeyond"],"potions_floor_usage":[8,16,18,29,50,50],"damage_taken":[{"damage":0,"enemies":"Small Slimes","floor":1,"turns":8},{"damage":32,"enemies":"3 Sentries","floor":6,"turns":12},{"damage":2,"enemies":"Lagavulin","floor":8,"turns":9},{"damage":0,"enemies":"2 Louse","floor":11,"turns":3},{"damage":5,"enemies":"Jaw Worm","floor":12,"turns":4},{"damage":18,"enemies":"3 Sentries","floor":14,"turns":8},{"damage":0,"enemies":"Hexaghost","floor":16,"turns":9},{"damage":15,"enemies":"2 Thieves","floor":18,"turns":5},{"damage":20,"enemies":"3 Byrds","floor":22,"turns":11},{"damage":0,"enemies":"Gremlin Leader","floor":23,"turns":6},{"damage":0,"enemies":"Book of Stabbing","floor":25,"turns":5},{"damage":0,"enemies":"Centurion and Healer","floor":27,"turns":5},{"damage":0,"enemies":"Sentry and Sphere","floor":29,"turns":4},{"damage":0,"enemies":"3 Cultists","floor":31,"turns":3},{"damage":0,"enemies":"Automaton","floor":33,"turns":9},{"damage":0,"enemies":"3 Darklings","floor":35,"turns":3},{"damage":12,"enemies":"Orb Walker","floor":38,"turns":3},{"damage":38,"enemies":"Reptomancer","floor":40,"turns":9},{"damage":0,"enemies":"Spire Growth","floor":41,"turns":5},{"damage":0,"enemies":"Jaw Worm Horde","floor":44,"turns":4},{"damage":26,"enemies":"3 Darklings","floor":45,"turns":6},{"damage":35,"enemies":"Sphere and 2 Shapes","floor":47,"turns":6},{"damage":0,"enemies":"Giant Head","floor":48,"turns":8},{"damage":40,"enemies":"Donu and Deca","floor":50,"turns":7}],"seed_played":"3476631699802710439","potions_obtained":[{"floor":6,"key":"Dexterity Potion"},{"floor":12,"key":"Block Potion"},{"floor":14,"key":"REME_GoldPotion"},{"floor":22,"key":"SmokeBomb"},{"floor":23,"key":"FairyPotion"},{"floor":27,"key":"Weak Potion"},{"floor":34,"key":"Fire Potion"},{"floor":45,"key":"LiquidMemories"},{"floor":48,"key":"CultistPotion"}],"is_trial":false,"path_per_floor":["M","$","?","?","?","E","R","E","T","R","M","M","$","E","R","B",null,"M","?","$","?","M","E","R","E","T","M","R","M","?","M","R","B",null,"M","$","?","M","?","E","M","R","T","M","M","R","M","E","R","B",null],"character_chosen":"CLOCKWORK","items_purchased":["Clockwork:ChargingBlade","Clockwork:ForgeStrike","Clockwork:SystemHardening","TheAbacus","REME_ProfessionalPlagiarism","REME_HourglassOfDeath"],"campfire_rested":6,"item_purchase_floors":[0,2,2,13,36,36],"current_hp_per_floor":[85,85,68,68,85,53,78,76,76,76,76,71,71,53,78,78,85,70,70,70,70,50,50,50,50,50,52,77,79,63,65,85,85,90,90,90,90,78,90,52,54,81,81,83,59,86,53,55,55,29],"gold":432,"neow_bonus":"","is_daily":false,"chose_seed":false,"campfire_upgraded":3,"win_rate":0.0,"timestamp":1608722599,"path_taken":["M","$","?","?","?","E","R","E","T","R","M","M","?","E","R","BOSS","M","?","$","?","M","E","R","E","T","M","R","M","?","M","R","BOSS","M","$","?","M","?","E","M","R","T","M","M","R","M","E","R","BOSS"],"items_purchased_type":["Card","Card","Card","Relic","Card","Relic"],"build_version":"2020-12-22","purchased_purges":7,"victory":true,"max_hp_per_floor":[85,85,85,85,85,85,85,85,85,85,85,85,85,85,85,85,85,85,85,85,85,85,85,85,85,85,85,85,85,85,85,85,85,90,90,90,90,90,90,90,90,90,90,90,90,90,90,90,90,90],"card_choices":[{"not_picked":["Clockwork:Roundhouse","Clockwork:TimeOut"],"picked":"Clockwork:ChargingShield","floor":1},{"not_picked":["Clockwork:Minimalism","Clockwork:Randomization"],"picked":"Clockwork:CraftVarja","floor":6},{"not_picked":["Clockwork:PerfectedShield","Clockwork:Friction","Clockwork:Minimalism"],"picked":"SKIP","floor":8},{"not_picked":["Clockwork:AdaptiveShield","Clockwork:SystemScan","Clockwork:Redundancy"],"picked":"SKIP","floor":11},{"not_picked":["Clockwork:Downsize","Clockwork:ForgeStrike"],"picked":"Clockwork:Improve","floor":12},{"not_picked":["Clockwork:AdaptiveCannon","Clockwork:ReserveSystems","Clockwork:PerfectedStrike"],"picked":"SKIP","floor":14},{"not_picked":["Clockwork:Randomization","Clockwork:Halt"],"picked":"Clockwork:CraftMomentumEngine","floor":16},{"not_picked":["Clockwork:CraftVarja","Clockwork:SnapKeep+1"],"picked":"Clockwork:CraftSomewhatSmoothStone+1","floor":18},{"not_picked":["Clockwork:AdaptiveShield","Clockwork:Selectivity"],"picked":"Clockwork:CogBarrier+1","floor":22},{"not_picked":["Clockwork:ChargingShield","Clockwork:PerfectedShield"],"picked":"Clockwork:CogToss+1","floor":23},{"not_picked":["Clockwork:CogShield+1","Clockwork:Roundhouse"],"picked":"Clockwork:KaliMa","floor":25},{"not_picked":["Clockwork:Roundhouse","Clockwork:ReserveSystems","Clockwork:Minimalism"],"picked":"SKIP","floor":27},{"not_picked":["Clockwork:AdaptiveShield","Clockwork:ChargingShield"],"picked":"Clockwork:RampUp+1","floor":29},{"not_picked":["Clockwork:CogShield","Clockwork:Clone"],"picked":"Clockwork:CraftSomewhatSmoothStone","floor":31},{"not_picked":["Clockwork:Inspiration","Clockwork:TimeWalk"],"picked":"Clockwork:DefectiveParts","floor":33},{"not_picked":["Clockwork:SnapKeep","Clockwork:CogShield+1"],"picked":"Clockwork:Improve+1","floor":35},{"not_picked":["Clockwork:SpurOn","Clockwork:HeadStart"],"picked":"Clockwork:Enhance","floor":38},{"not_picked":["Clockwork:StasisBreak","Clockwork:CogShield+1"],"picked":"Clockwork:LiteraryArmor","floor":40},{"not_picked":["Clockwork:ChargingBlade+1","Clockwork:CogBarrier","Clockwork:ZeroPointEnergy"],"picked":"SKIP","floor":41},{"not_picked":["Clockwork:HoardingStrike","Clockwork:SearchingStrike+1"],"picked":"Clockwork:Improve+1","floor":44},{"not_picked":["Clockwork:Pluck","Clockwork:FalseStart","Clockwork:Improve+1"],"picked":"SKIP","floor":45},{"not_picked":["Clockwork:TimeOut","Clockwork:Enhance","Clockwork:InertialShield"],"picked":"SKIP","floor":47},{"not_picked":["Clockwork:Friction","Clockwork:Scour"],"picked":"Clockwork:CraftMomentumEngine","floor":48}],"player_experience":618630,"relics_obtained":[{"floor":6,"key":"Lantern"},{"floor":8,"key":"Mummified Hand"},{"floor":9,"key":"HornCleat"},{"floor":14,"key":"REME_PuzzleBoxRelic"},{"floor":23,"key":"Meat on the Bone"},{"floor":25,"key":"Tiny Chest"},{"floor":26,"key":"Blood Vial"},{"floor":30,"key":"Necronomicon"},{"floor":40,"key":"Bag of Marbles"},{"floor":43,"key":"Old Coin"},{"floor":48,"key":"InkBottle"}],"event_choices":[{"damage_healed":0,"gold_gain":0,"player_choice":"Entered Light","damage_taken":17,"max_hp_gain":0,"max_hp_loss":0,"event_name":"Shining Light","floor":3,"gold_loss":0,"cards_upgraded":["Clockwork:ForgeStrike","Clockwork:ChargingBlade"]},{"damage_healed":0,"gold_gain":0,"player_choice":"Grow","damage_taken":0,"max_hp_gain":0,"max_hp_loss":0,"event_name":"Living Wall","floor":4,"gold_loss":0,"cards_upgraded":["Mayhem"]},{"damage_healed":21,"gold_gain":0,"player_choice":"Healed","damage_taken":0,"max_hp_gain":0,"max_hp_loss":0,"event_name":"The Cleric","floor":5,"gold_loss":35},{"damage_healed":0,"gold_gain":0,"player_choice":"Simplicity","damage_taken":0,"max_hp_gain":0,"max_hp_loss":0,"event_name":"Back to Basics","floor":19,"gold_loss":0,"cards_upgraded":["Clockwork:Shield"]},{"damage_healed":0,"gold_gain":0,"player_choice":"Ignored","damage_taken":0,"max_hp_gain":0,"max_hp_loss":0,"event_name":"Beggar","floor":21,"gold_loss":0},{"damage_healed":0,"gold_gain":0,"player_choice":"Obtained Book","damage_taken":16,"max_hp_gain":0,"max_hp_loss":0,"event_name":"Cursed Tome","floor":30,"gold_loss":0},{"damage_healed":0,"gold_gain":0,"player_choice":"Paid","damage_taken":0,"relics_obtained":["Red Mask"],"max_hp_gain":0,"max_hp_loss":0,"event_name":"Tomb of Lord Red Mask","floor":37,"gold_loss":43},{"damage_healed":23,"gold_gain":0,"player_choice":"Writhe","damage_taken":0,"max_hp_gain":0,"max_hp_loss":0,"event_name":"Winding Halls","floor":39,"gold_loss":0,"cards_obtained":["Writhe"]}],"is_beta":false,"boss_relics":[{"not_picked":["Ectoplasm","Empty Cage"],"picked":"SacredBark"},{"not_picked":["Philosopher\u0027s Stone","REME_DemonsWealth"],"picked":"Tiny House"}],"items_purged_floors":[0,0,0,0,0,0,0],"is_endless":false,"potions_floor_spawned":[6,12,14,22,23,27,38,45,48],"ascension_level":2}}