{"host":"cyiefo55v5hz1ih5","time":1608700448,"event":{"mods":["2.2 Compatiblity","AchievementEnabler","BaseMod","GifTheSpireLib","Hermit","Hubris","Minty Spire (QoL Compilation)","Replay The Spire","Robot Space Explorer","Spicy Shops","StSLib"],"gold_per_floor":[117,128,142,214,214,214,242,270,270,270,270,283,283,283,283,380,380,298,313,325,340,340,368,379,379,379],"floor_reached":25,"playtime":2167,"items_purged":[],"score":271,"play_id":"882b5981-4c1f-45b7-b4bf-cb953e9c8f34","local_time":"20201223001408","is_ascension_mode":true,"campfire_choices":[{"data":"hermit:Shortfuse","floor":6,"key":"SMITH"},{"floor":13,"key":"REST"},{"floor":15,"key":"REST"}],"circlet_count":0,"master_deck":["hermit:Strike_Hermit","hermit:Strike_Hermit","hermit:Defend_Hermit","hermit:Defend_Hermit","hermit:Defend_Hermit","hermit:Defend_Hermit","hermit:Snapshot","hermit:Covet","hermit:Shortfuse+1","hermit:FlashPowder","hermit:Feint","hermit:BigShot","hermit:Adapt","Writhe","Languid","hermit:Enervate","hermit:Misfire","hermit:FlashPowder+1"],"relics":["hermit:Momento","Oddly Smooth Stone","WingedGreaves","Lantern","Mercury Hourglass","Replay:Ancient Bell","Blue Doll","Garlic","TungstenRod","Nloth\u0027s Gift","hubris:CuriousFeather"],"acts_visited":["Exordium","TheCity"],"potions_floor_usage":[7,8,16,19,21,23,23,24],"damage_taken":[{"damage":0,"enemies":"Cultist","floor":1,"turns":4},{"damage":1,"enemies":"Jaw Worm","floor":2,"turns":4},{"damage":0,"enemies":"Small Slimes","floor":3,"turns":2},{"damage":10,"enemies":"Gremlin Nob","floor":7,"turns":4},{"damage":0,"enemies":"3 Sentries","floor":8,"turns":7},{"damage":0,"enemies":"3 Louse","floor":12,"turns":2},{"damage":25,"enemies":"Slime Boss","floor":16,"turns":11},{"damage":18,"enemies":"Shell Parasite","floor":18,"turns":6},{"damage":4,"enemies":"Chosen","floor":19,"turns":8},{"damage":6,"enemies":"Centurion and Healer","floor":20,"turns":11},{"damage":26,"enemies":"Chosen and Byrds","floor":21,"turns":10},{"damage":4,"enemies":"Book of Stabbing","floor":23,"turns":5},{"damage":8,"enemies":"Snecko","floor":24,"turns":7},{"damage":10,"enemies":"3 Cultists","floor":25,"turns":4}],"seed_played":"-80720198113831132","potions_obtained":[{"floor":2,"key":"Strength Potion"},{"floor":7,"key":"EssenceOfSteel"},{"floor":8,"key":"Flashbang"},{"floor":12,"key":"hermit:BlackBile"},{"floor":19,"key":"DuplicationPotion"},{"floor":20,"key":"Reflective Coating"},{"floor":21,"key":"AttackPotion"},{"floor":23,"key":"Weak Potion"}],"is_trial":false,"path_per_floor":["M","M","M","T","?","R","E","E","T","?","?","M","R","?","R","B",null,"M","M","M","M","?","E","M","M"],"character_chosen":"HERMIT","items_purchased":[],"campfire_rested":2,"item_purchase_floors":[],"current_hp_per_floor":[75,74,74,74,74,74,64,64,64,39,32,32,54,54,75,50,75,57,53,47,21,21,17,9,0,0],"gold":379,"neow_bonus":"REMOVE_CARD","is_daily":false,"chose_seed":false,"campfire_upgraded":1,"win_rate":0.0,"timestamp":1608700448,"path_taken":["M","M","?","?","?","R","E","E","T","?","?","?","R","?","R","BOSS","M","?","M","?","?","E","M","?"],"items_purchased_type":[],"build_version":"2020-12-13","purchased_purges":0,"victory":false,"max_hp_per_floor":[75,75,75,75,75,75,75,75,75,75,75,75,75,75,75,75,75,75,75,75,75,75,75,75,75,75],"card_choices":[{"not_picked":["hermit:Roulette","hermit:Malice"],"picked":"hermit:Shortfuse","floor":1},{"not_picked":["hermit:Coalescence","hermit:Shortfuse","hermit:Desperado"],"picked":"SKIP","floor":2},{"not_picked":["hermit:Feint","hermit:TrackingShot"],"picked":"hermit:FlashPowder","floor":3},{"not_picked":["hermit:Shortfuse","hermit:Glare","hermit:Malice"],"picked":"SKIP","floor":7},{"not_picked":["hermit:HoleUp","hermit:GoldenBullet"],"picked":"hermit:Feint","floor":8},{"not_picked":["hermit:HoleUp","hermit:Cheat"],"picked":"hermit:BigShot","floor":12},{"not_picked":["hermit:Magnum","hermit:FromBeyond"],"picked":"hermit:Adapt","floor":16},{"not_picked":["hubris:Sloth","Parasite"],"picked":"Writhe","floor":17},{"not_picked":["hubris:Compulsion","hubris:Disease"],"picked":"Languid","floor":17},{"not_picked":["hubris:Greed","Overencumbered"],"picked":"ReplayTheSpireMod:IOU","floor":17},{"not_picked":["hermit:Purgatory","hermit:Coalescence","hermit:Combo"],"picked":"SKIP","floor":18},{"not_picked":["hermit:Quickdraw","hermit:Spite","hermit:Coalescence+1"],"picked":"SKIP","floor":19},{"not_picked":["hermit:LowProfile","hermit:Gestalt"],"picked":"hermit:Enervate","floor":20},{"not_picked":["hermit:BodyArmor","hermit:ItchyTrigger","hermit:BlackWind"],"picked":"SKIP","floor":21},{"not_picked":["hermit:Maintenance","hermit:Glare"],"picked":"hermit:Misfire","floor":23},{"not_picked":["hermit:BodyArmor","hermit:Misfire"],"picked":"hermit:FlashPowder+1","floor":24}],"player_experience":715275,"relics_obtained":[{"floor":7,"key":"WingedGreaves"},{"floor":8,"key":"Lantern"},{"floor":9,"key":"Mercury Hourglass"},{"floor":23,"key":"hubris:CuriousFeather"}],"event_choices":[{"damage_healed":0,"gold_gain":0,"player_choice":"Box","damage_taken":0,"relics_obtained":["Oddly Smooth Stone"],"max_hp_gain":0,"max_hp_loss":0,"event_name":"Big Fish","floor":5,"gold_loss":0,"cards_obtained":["Regret"]},{"damage_healed":0,"gold_gain":0,"player_choice":"Success","damage_taken":25,"relics_obtained":["hubris:OldNail"],"max_hp_gain":0,"max_hp_loss":0,"event_name":"Scrap Ooze","floor":10,"gold_loss":0},{"cards_removed":["hermit:Strike_Hermit"],"damage_healed":0,"gold_gain":0,"player_choice":"Card Removal","damage_taken":7,"max_hp_gain":0,"max_hp_loss":0,"event_name":"Golden Wing","floor":11,"gold_loss":0},{"cards_removed":["Regret"],"damage_healed":0,"gold_gain":0,"player_choice":"Removed Curses","damage_taken":0,"max_hp_gain":0,"max_hp_loss":0,"event_name":"Fountain of Cleansing","floor":14,"gold_loss":0},{"damage_healed":0,"gold_gain":0,"player_choice":"Traded Relic","damage_taken":0,"relics_obtained":["Nloth\u0027s Gift"],"max_hp_gain":0,"max_hp_loss":0,"event_name":"N\u0027loth","floor":22,"relics_lost":["hubris:OldNail"],"gold_loss":0}],"is_beta":false,"boss_relics":[{"not_picked":["hermit:ClaspedLocket","Runic Pyramid"],"picked":"Replay:Ancient Bell"},{"not_picked":["Pet Ghost","hubris:SlimyHat"],"picked":"Blue Doll"},{"not_picked":["Blue Candle","Onion Ring"],"picked":"Garlic"},{"not_picked":["StoneCalendar","Counterbalance"],"picked":"TungstenRod"}],"items_purged_floors":[],"is_endless":false,"potions_floor_spawned":[2,7,8,12,19,20,21,23],"killed_by":"3 Cultists","ascension_level":1}}