{"host":"hd496gdorkfoob6n","time":1608732418,"event":{"mods":["2.2 Compatiblity","BaseMod","Colored Map","Downfall","Minty Spire (QoL Compilation)","StSLib"],"gold_per_floor":[99,118,131,131,131,131,431,443,472,482,501,188,113,113,128,128,128,128],"floor_reached":16,"playtime":1208,"items_purged":["champ:Strike"],"score":102,"play_id":"cbdd861a-faf0-42a2-b1c8-56d851d92e2c","local_time":"20201223090658","is_ascension_mode":false,"campfire_choices":[{"data":"champ:Taunt","floor":1.0,"key":"SMITH"},{"floor":6.0,"key":"RECALL"},{"floor":13.0,"key":"REST"}],"circlet_count":0,"master_deck":["champ:Strike","champ:Strike","champ:Strike","champ:Defend","champ:Defend","champ:Execute","champ:Taunt+1","champ:DefensiveShout","champ:TornadoPunch","champ:FlashCut","champ:FalseCounter","champ:Haymaker","champ:GladiatorsShout","champ:FlashCut","champ:CrookedStrike","champ:IronFortress","champ:FalseCounter","champ:DefensiveStyle"],"relics":["champ:ChampionCrown","downfall:ShatteredFragment","Old Coin","Shuriken","Vajra","downfall:HeartBlessingRed"],"acts_visited":["Exordium"],"potions_floor_usage":[16],"damage_taken":[{"damage":7.0,"enemies":"Small Slimes","floor":2.0,"turns":4.0},{"damage":2.0,"enemies":"2 Louse","floor":3.0,"turns":2.0},{"damage":0.0,"enemies":"Cultist","floor":8.0,"turns":3.0},{"damage":25.0,"enemies":"3 Sentries","floor":9.0,"turns":6.0},{"damage":10.0,"enemies":"Exordium Thugs","floor":10.0,"turns":3.0},{"damage":1.0,"enemies":"Blue Slaver","floor":11.0,"turns":3.0},{"damage":5.0,"enemies":"downfall:FleeingMerchant","floor":12.0,"turns":4.0},{"damage":7.0,"enemies":"Red Slaver","floor":15.0,"turns":3.0},{"damage":40,"enemies":"downfall:Defect","floor":16,"turns":5}],"seed_played":"2867838097761644852","potions_obtained":[{"floor":10.0,"key":"PowerPotion"},{"floor":11.0,"key":"SpeedPotion"},{"floor":15.0,"key":"Weak Potion"}],"is_trial":false,"path_per_floor":["R","M","M","?","?","R","T","M","E","M","M","$","R","?","M","B"],"character_chosen":"THE_CHAMP","items_purchased":["champ:IronFortress","Vajra"],"campfire_rested":1,"item_purchase_floors":[12,12],"current_hp_per_floor":[90,88,86,59,59,59,59,59,34,24,23,18,45,45,38,0,0,0],"gold":128,"neow_bonus":"TRANSFORM_CARD","is_daily":false,"chose_seed":false,"campfire_upgraded":1,"win_rate":0.0,"timestamp":1608732418,"path_taken":["R","M","M","?","?","R","T","?","E","M","M","?","R","?","M","BOSS"],"items_purchased_type":["Card","Relic"],"build_version":"2020-12-13","purchased_purges":1,"victory":false,"max_hp_per_floor":[90,90,90,90,90,90,90,90,90,90,90,90,90,90,90,90,90,90],"card_choices":[{"not_picked":["champ:FanOfKnives","champ:BerserkersShout"],"picked":"champ:TornadoPunch","floor":2.0},{"not_picked":["champ:BerserkersShout","champ:BladeFlurry"],"picked":"champ:FlashCut","floor":3.0},{"not_picked":["champ:Encircle","champ:HeartStrike"],"picked":"champ:FalseCounter","floor":8.0},{"not_picked":["champ:AdrenalArmor","champ:TornadoPunch"],"picked":"champ:Haymaker","floor":9.0},{"not_picked":["champ:LastStand","champ:GutPunch"],"picked":"champ:GladiatorsShout","floor":10.0},{"not_picked":["champ:ViciousMockery","champ:FalseCounter"],"picked":"champ:FlashCut","floor":11.0},{"not_picked":["champ:Backstep","champ:FalseCounter"],"picked":"champ:CrookedStrike","floor":12.0},{"not_picked":["champ:BringItOn","champ:FanOfKnives"],"picked":"champ:DefensiveStyle","floor":15.0}],"player_experience":55915,"relics_obtained":[{"floor":7.0,"key":"Old Coin"},{"floor":9.0,"key":"Shuriken"}],"event_choices":[{"damage_healed":0.0,"max_hp_gain":0.0,"max_hp_loss":0.0,"gold_gain":0.0,"event_name":"FaceTrader","player_choice":"Leave","floor":5.0,"gold_loss":0.0,"damage_taken":0.0},{"damage_healed":0.0,"max_hp_gain":0.0,"max_hp_loss":0.0,"gold_gain":0.0,"cards_transformed":["champ:Defend"],"event_name":"Transmorgrifier","player_choice":"Transformed","floor":14.0,"gold_loss":0.0,"damage_taken":0.0,"cards_obtained":["champ:FalseCounter"]}],"is_beta":false,"boss_relics":[],"items_purged_floors":[12],"is_endless":false,"potions_floor_spawned":[10,11,15],"killed_by":"downfall:Defect","ascension_level":0}}