{"host":"9rxgn077cyjlend4","time":1608747142,"event":{"mods":["BaseMod","Minty Spire (QoL Compilation)","StSLib"],"gold_per_floor":[111,131,131,27,27,61,12,43,43,43,43,62,112,123,123,196,196,207,233,21,21,1,1,1],"floor_reached":23,"playtime":816,"items_purged":["Strike_G"],"score":341,"play_id":"e2b1d42e-a2fc-4eb3-912d-28eb7528cccf","local_time":"20201223181222","is_ascension_mode":true,"campfire_choices":[{"floor":11,"key":"REST"},{"floor":15,"key":"REST"}],"circlet_count":0,"master_deck":["AscendersBane","Strike_G","Strike_G","Strike_G","Defend_G","Defend_G","Defend_G","Defend_G","Defend_G","Survivor","Neutralize","Predator","Dagger Throw","Backflip","Envenom","Poisoned Stab","Skewer","Noxious Fumes","Wraith Form v2","Leg Sweep","Crippling Poison","Decay","Footwork"],"relics":["HoveringKite","Blue Candle","Tiny Chest","Shuriken","FaceOfCleric","Art of War","Fusion Hammer","Bronze Scales","Membership Card"],"acts_visited":["Exordium","TheCity"],"potions_floor_usage":[16,23],"damage_taken":[{"damage":7,"enemies":"Cultist","floor":1,"turns":5},{"damage":0,"enemies":"Jaw Worm","floor":2,"turns":5},{"damage":12,"enemies":"3 Sentries","floor":6,"turns":8},{"damage":28,"enemies":"Gremlin Nob","floor":8,"turns":4},{"damage":3,"enemies":"Small Slimes","floor":12,"turns":3},{"damage":6,"enemies":"Red Slaver","floor":14,"turns":5},{"damage":36,"enemies":"The Guardian","floor":16,"turns":10},{"damage":27,"enemies":"Spheric Guardian","floor":18,"turns":6},{"damage":27,"enemies":"Slavers","floor":23,"turns":6}],"seed_played":"-5231299599763150645","potions_obtained":[{"floor":8,"key":"CultistPotion"},{"floor":12,"key":"Dexterity Potion"},{"floor":16,"key":"Dexterity Potion"},{"floor":18,"key":"LiquidMemories"}],"is_trial":false,"path_per_floor":["M","M","$","$","?","E","$","E","T","?","R","M","T","M","R","B",null,"M","T","$","?","$","E"],"character_chosen":"THE_SILENT","items_purchased":["Dagger Throw","Backflip","Poisoned Stab","Membership Card","Crippling Poison","Footwork"],"campfire_rested":2,"item_purchase_floors":[4,4,7,20,20,22],"current_hp_per_floor":[52,52,52,52,45,33,33,5,5,5,24,22,22,17,37,2,52,26,26,26,26,26,0,0],"gold":1,"neow_bonus":"BOSS_RELIC","is_daily":false,"chose_seed":false,"campfire_upgraded":0,"win_rate":0.0,"timestamp":1608747142,"path_taken":["M","M","?","$","?","E","$","E","T","?","R","?","?","M","R","BOSS","M","?","$","?","$","E"],"items_purchased_type":["Card","Card","Card","Relic","Card","Card"],"build_version":"2020-12-22","purchased_purges":1,"victory":false,"max_hp_per_floor":[66,66,66,66,66,66,66,66,66,66,66,67,67,68,68,69,69,70,70,70,70,70,70,70],"card_choices":[{"not_picked":["Bane","Accuracy","Cloak And Dagger"],"picked":"SKIP","floor":1},{"not_picked":["Underhanded Strike","Calculated Gamble"],"picked":"Predator","floor":2},{"not_picked":["After Image","Backflip"],"picked":"Envenom","floor":6},{"not_picked":["Deflect","Cloak And Dagger"],"picked":"Skewer","floor":8},{"not_picked":["Poisoned Stab","Terror","Cloak And Dagger"],"picked":"SKIP","floor":12},{"not_picked":["Underhanded Strike","Flying Knee"],"picked":"Noxious Fumes","floor":14},{"not_picked":["Unload","Phantasmal Killer"],"picked":"Wraith Form v2","floor":16},{"not_picked":["Heel Hook","Catalyst"],"picked":"Leg Sweep","floor":18}],"player_experience":668125,"relics_obtained":[{"floor":6,"key":"Blue Candle"},{"floor":8,"key":"Tiny Chest"},{"floor":9,"key":"Shuriken"},{"floor":13,"key":"Art of War"},{"floor":19,"key":"Bronze Scales"}],"event_choices":[{"cards_removed":["Strike_G"],"damage_healed":0,"gold_gain":0,"player_choice":"Card Removal","damage_taken":7,"max_hp_gain":0,"max_hp_loss":0,"event_name":"Golden Wing","floor":5,"gold_loss":0},{"damage_healed":0,"gold_gain":0,"player_choice":"Trade","damage_taken":0,"relics_obtained":["FaceOfCleric"],"max_hp_gain":0,"max_hp_loss":0,"event_name":"FaceTrader","floor":10,"gold_loss":0},{"damage_healed":0,"gold_gain":0,"player_choice":"Smashed Altar","damage_taken":0,"max_hp_gain":0,"max_hp_loss":0,"event_name":"Forgotten Altar","floor":21,"gold_loss":0,"cards_obtained":["Decay"]}],"is_beta":false,"boss_relics":[{"not_picked":["Calling Bell","Black Star"],"picked":"Fusion Hammer"}],"items_purged_floors":[20],"is_endless":false,"potions_floor_spawned":[8,12,16,18],"killed_by":"Slavers","ascension_level":15}}