{"host":"2461dio7vetlq1z3","time":1608700007,"event":{"mods":["2.2 Compatiblity","AchievementEnabler","BaseMod","Better Third Choice","Hermit","Marisa????????","Minty Spire (QoL Compilation)","Relic Stats","Replay The Spire","Spicy Shops","StSLib","The Runesmith","Waifu the Spire"],"gold_per_floor":[111,111,131,148,148,148,182,182,182,182,182,71,100,120,120,193,193,205,205,217,48,48,48,48,48],"floor_reached":24,"playtime":1109,"items_purged":["Strike_R"],"score":404,"play_id":"3a202ef0-d039-42dc-b116-ba7a3c692f5f","local_time":"20201223060647","is_ascension_mode":true,"campfire_choices":[{"data":"Combust","floor":6,"key":"SMITH"},{"data":"Bash","floor":8,"key":"SMITH"},{"floor":10,"key":"REST"},{"floor":15,"key":"REST"},{"data":"Immolate","floor":23,"key":"SMITH"}],"circlet_count":0,"master_deck":["AscendersBane","Strike_R","Strike_R","Strike_R","Defend_R","Defend_R","Defend_R","Defend_R","Bash+1","Combust+1","DeceiveReality+1","Pommel Strike","Run Through","Pot Of Greed","Pot Of Greed","Cleave","True Grit+1","Sever Soul","Immolate+1","Disarm","Feed","Perfected Strike+1","Hemokinesis"],"relics":["ReplayTheSpireMod:DimensionalGlitch","Pet Ghost","Bottled Lightning","Juzu Bracelet","InkBottle","Black Star","Nloth\u0027s Gift","Orrery"],"acts_visited":["Exordium","TheCity"],"potions_floor_usage":[7],"damage_taken":[{"damage":11,"enemies":"Small Slimes","floor":1,"turns":4},{"damage":0,"enemies":"Jaw Worm","floor":3,"turns":4},{"damage":0,"enemies":"Cultist","floor":4,"turns":2},{"damage":12,"enemies":"Gremlin Nob","floor":7,"turns":3},{"damage":22,"enemies":"Lagavulin","floor":13,"turns":7},{"damage":6,"enemies":"Lots of Slimes","floor":14,"turns":3},{"damage":19,"enemies":"The Guardian","floor":16,"turns":17},{"damage":5,"enemies":"2 Thieves","floor":18,"turns":5},{"damage":15,"enemies":"Spheric Guardian","floor":20,"turns":4},{"damage":45,"enemies":"3 Cultists","floor":24,"turns":4}],"seed_played":"-2948544206768801357","potions_obtained":[{"floor":1,"key":"ColorlessPotion"},{"floor":4,"key":"SpeedPotion"},{"floor":16,"key":"Elixir"},{"floor":18,"key":"SteroidPotion"},{"floor":20,"key":"Adrenaline Potion"}],"is_trial":false,"path_per_floor":["M","?","M","M","T","R","E","R","T","R","?","$","E","M","R","B",null,"M","?","M","$","?","R","M"],"character_chosen":"IRONCLAD","items_purchased":["True Grit+1","Orrery"],"campfire_rested":2,"item_purchase_floors":[12,21],"current_hp_per_floor":[57,34,34,34,34,34,22,22,22,44,44,44,22,16,38,19,61,56,56,41,41,41,41,0,0],"gold":48,"neow_bonus":"BOSS_RELIC","is_daily":false,"chose_seed":false,"campfire_upgraded":3,"win_rate":0.0,"timestamp":1608700007,"path_taken":["M","?","M","M","?","R","E","R","T","R","?","?","E","M","R","BOSS","M","?","M","$","?","R","M"],"items_purchased_type":["Card","Relic"],"build_version":"2020-12-13","purchased_purges":1,"victory":false,"max_hp_per_floor":[75,75,75,75,75,75,75,75,75,75,75,75,75,75,75,75,75,75,75,75,75,75,75,78,78],"relic_stats":{"counters":[10,53],"Juzu Bracelet":2,"Black Star":0,"Nloth\u0027s Gift":0,"obtain_stats":[{"Orrery":21,"Juzu Bracelet":9,"Black Star":17,"Nloth\u0027s Gift":19,"Bottled Lightning":5,"Grinning Jar":7,"ReplayTheSpireMod:DimensionalGlitch":0,"Burning Blood":0,"Pet Ghost":2,"InkBottle":13},{"Orrery":9,"Juzu Bracelet":4,"Black Star":7,"Nloth\u0027s Gift":8,"Bottled Lightning":3,"Grinning Jar":4,"ReplayTheSpireMod:DimensionalGlitch":0,"Burning Blood":0,"Pet Ghost":1,"InkBottle":5},{"Orrery":49,"Juzu Bracelet":13,"Black Star":40,"Nloth\u0027s Gift":45,"Bottled Lightning":10,"Grinning Jar":13,"ReplayTheSpireMod:DimensionalGlitch":0,"Burning Blood":0,"Pet Ghost":4,"InkBottle":20}],"InkBottle":[12]},"card_choices":[{"not_picked":["Run Through","Fire Breathing"],"picked":"Combust","floor":1},{"not_picked":["Body Slam","True Grit"],"picked":"Pommel Strike","floor":3},{"not_picked":["Clash","Ghostly Armor"],"picked":"Run Through","floor":4},{"not_picked":["Evolve","Defy Death"],"picked":"Cleave","floor":7},{"not_picked":["Cleave","Run Through"],"picked":"Sever Soul","floor":13},{"not_picked":["Rupture","Havoc","Iron Wave"],"picked":"SKIP","floor":14},{"not_picked":["Offering","Impervious"],"picked":"Immolate","floor":16},{"not_picked":["Replay:Undeath\u0027s Touch","Whirlwind"],"picked":"Disarm","floor":18},{"not_picked":["Wild Strike","Run Through","Thunderclap"],"picked":"SKIP","floor":20},{"not_picked":["Headbutt","Metallicize"],"picked":"Feed","floor":21},{"not_picked":["Intimidate","Thunderclap"],"picked":"Perfected Strike+1","floor":21},{"not_picked":["Iron Wave","Havoc"],"picked":"Hemokinesis","floor":21}],"player_experience":964062,"relics_obtained":[{"floor":5,"key":"Bottled Lightning"},{"floor":7,"key":"Grinning Jar"},{"floor":9,"key":"Juzu Bracelet"},{"floor":13,"key":"InkBottle"}],"event_choices":[{"cards_removed":["Strike_R"],"damage_healed":0,"gold_gain":0,"player_choice":"Purged","damage_taken":0,"max_hp_gain":0,"max_hp_loss":0,"event_name":"Purifier","floor":11,"gold_loss":0},{"damage_healed":0,"gold_gain":0,"player_choice":"Traded Relic","damage_taken":0,"relics_obtained":["Nloth\u0027s Gift"],"max_hp_gain":0,"max_hp_loss":0,"event_name":"N\u0027loth","floor":19,"relics_lost":["Grinning Jar"],"gold_loss":0}],"is_beta":false,"boss_relics":[{"not_picked":["Fusion Hammer","SlaversCollar"],"picked":"Black Star"}],"items_purged_floors":[12],"is_endless":false,"potions_floor_spawned":[1,4,16,18,20],"killed_by":"3 Cultists","ascension_level":20}}