{"host":"7krnriczr1b2ou5r","time":1608697827,"event":{"mods":["BaseMod","Keyboard Shortcuts","Minty Spire (QoL Compilation)","Relic Stats","StSLib"],"gold_per_floor":[114,131,142,142,67,67,94,94,94,94,112,112,155,171,171,264,264,283,17,32,50,50,50,50,50,50,74,92,123,80,123,123,221,221,239,260,260,74,94,132,152,186,186,229,229,55,80,95,95,95,95,95,95,95,129,129],"floor_reached":57,"playtime":2679,"items_purged":["Strike_P","Defend_P"],"score":2944,"play_id":"85dd8e76-1b42-49b2-b621-f4d2359cea29","local_time":"20201223133027","is_ascension_mode":true,"campfire_choices":[{"data":"Eruption","floor":6.0,"key":"SMITH"},{"data":"ReachHeaven","floor":8.0,"key":"SMITH"},{"data":"CrushJoints","floor":15.0,"key":"SMITH"},{"data":"Study","floor":23.0,"key":"SMITH"},{"data":"MasterReality","floor":25.0,"key":"SMITH"},{"data":"JustLucky","floor":32.0,"key":"SMITH"},{"data":"MentalFortress","floor":49,"key":"SMITH"},{"data":"Sanctity","floor":53,"key":"SMITH"}],"circlet_count":0,"master_deck":["AscendersBane","Eruption+1","Vigilance","JustLucky+1","Sanctity+1","Evaluate","EmptyFist","FlurryOfBlows","ReachHeaven+1","CrushJoints+1","MasterReality+1","Halt","FollowUp","FearNoEvil+1","Adaptation+1","TalkToTheHand+1","Study+1","MentalFortress+1","Deep Breath","TalkToTheHand+1"],"relics":["PureWater","Matryoshka","Darkstone Periapt","Kunai","Pantograph","Gremlin Horn","Unceasing Top","Golden Idol","Pear","Sozu","Strange Spoon","Sundial","Eternal Feather","Molten Egg 2","TheAbacus","Blue Candle","Red Mask","Runic Pyramid","Pen Nib","Letter Opener","Singing Bowl","Toxic Egg 2","Centennial Puzzle"],"acts_visited":["Exordium","TheCity","TheBeyond","TheEnding"],"potions_floor_usage":[56,56],"damage_taken":[{"damage":0.0,"enemies":"2 Louse","floor":1.0,"turns":2.0},{"damage":0.0,"enemies":"Jaw Worm","floor":2.0,"turns":2.0},{"damage":0.0,"enemies":"Small Slimes","floor":3.0,"turns":3.0},{"damage":8.0,"enemies":"Lagavulin","floor":7.0,"turns":6.0},{"damage":4.0,"enemies":"Looter","floor":11.0,"turns":2.0},{"damage":2.0,"enemies":"3 Sentries","floor":13.0,"turns":3.0},{"damage":0.0,"enemies":"2 Fungi Beasts","floor":14.0,"turns":3.0},{"damage":35.0,"enemies":"Hexaghost","floor":16.0,"turns":5.0},{"damage":7.0,"enemies":"3 Byrds","floor":18.0,"turns":4.0},{"damage":21.0,"enemies":"Shell Parasite","floor":20.0,"turns":3.0},{"damage":3.0,"enemies":"Snecko","floor":21.0,"turns":3.0},{"damage":23.0,"enemies":"Chosen and Byrds","floor":27.0,"turns":7.0},{"damage":6.0,"enemies":"Snake Plant","floor":28.0,"turns":2.0},{"damage":28.0,"enemies":"Slavers","floor":29.0,"turns":3.0},{"damage":1.0,"enemies":"Masked Bandits","floor":31.0,"turns":3.0},{"damage":0.0,"enemies":"Automaton","floor":33.0,"turns":5.0},{"damage":1,"enemies":"3 Shapes","floor":35,"turns":2},{"damage":5,"enemies":"Orb Walker","floor":36,"turns":3},{"damage":6,"enemies":"Jaw Worm Horde","floor":39,"turns":2},{"damage":1,"enemies":"Reptomancer","floor":40,"turns":2},{"damage":0,"enemies":"Writhing Mass","floor":41,"turns":2},{"damage":3,"enemies":"Giant Head","floor":42,"turns":4},{"damage":1,"enemies":"Nemesis","floor":44,"turns":5},{"damage":1,"enemies":"Transient","floor":47,"turns":6},{"damage":1,"enemies":"4 Shapes","floor":48,"turns":3},{"damage":5,"enemies":"Donu and Deca","floor":50,"turns":5},{"damage":27,"enemies":"Awakened One","floor":51,"turns":6},{"damage":13,"enemies":"Shield and Spear","floor":55,"turns":5},{"damage":41,"enemies":"The Heart","floor":56,"turns":7}],"seed_played":"-2501384822452996756","potions_obtained":[{"floor":7.0,"key":"LiquidBronze"},{"floor":11.0,"key":"SteroidPotion"}],"is_trial":false,"path_per_floor":["M","M","M","?","$","R","E","R","T","T","M","?","E","M","R","B",null,"M","$","M","M","?","R","?","R","T","M","M","E","$","?","R","B",null,"M","M","?","$","M","E","M","E","T","E","?","$","M","M","R","B","B",null,"R","$","E","B",null],"character_chosen":"WATCHER","items_purchased":["Study","Strange Spoon","FollowUp","TalkToTheHand+1","MentalFortress","Deep Breath","TalkToTheHand+1"],"campfire_rested":0,"item_purchase_floors":[19,19,19,30,38,38,46],"current_hp_per_floor":[43,43,43,32,32,32,24,24,24,24,20,20,28,28,28,18,59,52,52,31,28,34,46,62,74,74,51,45,57,57,56,65,78,78,77,72,72,72,66,65,65,62,62,63,63,63,64,65,77,79,57,77,84,84,73,45],"gold":129,"neow_bonus":"TRANSFORM_TWO_CARDS","is_daily":false,"chose_seed":false,"campfire_upgraded":8,"win_rate":0.0,"timestamp":1608697827,"path_taken":["M","M","M","?","$","R","E","R","T","?","M","?","E","M","R","BOSS","M","$","M","M","?","R","?","R","T","M","?","E","$","?","R","BOSS","M","M","?","$","M","E","M","E","T","E","?","$","M","M","R","BOSS","BOSS","R","$","E","BOSS"],"items_purchased_type":["Card","Relic","Card","Card","Card","Card","Card"],"build_version":"2020-12-13","purchased_purges":2,"victory":true,"max_hp_per_floor":[68,68,68,68,68,68,68,68,68,68,68,62,72,72,72,72,72,72,72,72,72,78,78,78,78,78,78,78,78,78,78,78,78,78,78,78,78,78,78,78,78,78,78,80,80,80,82,84,84,84,84,84,84,84,86,86],"relic_stats":{"Darkstone Periapt":6,"Gremlin Horn":[24,24],"Singing Bowl":8,"counters":[29,108],"Golden Idol":198,"Blue Candle":[7],"Eternal Feather":52,"Pen Nib":[24],"Letter Opener":[221],"Sozu":8,"Strange Spoon":[71],"Centennial Puzzle":[3],"TheAbacus":[216],"Sundial":[24],"Pantograph":63,"Kunai":[109],"obtain_stats":[{"Darkstone Periapt":7,"Pear":13,"Gremlin Horn":10,"Singing Bowl":43,"Golden Idol":12,"Blue Candle":29,"Eternal Feather":22,"Pen Nib":40,"Letter Opener":42,"Sozu":17,"Strange Spoon":19,"Centennial Puzzle":55,"Matryoshka":4,"TheAbacus":28,"Sundial":19,"Pantograph":9,"Molten Egg 2":26,"Red Mask":31,"Kunai":9,"PureWater":0,"Toxic Egg 2":44,"Unceasing Top":10,"Runic Pyramid":34},{"Darkstone Periapt":4,"Pear":6,"Gremlin Horn":4,"Singing Bowl":22,"Golden Idol":5,"Blue Candle":14,"Eternal Feather":11,"Pen Nib":20,"Letter Opener":22,"Sozu":8,"Strange Spoon":9,"Centennial Puzzle":28,"Matryoshka":3,"TheAbacus":13,"Sundial":9,"Pantograph":4,"Molten Egg 2":11,"Red Mask":15,"Kunai":4,"PureWater":0,"Toxic Egg 2":23,"Unceasing Top":4,"Runic Pyramid":16},{"Darkstone Periapt":13,"Pear":18,"Gremlin Horn":13,"Singing Bowl":71,"Golden Idol":15,"Blue Candle":48,"Eternal Feather":36,"Pen Nib":65,"Letter Opener":71,"Sozu":26,"Strange Spoon":30,"Centennial Puzzle":101,"Matryoshka":7,"TheAbacus":45,"Sundial":30,"Pantograph":13,"Molten Egg 2":36,"Red Mask":51,"Kunai":13,"PureWater":0,"Toxic Egg 2":76,"Unceasing Top":13,"Runic Pyramid":56}],"Unceasing Top":[45]},"card_choices":[{"not_picked":["PathToVictory","BattleHymn"],"picked":"Evaluate","floor":1.0},{"not_picked":["JustLucky","BowlingBash"],"picked":"EmptyFist","floor":2.0},{"not_picked":["CutThroughFate","Meditate"],"picked":"FlurryOfBlows","floor":3.0},{"not_picked":["Protect","WaveOfTheHand","ReachHeaven"],"picked":"SKIP","floor":7.0},{"not_picked":["Protect","WaveOfTheHand"],"picked":"ReachHeaven","floor":7.0},{"not_picked":["ClearTheMind","Protect","Evaluate"],"picked":"SKIP","floor":11.0},{"not_picked":["Protect","Evaluate"],"picked":"CrushJoints","floor":13.0},{"not_picked":["CarveReality","Devotion","CrushJoints"],"picked":"SKIP","floor":14.0},{"not_picked":["CarveReality","Devotion","CrushJoints"],"picked":"SKIP","floor":14.0},{"not_picked":["DevaForm","ConjureBlade"],"picked":"MasterReality","floor":16.0},{"not_picked":["Crescendo+1","Conclude"],"picked":"Halt","floor":18.0},{"not_picked":["Fasting2","Evaluate","EmptyFist"],"picked":"SKIP","floor":20.0},{"not_picked":["CutThroughFate","Consecrate","EmptyBody"],"picked":"SKIP","floor":21.0},{"not_picked":["Omniscience","WindmillStrike+1","Protect"],"picked":"SKIP","floor":27.0},{"not_picked":["SandsOfTime+1","Protect"],"picked":"FearNoEvil+1","floor":28.0},{"not_picked":["Halt+1","LikeWater","Consecrate+1"],"picked":"SKIP","floor":29.0},{"not_picked":["LikeWater","FollowUp+1","BattleHymn"],"picked":"SKIP","floor":35},{"not_picked":["ReachHeaven+1","PathToVictory+1","Evaluate"],"picked":"SKIP","floor":36},{"not_picked":["FearNoEvil+1","CutThroughFate+1","EmptyFist+1"],"picked":"SKIP","floor":39},{"not_picked":["ThirdEye+1","Collect+1","WaveOfTheHand"],"picked":"SKIP","floor":40},{"not_picked":["EmptyMind","Omniscience","Prostrate+1"],"picked":"SKIP","floor":41},{"not_picked":["ReachHeaven+1","EmptyBody","PathToVictory"],"picked":"SKIP","floor":42},{"not_picked":["CrushJoints+1","CutThroughFate+1","FollowUp+1"],"picked":"Singing Bowl","floor":44},{"not_picked":["Sanctity+1","DeceiveReality+1","Nirvana+1"],"picked":"Singing Bowl","floor":47},{"not_picked":["Vengeance+1","ReachHeaven+1","SashWhip+1"],"picked":"Singing Bowl","floor":48},{"not_picked":["Evaluate+1","CutThroughFate+1","Crescendo+1"],"picked":"Singing Bowl","floor":55}],"player_experience":1039613,"relics_obtained":[{"floor":7.0,"key":"Darkstone Periapt"},{"floor":9.0,"key":"Kunai"},{"floor":9.0,"key":"Pantograph"},{"floor":10.0,"key":"Gremlin Horn"},{"floor":10.0,"key":"Unceasing Top"},{"floor":13.0,"key":"Pear"},{"floor":26.0,"key":"Molten Egg 2"},{"floor":29.0,"key":"Blue Candle"},{"floor":31.0,"key":"Red Mask"},{"floor":40,"key":"Pen Nib"},{"floor":42,"key":"Letter Opener"},{"floor":43,"key":"Singing Bowl"},{"floor":44,"key":"Toxic Egg 2"},{"floor":55,"key":"Centennial Puzzle"}],"event_choices":[{"damage_healed":0.0,"max_hp_gain":0.0,"max_hp_loss":0.0,"gold_gain":0.0,"event_name":"Scrap Ooze","player_choice":"Success","floor":4.0,"gold_loss":0.0,"damage_taken":11.0,"relics_obtained":["Matryoshka"]},{"damage_healed":0.0,"max_hp_gain":0.0,"max_hp_loss":6.0,"gold_gain":0.0,"event_name":"Golden Idol","player_choice":"Lose Max HP","floor":12.0,"gold_loss":0.0,"damage_taken":0.0,"relics_obtained":["Golden Idol"]},{"damage_healed":0.0,"max_hp_gain":0.0,"max_hp_loss":0.0,"gold_gain":0.0,"event_name":"The Mausoleum","player_choice":"Opened","floor":22.0,"gold_loss":0.0,"damage_taken":0.0,"relics_obtained":["Eternal Feather"],"cards_obtained":["Writhe"]},{"damage_healed":16.0,"max_hp_gain":0.0,"max_hp_loss":0.0,"gold_gain":0.0,"event_name":"The Library","player_choice":"Heal","floor":24.0,"gold_loss":0.0,"damage_taken":0.0},{"damage_healed":0.0,"max_hp_gain":0.0,"max_hp_loss":0.0,"gold_gain":0.0,"event_name":"Masked Bandits","player_choice":"Fought Bandits","floor":31.0,"gold_loss":0.0,"damage_taken":0.0},{"cards_removed":["Study"],"damage_healed":0,"gold_gain":0,"player_choice":"Removed Power","damage_taken":0,"max_hp_gain":0,"max_hp_loss":0,"event_name":"Falling","floor":37,"gold_loss":0},{"damage_healed":0,"gold_gain":0,"player_choice":"Ignored","damage_taken":0,"max_hp_gain":0,"max_hp_loss":0,"event_name":"SecretPortal","floor":45,"gold_loss":0}],"is_beta":false,"boss_relics":[{"not_picked":["Busted Crown","Ectoplasm"],"picked":"Sozu"},{"not_picked":["Empty Cage","Coffee Dripper"],"picked":"Runic Pyramid"}],"items_purged_floors":[5,46],"is_endless":false,"potions_floor_spawned":[7,11,14,16,21,27,28,35,40,41,42,55],"ascension_level":20}}