{"host":"8xt6qtpg1rkermdd","time":1608719862,"event":{"mods":["AchievementEnabler","Astrologer","Bard","BaseMod","Colored Powertips","Downfall","Hermit","Highlight Path","Hubris","Infinite Spire","Jorbs\u0027s Wanderer Trilogy","Marisa????????","Minty Spire (QoL Compilation)","Replay The Spire","Shade Mod","StSLib","The Blackbeard","The Bladedancer","The Bug Knight","The Construct","The Cursed","The Disciple","The Dragon Tamer","The Gatherer","The Hayseed","The Marked","The Necromancer","The Runesmith","The Servant 0.9.4","TheArtist"],"gold_per_floor":[111,122,122,140,240,240,253,273,322,322,340,359,50,65,65,65,65],"floor_reached":16,"playtime":756,"items_purged":[],"score":96,"play_id":"6b39c804-4928-4fd4-860e-fcc53c60293f","local_time":"20201223043742","is_ascension_mode":false,"campfire_choices":[{"data":"Cleave","floor":6,"key":"SMITH"},{"data":"Body Slam","floor":10,"key":"SMITH"},{"floor":15,"key":"REST"}],"circlet_count":0,"master_deck":["Strike_R","Strike_R","Strike_R","Strike_R","Strike_R","Defend_R","Defend_R","Defend_R","Defend_R","Bash","Body Slam+1","Iron Wave","Cleave+1","ReplayTheSpireMod:LeadingStrike","ReplayTheSpireMod:LeadingStrike","Rampage","Thunderclap","Life Link+1","Flex","Pommel Strike","Anger"],"relics":["HollowMod:VesselMask","infinitespire:PuzzleCube","infinitespire:Cubic Diamond","Boot","Regal Pillow"],"acts_visited":["Exordium"],"potions_floor_usage":[],"damage_taken":[{"damage":6,"enemies":"Jaw Worm","floor":1,"turns":3},{"damage":6,"enemies":"Cultist","floor":2,"turns":3},{"damage":2,"enemies":"Small Slimes","floor":4,"turns":4},{"damage":14,"enemies":"Blue Slaver","floor":7,"turns":3},{"damage":21,"enemies":"Gremlin Gang","floor":8,"turns":4},{"damage":14,"enemies":"3 Louse","floor":11,"turns":2},{"damage":1,"enemies":"Large Slime","floor":12,"turns":6},{"damage":14,"enemies":"Exordium Wildlife","floor":14,"turns":3},{"damage":55,"enemies":"Slime Boss","floor":16,"turns":11}],"seed_played":"-1817412750868526854","potions_obtained":[{"floor":1,"key":"Block Potion"},{"floor":8,"key":"Block Potion"},{"floor":11,"key":"LifebloodPotion"},{"floor":14,"key":"SteroidPotion"}],"is_trial":false,"path_per_floor":["M","M","?","M","?","R","M","M","T","R","M","M","$","M","R","B"],"character_chosen":"IRONCLAD","items_purchased":["Regal Pillow","Life Link+1","Flex","Pommel Strike"],"campfire_rested":1,"item_purchase_floors":[13,13,13,13],"current_hp_per_floor":[80,80,80,78,78,78,64,43,43,43,29,28,28,14,53,0,0],"gold":65,"neow_bonus":"RANDOM_COMMON_RELIC","is_daily":false,"chose_seed":false,"campfire_upgraded":2,"win_rate":0.0,"timestamp":1608719862,"path_taken":["M","M","?","M","?","R","M","M","T","R","?","M","$","M","R","BOSS"],"items_purchased_type":["Relic","Card","Card","Card"],"build_version":"2020-12-22","purchased_purges":0,"victory":false,"max_hp_per_floor":[80,80,80,80,80,80,80,80,80,80,80,80,80,80,80,80,80],"card_choices":[{"not_picked":["ReplayTheSpireMod:LeadingStrike","Clash"],"picked":"Body Slam","floor":1},{"not_picked":["Shrug It Off","Combust"],"picked":"Iron Wave","floor":2},{"not_picked":["Clothesline","Iron Wave"],"picked":"Cleave","floor":4},{"not_picked":["Clash","Cleave"],"picked":"ReplayTheSpireMod:LeadingStrike","floor":7},{"not_picked":["Power Through","Intimidate"],"picked":"ReplayTheSpireMod:LeadingStrike","floor":8},{"not_picked":["Sever Soul","Massacre"],"picked":"Rampage","floor":11},{"not_picked":["Warcry","Headbutt"],"picked":"Thunderclap","floor":12},{"not_picked":["Clash","Iron Wave"],"picked":"Anger","floor":14}],"player_experience":18771,"relics_obtained":[{"floor":9,"key":"Boot"}],"event_choices":[{"damage_healed":0,"gold_gain":100,"player_choice":"Pray","damage_taken":0,"max_hp_gain":0,"max_hp_loss":0,"event_name":"Golden Shrine","floor":5,"gold_loss":0}],"is_beta":false,"boss_relics":[],"items_purged_floors":[],"is_endless":false,"potions_floor_spawned":[1,8,11,14],"killed_by":"Slime Boss","ascension_level":0}}