{"host":"rewczy2ihmzhwqlt","time":1608728095,"event":{"mods":["Act Like it!","BaseMod","Hallownest","Minty Spire (QoL Compilation)","Permanent Neow","Quick Restart","Rare Cards Sparkle","StSLib","The Bug Knight"],"gold_per_floor":[111,128,128,143,143,171,188,206,231,116,41,41,57,57,57,155,155,165,181,181,199,218,253,253,286,286,196,212,239,289,289,289,393,393,411,422,542,557,301,301,328,111,111,111,163,163,226,253,253,253,253,253,25,60,60,60],"floor_reached":55,"playtime":58138,"items_purged":["HollowMod:NailStrikeStart","Hallownest:skillHoundingGlaives","HollowMod:NailStrikeStart"],"score":869,"play_id":"9ffad456-5f05-4290-a7b9-a9e6d6db08cc","local_time":"20201223205455","is_ascension_mode":true,"campfire_choices":[{"data":"HollowMod:SoulSplash","floor":15.0,"key":"SMITH"},{"data":"HollowMod:MawleksShell","floor":24.0,"key":"SMITH"},{"data":"HollowMod:HornetsHelp","floor":32.0,"key":"SMITH"},{"floor":40.0,"key":"RECALL"},{"data":"HollowMod:Hiveblood","floor":49.0,"key":"SMITH"},{"data":"HollowMod:QuickDashStart","floor":52.0,"key":"SMITH"}],"circlet_count":0,"master_deck":["HollowMod:NailStrikeStart","HollowMod:QuickDashStart+1","HollowMod:QuickDashStart+1","HollowMod:PogoStrike","HollowMod:MantisMark+1","HollowMod:SoulSplash+1","HollowMod:CloakDash","HollowMod:HornetsHelp+1","HollowMod:MawleksShell+1","HollowMod:BaldurShell","HollowMod:Hiveblood+1","HollowMod:QuirrelsAssistance+1","HollowMod:CloakDash","HollowMod:CloakDash","Dark Shackles","HollowMod:PerfectDash"],"relics":["HollowMod:VesselMask","Hallownest:DreamNailRelic","HollowMod:MantisClawRelic","Odd Mushroom","Coffee Dripper","Happy Flower","HollowMod:PaleOreRelic","Ornamental Fan","Hallownest:StagBellRelic1","Bag of Preparation","Potion Belt","Anchor","Membership Card","Juzu Bracelet","Sundial","Hallownest:KingsIdolRelic","Ancient Tea Set","Bird Faced Urn","Strawberry","Chemical X","Pen Nib"],"acts_visited":["Exordium","Hallownest:Greenpath","Hallownest:CityofTears","TheEnding"],"potions_floor_usage":[55,55,55,55],"damage_taken":[{"damage":3.0,"enemies":"Hallownest:monsterHuskGuard","floor":1.0,"turns":5.0},{"damage":4.0,"enemies":"2_ Uuma","floor":2.0,"turns":6.0},{"damage":3.0,"enemies":"Hallownest:monsterHuskWarrior","floor":4.0,"turns":4.0},{"damage":20.0,"enemies":"Hallownest:eliteMossKnight","floor":6.0,"turns":6.0},{"damage":5.0,"enemies":"Hallownest:MossCreep_and_Mosskin","floor":7.0,"turns":7.0},{"damage":7.0,"enemies":"Hallownest:Guard_and_Warrior","floor":8.0,"turns":7.0},{"damage":0.0,"enemies":"Hallownest:monsterAspidMother","floor":13.0,"turns":4.0},{"damage":33.0,"enemies":"Hallownest:BossHornet","floor":16.0,"turns":18.0},{"damage":0.0,"enemies":"Hallownest:3_Youths","floor":18.0,"turns":7.0},{"damage":0.0,"enemies":"Hallownest:Guard_and_Sentry","floor":19.0,"turns":3.0},{"damage":0.0,"enemies":"Hallownest:monsterShrumalOgre","floor":21.0,"turns":4.0},{"damage":5.0,"enemies":"Hallownest:2_Husk_Sentries","floor":22.0,"turns":8.0},{"damage":2.0,"enemies":"Hallownest:Nosk","floor":23.0,"turns":10.0},{"damage":28.0,"enemies":"Hallownest:eliteWatcherKnight","floor":25.0,"turns":14.0},{"damage":50.0,"enemies":"Hallownest:3_Mistakes","floor":28.0,"turns":12.0},{"damage":0.0,"enemies":"Hallownest:Nosk","floor":29.0,"turns":8.0},{"damage":4.0,"enemies":"Hallownest:Glutton_and_Coward","floor":30.0,"turns":4.0},{"damage":25.0,"enemies":"Hallownest:BossSoulMaster","floor":33.0,"turns":9.0},{"damage":16.0,"enemies":"Hallownest:Shield_Heavy","floor":35.0,"turns":5.0},{"damage":14.0,"enemies":"Hallownest:2_Littles","floor":36.0,"turns":5.0},{"damage":14.0,"enemies":"Hallownest:2_Littles","floor":37.0,"turns":4.0},{"damage":23.0,"enemies":"Hallownest:2_Littles","floor":37.0,"turns":6.0},{"damage":0.0,"enemies":"Hallownest:2_Littles","floor":37.0,"turns":2.0},{"damage":23.0,"enemies":"Hallownest:2_Soldiers_and_1_Guardian","floor":38.0,"turns":5.0},{"damage":14.0,"enemies":"Hallownest:StalkingDevout","floor":41.0,"turns":8.0},{"damage":14.0,"enemies":"Hallownest:2_Primals","floor":47.0,"turns":6.0},{"damage":10.0,"enemies":"Hallownest:eliteHiveKnight","floor":48.0,"turns":7.0},{"damage":64.0,"enemies":"Hallownest:BossHollowKnight","floor":50.0,"turns":18.0},{"damage":35.0,"enemies":"Shield and Spear","floor":54.0,"turns":9.0},{"damage":108,"enemies":"The Heart","floor":55,"turns":12}],"seed_played":"-3228713757631088687","potions_obtained":[{"floor":4.0,"key":"Regen Potion"},{"floor":7.0,"key":"SkillPotion"},{"floor":8.0,"key":"SkillPotion"},{"floor":22.0,"key":"SpeedPotion"},{"floor":25.0,"key":"SpeedPotion"},{"floor":29.0,"key":"Swift Potion"},{"floor":30.0,"key":"SpeedPotion"},{"floor":36.0,"key":"SteroidPotion"},{"floor":41.0,"key":"Ancient Potion"},{"floor":48.0,"key":"SteroidPotion"}],"is_trial":false,"path_per_floor":["M","M","?","M","?","E","M","M","T","?","$","?","M","?","R","B",null,"M","M","?","M","M","E","R","E","T","?","M","E","M","?","R","B",null,"M","M","?","M","$","R","E","$","T","?","T","?","?","E","R","B",null,"R","$","E","B"],"character_chosen":"THE_BUGKNIGHT","items_purchased":["Potion Belt","Membership Card","Juzu Bracelet","Chemical X","HollowMod:CloakDash","PowerPotion","Dark Shackles"],"campfire_rested":0,"item_purchase_floors":[39,42,42,53,53,53,53],"current_hp_per_floor":[75,75,75,75,75,61,68,73,73,73,73,64,75,68,68,46,68,68,68,68,68,68,68,68,52,52,52,29,41,49,45,45,32,68,68,68,68,68,68,68,68,68,68,64,64,64,50,64,64,30,75,75,75,64,0,0],"gold":60,"neow_bonus":"UPGRADE_CARD","is_daily":false,"chose_seed":false,"campfire_upgraded":5,"win_rate":0.0,"timestamp":1608728095,"path_taken":["M","M","?","M","?","E","M","?","T","?","$","?","M","?","R","BOSS","M","M","?","?","M","E","R","E","T","?","M","E","M","?","R","BOSS","M","M","?","M","$","R","E","?","T","?","?","?","?","E","R","BOSS","R","$","E","BOSS"],"items_purchased_type":["Relic","Relic","Relic","Relic","Card","Potion","Card"],"build_version":"2020-12-22","purchased_purges":3,"victory":false,"max_hp_per_floor":[75,75,75,75,75,75,75,75,75,75,75,75,75,68,68,68,68,68,68,68,68,68,68,68,68,68,68,68,68,68,68,68,68,68,68,68,68,68,68,68,68,68,68,68,68,68,68,75,75,75,75,75,75,75,75,75],"card_choices":[{"not_picked":["HollowMod:InfectedAttack","HollowMod:BlackTendrils"],"picked":"HollowMod:MantisMark","floor":1.0},{"not_picked":["HollowMod:BaldurShell","HollowMod:SoulShaman","HollowMod:FallenFury"],"picked":"SKIP","floor":2.0},{"not_picked":["HollowMod:SharpenedNail","HollowMod:ShapeofUnn"],"picked":"HollowMod:SoulSplash","floor":4.0},{"not_picked":["HollowMod:InfectedCysts","HollowMod:CoiledNail","HollowMod:ChannelNail"],"picked":"SKIP","floor":6.0},{"not_picked":["HollowMod:VengefulVoid","HollowMod:SharpenedShadows","HollowMod:WraithStrike"],"picked":"SKIP","floor":7.0},{"not_picked":["HollowMod:BlackTendrils","HollowMod:MantisMark","HollowMod:FastStrike"],"picked":"SKIP","floor":8.0},{"not_picked":["HollowMod:GoodIntentions","HollowMod:LifebloodCore"],"picked":"HollowMod:CloakDash","floor":13.0},{"not_picked":["HollowMod:ElderbugsWisdom","HollowMod:PureVessel"],"picked":"HollowMod:HornetsHelp","floor":16.0},{"not_picked":["HollowMod:DescendingDark","HollowMod:DashSlash","HollowMod:NewLittleFool"],"picked":"SKIP","floor":18.0},{"not_picked":["HollowMod:BrokenVessel","HollowMod:WraithStrike","HollowMod:SharpenedShadows"],"picked":"SKIP","floor":19.0},{"not_picked":["HollowMod:SiblingsSouls+1","HollowMod:NewJinnsSoul"],"picked":"HollowMod:MawleksShell","floor":21.0},{"not_picked":["HollowMod:InfectedAttack","HollowMod:VengefulVoid","HollowMod:DreamGate"],"picked":"SKIP","floor":22.0},{"not_picked":["HollowMod:SharpenedNail+1","HollowMod:SoulStrike"],"picked":"HollowMod:BaldurShell","floor":23.0},{"not_picked":["HollowMod:FastStrike+1","HollowMod:LordofShades","HollowMod:MothsMistake"],"picked":"SKIP","floor":25.0},{"not_picked":["HollowMod:NewLittleFool","HollowMod:SiblingsShadow+1","HollowMod:SoulSplash"],"picked":"SKIP","floor":28.0},{"not_picked":["HollowMod:MawleksShell","HollowMod:CornifersMapStart","HollowMod:ShapeofUnn"],"picked":"SKIP","floor":29.0},{"not_picked":["HollowMod:TaintedHusks","HollowMod:DungDefenderAura","HollowMod:HowlingWraiths+1"],"picked":"SKIP","floor":30.0},{"not_picked":["HollowMod:ZotesMagnificence","HollowMod:MidwifesHunger"],"picked":"HollowMod:Hiveblood","floor":33.0},{"not_picked":["HollowMod:SoulStrike+1","HollowMod:InfectionAssault+1"],"picked":"HollowMod:QuirrelsAssistance+1","floor":35.0},{"not_picked":["HollowMod:BaldurShell","HollowMod:QuirrelsAssistance","HollowMod:DescendingDark+1"],"picked":"SKIP","floor":36.0},{"not_picked":["HollowMod:GrimmsGift+1","HollowMod:HowlingWraiths+1","HollowMod:WraithStrike+1"],"picked":"SKIP","floor":38.0},{"not_picked":["HollowMod:DungDefenderAura+1","HollowMod:GrimmsGift"],"picked":"HollowMod:CloakDash","floor":41.0},{"not_picked":["HollowMod:DescendingDark","HollowMod:VoidDash","HollowMod:LifebloodCocoon"],"picked":"SKIP","floor":48.0},{"not_picked":["HollowMod:DreamGate","HollowMod:SoulStrike"],"picked":"HollowMod:PerfectDash","floor":54.0}],"player_experience":591583,"relics_obtained":[{"floor":6.0,"key":"HollowMod:MantisClawRelic"},{"floor":23.0,"key":"Happy Flower"},{"floor":25.0,"key":"HollowMod:PaleOreRelic"},{"floor":26.0,"key":"Ornamental Fan"},{"floor":29.0,"key":"Bag of Preparation"},{"floor":41.0,"key":"Anchor"},{"floor":43.0,"key":"Sundial"},{"floor":45.0,"key":"Ancient Tea Set"},{"floor":47.0,"key":"Bird Faced Urn"},{"floor":48.0,"key":"Strawberry"},{"floor":54.0,"key":"Pen Nib"}],"event_choices":[],"is_beta":false,"boss_relics":[{"not_picked":["SacredBark","Ectoplasm"],"picked":"Coffee Dripper"},{"not_picked":["Sozu","Philosopher\u0027s Stone","Pandora\u0027s Box"]}],"items_purged_floors":[11,39,53],"is_endless":false,"potions_floor_spawned":[4,7,8,13,18,22,25,29,30,36,37,38,41,48],"killed_by":"The Heart","ascension_level":1}}