{"host":"8s7r99mpv862ws6o","time":1608745928,"event":{"mods":["ATMod(°¢èªMod)","AchievementEnabler","BaseMod","GifTheSpireLib","Minty Spire (QoL Compilation)","Quick Restart","StSLib","UnlockEverythingMod"],"gold_per_floor":[111,129,129,304,304,335,335,177,177,195,195,214,234,311,311,440,440,465,486,486,486,504,504,504],"floor_reached":23,"playtime":988,"items_purged":["Strike_B"],"score":241,"play_id":"4ff8ac7c-ac64-4b54-af46-3b3dffccbb30","local_time":"20201224015208","is_ascension_mode":false,"campfire_choices":[{"data":"Scrape","floor":11.0,"key":"SMITH"},{"data":"AT_RobotInSpace","floor":15.0,"key":"SMITH"}],"circlet_count":0,"master_deck":["Defend_B","Defend_B","Defend_B","Defend_B","Zap+1","Dualcast","AT_FamilyPortrait+1","Coolheaded+1","FTL","Doubt","Self Repair","Scrape+1","Gash","Beam Cell","AT_StudyProgram","AT_RobotInSpace+1","AT_RightCognition","Redo+1","Redo+1","Bite","Bite","Bite","Bite","Bite","Heatsinks"],"relics":["Cracked Core","AT_ATBox","NeowsBlessing","Golden Idol","Omamori","Bag of Preparation","Question Card","Runic Dome","WarpedTongs"],"acts_visited":["Exordium","TheCity"],"potions_floor_usage":[23,23],"damage_taken":[{"damage":0.0,"enemies":"Jaw Worm","floor":1.0,"turns":1.0},{"damage":0.0,"enemies":"Small Slimes","floor":2.0,"turns":1.0},{"damage":0.0,"enemies":"Gremlin Nob","floor":6.0,"turns":1.0},{"damage":0.0,"enemies":"Cultist","floor":10.0,"turns":2.0},{"damage":5.0,"enemies":"Looter","floor":12.0,"turns":2.0},{"damage":11.0,"enemies":"Red Slaver","floor":13.0,"turns":2.0},{"damage":31.0,"enemies":"Hexaghost","floor":16.0,"turns":9.0},{"damage":30.0,"enemies":"Chosen","floor":18.0,"turns":5.0},{"damage":19.0,"enemies":"3 Byrds","floor":19.0,"turns":4.0},{"damage":20.0,"enemies":"Centurion and Healer","floor":22.0,"turns":5.0},{"damage":44,"enemies":"Slavers","floor":23,"turns":2}],"seed_played":"-7338651570792342865","potions_obtained":[{"floor":12.0,"key":"SkillPotion"},{"floor":13.0,"key":"Dexterity Potion"},{"floor":22.0,"key":"Explosive Potion"}],"is_trial":false,"path_per_floor":["M","M","?","?","?","E","?","$","T","M","R","M","M","T","R","B",null,"M","M","?","?","M","E"],"character_chosen":"DEFECT","items_purchased":["Scrape","Gash"],"campfire_rested":0,"item_purchase_floors":[8,8],"current_hp_per_floor":[75,75,57,57,42,42,42,42,42,49,49,51,47,47,47,23,75,52,40,40,40,41,0,0],"gold":504,"neow_bonus":"THREE_ENEMY_KILL","is_daily":false,"chose_seed":false,"campfire_upgraded":2,"win_rate":0.0,"timestamp":1608745928,"path_taken":["M","M","?","?","?","E","?","$","T","M","R","?","M","?","R","BOSS","M","M","?","?","?","E"],"items_purchased_type":["Card","Card"],"build_version":"2020-12-22","purchased_purges":1,"victory":false,"max_hp_per_floor":[75,75,75,75,75,75,75,75,75,75,75,75,75,75,75,75,75,75,75,52,52,52,52,52],"card_choices":[{"not_picked":["Hologram","Streamline"],"picked":"Coolheaded","floor":1.0},{"not_picked":["Rebound","Hologram"],"picked":"FTL","floor":2.0},{"not_picked":["AT_DarkMatter","Stack"],"picked":"Self Repair","floor":6.0},{"not_picked":["Rebound","Cold Snap"],"picked":"Beam Cell","floor":10.0},{"not_picked":["Beam Cell","Steam"],"picked":"AT_StudyProgram","floor":12.0},{"not_picked":["Thunder Strike","Conserve Battery"],"picked":"AT_RobotInSpace","floor":13.0},{"not_picked":["Creative AI","AT_WaterDrop","Reboot"],"picked":"AT_RightCognition","floor":16.0},{"not_picked":["AT_WarpDrive","Heatsinks","Undo"],"picked":"Redo+1","floor":18.0},{"not_picked":["FTL","Ball Lightning","Barrage+1"],"picked":"Redo+1","floor":19.0},{"not_picked":["Barrage","Consume","Tempest"],"picked":"Heatsinks","floor":22.0}],"player_experience":586534,"relics_obtained":[{"floor":6.0,"key":"Omamori"},{"floor":9.0,"key":"Bag of Preparation"},{"floor":14.0,"key":"Question Card"}],"event_choices":[{"damage_healed":0.0,"max_hp_gain":0.0,"max_hp_loss":0.0,"gold_gain":0.0,"event_name":"Golden Idol","player_choice":"Take Damage","floor":3.0,"gold_loss":0.0,"damage_taken":18.0,"relics_obtained":["Golden Idol"]},{"damage_healed":0.0,"max_hp_gain":0.0,"max_hp_loss":0.0,"gold_gain":175.0,"event_name":"Liars Game","player_choice":"AGREE","floor":4.0,"gold_loss":0.0,"damage_taken":0.0,"cards_obtained":["Doubt"]},{"damage_healed":0.0,"max_hp_gain":0.0,"max_hp_loss":0.0,"gold_gain":0.0,"event_name":"Shining Light","player_choice":"Entered Light","floor":5.0,"gold_loss":0.0,"damage_taken":15.0,"cards_upgraded":["Zap","AT_FamilyPortrait"]},{"damage_healed":0.0,"max_hp_gain":0.0,"max_hp_loss":0.0,"gold_gain":0.0,"event_name":"Living Wall","player_choice":"Grow","floor":7.0,"gold_loss":0.0,"damage_taken":0.0,"cards_upgraded":["Coolheaded"]},{"damage_healed":0.0,"max_hp_gain":0.0,"max_hp_loss":23.0,"gold_gain":0.0,"event_name":"Vampires","player_choice":"Became a vampire","floor":20.0,"gold_loss":0.0,"damage_taken":0.0,"cards_obtained":["Bite","Bite","Bite","Bite","Bite"]},{"damage_healed":0.0,"max_hp_gain":0.0,"max_hp_loss":0.0,"gold_gain":0.0,"event_name":"Accursed Blacksmith","player_choice":"Rummage","floor":21.0,"gold_loss":0.0,"damage_taken":0.0,"relics_obtained":["WarpedTongs"],"cards_obtained":["Pain"]}],"is_beta":false,"boss_relics":[{"not_picked":["Runic Pyramid","SacredBark"],"picked":"Runic Dome"}],"items_purged_floors":[8],"is_endless":false,"potions_floor_spawned":[12,13,22],"killed_by":"Slavers","ascension_level":0}}