{"host":"tb138zs7vhci6g1j","time":1608750331,"event":{"mods":["2.2 Compatiblity","Aspiration","BaseMod","Better Note","Friendly Minions","Minty Spire (QoL Compilation)","RNG Fix","Rare Cards Sparkle","StSLib","The Marked"],"gold_per_floor":[116,132,132,132,207,207,236,236,236,251,283,51,64,84,84,186,186,201,201,201,201,44,77,77,105,129,161,161,161,8,42,42,146,146,173,173,173,189,200,234,234,278,302,302,152,169,204,47,47,47],"floor_reached":51,"playtime":3008,"items_purged":["theMarked:Strike"],"score":1136,"play_id":"be532c15-4464-4a17-9a5a-a608f4cad126","local_time":"20201223210531","is_ascension_mode":true,"campfire_choices":[{"data":"theMarked:ShockingTouch","floor":6.0,"key":"SMITH"},{"floor":8.0,"key":"REST"},{"data":"theMarked:SoldierOfQuellstein","floor":15.0,"key":"SMITH"},{"floor":24,"key":"REST"},{"floor":28,"key":"REST"},{"floor":32,"key":"REST"},{"data":"theMarked:Defy","floor":41,"key":"SMITH"},{"data":"theMarked:SelfDefenseTraining","floor":44,"key":"SMITH"},{"data":"theMarked:Defend","floor":49,"key":"SMITH"}],"circlet_count":0,"master_deck":["theMarked:Strike","theMarked:Strike","theMarked:Strike","theMarked:Defend+1","theMarked:Defend+1","theMarked:Defend","theMarked:Defend","theMarked:SoldierOfQuellstein+1","theMarked:ShockingTouch+1","theMarked:StartUp+1","theMarked:Improvise+1","theMarked:Indomitable+1","theMarked:ParalyzingBlade+1","theMarked:EnhanceMovement+1","theMarked:Overcharge+1","theMarked:Defy+1","theMarked:Electrocute+1","theMarked:HeightenedSenses+1","theMarked:Static+1","theMarked:ResourceFulStrike+1","theMarked:TakeOffHeels+1","theMarked:TurnInvisible+1","theMarked:TwofoldDefense+1","theMarked:RepellingDischarge+1","theMarked:SelfDefenseTraining+1"],"relics":["theMarked:ArtifactOfAir","WingedGreaves","Strawberry","Toxic Egg 2","Juzu Bracelet","aspiration:Lifesprig","Black Star","War Paint","Mummified Hand","Omamori","Orichalcum","FossilizedHelix","Happy Flower","Gremlin Horn","Lantern","aspiration:HatOfInfinitePower","CeramicFish","theMarked:Eyepatch","aspiration:ChemicalBlood","Centennial Puzzle","Torii","Blood Vial","MealTicket","Bag of Preparation","Oddly Smooth Stone","Incense Burner","Bag of Marbles"],"acts_visited":["Exordium","TheCity","TheBeyond"],"potions_floor_usage":[25,27,27,50,50,50],"damage_taken":[{"damage":3.0,"enemies":"Small Slimes","floor":1.0,"turns":3.0},{"damage":0.0,"enemies":"Cultist","floor":2.0,"turns":2.0},{"damage":19.0,"enemies":"Lagavulin","floor":7.0,"turns":5.0},{"damage":0.0,"enemies":"Jaw Worm","floor":10.0,"turns":1.0},{"damage":0.0,"enemies":"Gremlin Nob","floor":11.0,"turns":2.0},{"damage":4.0,"enemies":"Looter","floor":13.0,"turns":3.0},{"damage":8.0,"enemies":"Red Slaver","floor":14.0,"turns":2.0},{"damage":0.0,"enemies":"Hexaghost","floor":16.0,"turns":6.0},{"damage":12.0,"enemies":"Shell Parasite","floor":18.0,"turns":3.0},{"damage":31.0,"enemies":"Slavers","floor":23.0,"turns":7.0},{"damage":32,"enemies":"Gremlin Leader","floor":25,"turns":5},{"damage":16,"enemies":"Book of Stabbing","floor":27,"turns":3},{"damage":0,"enemies":"Gremlin Leader","floor":31,"turns":3},{"damage":9,"enemies":"Champ","floor":33,"turns":7},{"damage":0,"enemies":"3 Shapes","floor":35,"turns":2},{"damage":0,"enemies":"3 Darklings","floor":38,"turns":3},{"damage":10,"enemies":"Spire Growth","floor":39,"turns":4},{"damage":0,"enemies":"Reptomancer","floor":40,"turns":6},{"damage":15,"enemies":"Nemesis","floor":42,"turns":5},{"damage":0,"enemies":"Writhing Mass","floor":46,"turns":7},{"damage":0,"enemies":"Giant Head","floor":47,"turns":6},{"damage":33,"enemies":"Donu and Deca","floor":50,"turns":9}],"seed_played":"-2190684961044113257","potions_obtained":[{"floor":2.0,"key":"Fire Potion"},{"floor":7.0,"key":"SpeedPotion"},{"floor":13.0,"key":"FearPotion"},{"floor":14.0,"key":"EssenceOfSteel"},{"floor":16.0,"key":"DuplicationPotion"},{"floor":23.0,"key":"Regen Potion"},{"floor":33,"key":"Dexterity Potion"},{"floor":35,"key":"LiquidBronze"},{"floor":46,"key":"BlessingOfTheForge"},{"floor":47,"key":"CultistPotion"}],"is_trial":false,"path_per_floor":["M","M","?","?","?","R","E","R","T","M","E","$","M","M","R","B",null,"M","?","?","?","$","E","R","E","T","E","R","?","$","E","R","B",null,"M","?","?","M","M","E","R","E","T","R","$","M","E","$","R","B",null],"character_chosen":"THE_DEFAULT","items_purchased":["aspiration:Lifesprig","War Paint","theMarked:TakeOffHeels+1","Bag of Preparation","Bag of Marbles"],"campfire_rested":4,"item_purchase_floors":[12,22,30,45,48],"current_hp_per_floor":[46,46,46,53,42,42,30,53,53,53,53,53,49,41,41,41,77,65,65,65,65,65,34,57,37,37,21,44,44,44,44,67,58,77,77,77,77,77,67,67,67,52,52,52,67,69,71,77,77,44],"gold":47,"neow_bonus":"ONE_RARE_RELIC","is_daily":false,"chose_seed":false,"campfire_upgraded":5,"win_rate":0.0,"timestamp":1608750331,"path_taken":["M","M","?","?","?","R","E","R","T","?","E","$","M","M","R","BOSS","M","?","?","?","$","E","R","E","T","E","R","?","$","E","R","BOSS","M","?","?","M","M","E","R","E","T","R","$","M","E","$","R","BOSS"],"items_purchased_type":["Relic","Relic","Card","Relic","Relic"],"build_version":"2020-12-22","purchased_purges":1,"victory":true,"max_hp_per_floor":[70,70,70,70,70,70,77,77,77,77,77,77,77,77,77,77,77,77,77,77,77,77,77,77,77,77,77,77,77,77,77,77,77,77,77,77,77,77,77,77,77,77,77,77,77,77,77,77,77,77],"card_choices":[{"not_picked":["theMarked:ReduceFriction","theMarked:Improvise"],"picked":"theMarked:ShockingTouch","floor":1.0},{"not_picked":["theMarked:RepellingDischarge","theMarked:TwofoldDefense"],"picked":"theMarked:StartUp","floor":2.0},{"not_picked":["theMarked:LightningStrikesTwice","theMarked:Aftermath"],"picked":"theMarked:Improvise","floor":7.0},{"not_picked":["theMarked:ShockingTouch","theMarked:GodGivenPower"],"picked":"theMarked:Indomitable+1","floor":10.0},{"not_picked":["theMarked:DispelDoubt","theMarked:GodGivenPower"],"picked":"theMarked:ParalyzingBlade+1","floor":11.0},{"not_picked":["theMarked:SwordAndMagic","theMarked:Opportunist"],"picked":"theMarked:EnhanceMovement+1","floor":13.0},{"not_picked":["theMarked:ResourceFulStrike","theMarked:WastefulAttack"],"picked":"theMarked:Overcharge+1","floor":14.0},{"not_picked":["theMarked:ChannelForce+1","theMarked:UnarmedFury"],"picked":"theMarked:Defy","floor":16.0},{"not_picked":["theMarked:ParalyzingBlade+1","theMarked:MysticalArsenal"],"picked":"theMarked:Electrocute+1","floor":18.0},{"not_picked":["theMarked:Frustration+1","theMarked:HeritageOfTheMarked"],"picked":"theMarked:Static+1","floor":23.0},{"not_picked":["theMarked:ParalyzingBlade+1","theMarked:KeepCalmAndFightOn","theMarked:Static+1"],"picked":"SKIP","floor":25},{"not_picked":["theMarked:BanishingStrike","theMarked:Frustration"],"picked":"theMarked:ResourceFulStrike+1","floor":27},{"not_picked":["theMarked:Parkour","theMarked:KeepCalmAndFightOn","theMarked:ResourceFulStrike"],"picked":"SKIP","floor":31},{"not_picked":["theMarked:Defy","theMarked:UnarmedFury"],"picked":"theMarked:TurnInvisible+1","floor":33},{"not_picked":["theMarked:HeightenedSenses+1","theMarked:CreepingChasm+1"],"picked":"theMarked:TwofoldDefense+1","floor":35},{"not_picked":["theMarked:Electrocute+1","theMarked:ParalyzingBlade+1","theMarked:Aftermath+1"],"picked":"SKIP","floor":38},{"not_picked":["theMarked:ComboAttacks","theMarked:Seal+1","theMarked:GodGivenPower"],"picked":"SKIP","floor":39},{"not_picked":["theMarked:Overcharge+1","theMarked:ElectricStrings+1"],"picked":"theMarked:RepellingDischarge+1","floor":40},{"not_picked":["theMarked:Improvise+1","theMarked:TwofoldDefense+1"],"picked":"theMarked:SelfDefenseTraining","floor":42},{"not_picked":["theMarked:ElectricStrings","theMarked:Improvise+1","theMarked:Parkour"],"picked":"SKIP","floor":46},{"not_picked":["theMarked:Improvise+1","theMarked:TunnelVision+1","theMarked:ShockingTouch"],"picked":"SKIP","floor":47}],"player_experience":1701787,"relics_obtained":[{"floor":7.0,"key":"Strawberry"},{"floor":9.0,"key":"Toxic Egg 2"},{"floor":11.0,"key":"Juzu Bracelet"},{"floor":23.0,"key":"Mummified Hand"},{"floor":23.0,"key":"Omamori"},{"floor":25,"key":"Orichalcum"},{"floor":25,"key":"FossilizedHelix"},{"floor":26,"key":"Happy Flower"},{"floor":27,"key":"Gremlin Horn"},{"floor":27,"key":"Lantern"},{"floor":31,"key":"aspiration:HatOfInfinitePower"},{"floor":31,"key":"CeramicFish"},{"floor":40,"key":"aspiration:ChemicalBlood"},{"floor":40,"key":"Centennial Puzzle"},{"floor":42,"key":"Torii"},{"floor":42,"key":"Blood Vial"},{"floor":43,"key":"MealTicket"},{"floor":47,"key":"Oddly Smooth Stone"},{"floor":47,"key":"Incense Burner"}],"event_choices":[{"damage_healed":0.0,"max_hp_gain":0.0,"max_hp_loss":0.0,"gold_gain":0.0,"event_name":"Living Wall","player_choice":"Grow","floor":3.0,"gold_loss":0.0,"damage_taken":0.0,"cards_upgraded":["theMarked:StartUp"]},{"damage_healed":0.0,"max_hp_gain":0.0,"max_hp_loss":0.0,"gold_gain":75.0,"event_name":"World of Goop","player_choice":"Gather Gold","floor":5.0,"gold_loss":0.0,"damage_taken":11.0},{"damage_healed":0.0,"max_hp_gain":0.0,"max_hp_loss":0.0,"gold_gain":0.0,"event_name":"betterNote:BetterNote","player_choice":"Ignored","floor":19.0,"gold_loss":0.0,"damage_taken":0.0,"cards_obtained":["Bandage Up"]},{"damage_healed":0.0,"max_hp_gain":0.0,"max_hp_loss":0.0,"gold_gain":0.0,"event_name":"Ghosts","player_choice":"Ignored","floor":20.0,"gold_loss":0.0,"damage_taken":0.0},{"damage_healed":0.0,"max_hp_gain":0.0,"max_hp_loss":0.0,"gold_gain":0.0,"event_name":"The Library","player_choice":"Read","floor":21.0,"gold_loss":0.0,"damage_taken":0.0,"cards_obtained":["theMarked:HeightenedSenses"]},{"cards_removed":["theMarked:Strike"],"damage_healed":0,"gold_gain":0,"player_choice":"Removed Attack","damage_taken":0,"max_hp_gain":0,"max_hp_loss":0,"event_name":"Falling","floor":36,"gold_loss":0},{"damage_healed":0,"gold_gain":0,"player_choice":"1 cards matched","damage_taken":0,"max_hp_gain":0,"max_hp_loss":0,"event_name":"Match and Keep!","floor":37,"gold_loss":0,"cards_obtained":["Writhe"]}],"is_beta":false,"boss_relics":[{"not_picked":["SlaversCollar","Cursed Key"],"picked":"Black Star"},{"not_picked":["Astrolabe","Fusion Hammer"],"picked":"theMarked:Eyepatch"}],"items_purged_floors":[12],"is_endless":false,"potions_floor_spawned":[2,7,13,14,16,23,33,35,46,47],"ascension_level":1}}