{"host":"vtat3rddyckbno30","time":1608742944,"event":{"mods":["AchievementEnabler","BaseMod","BetterRewards","Colored Map","Downfall","Highlight Path","Minty Spire (QoL Compilation)","Replay The Spire","StSLib","everything is the same but u backflip on backflip"],"gold_per_floor":[112,124,138,150,150,177,177,197,222,253,253,278,288,298,298,298,298],"floor_reached":16,"playtime":1034,"items_purged":[],"score":149,"play_id":"71c80fdd-95d6-4ca5-9849-7326043173b4","local_time":"20201223180224","is_ascension_mode":false,"campfire_choices":[{"data":"Demonic Infusion","floor":7,"key":"SMITH"},{"floor":15,"key":"REST"}],"circlet_count":0,"master_deck":["Strike_R","Strike_R","Strike_R","Strike_R","Strike_R","Defend_R","Defend_R","Defend_R","Bash","Perfected Strike+1","Pommel Strike","Demonic Infusion+1","Dual Wield"],"relics":["Burning Blood","Strawberry","ReplayTheSpireMod:TigerMarble","Pet Ghost"],"acts_visited":["Exordium"],"potions_floor_usage":[13,16,16,16],"damage_taken":[{"damage":12,"enemies":"Small Slimes","floor":1,"turns":5},{"damage":6,"enemies":"Cultist","floor":2,"turns":3},{"damage":1,"enemies":"Jaw Worm","floor":3,"turns":3},{"damage":9,"enemies":"2 Fungi Beasts","floor":4,"turns":4},{"damage":14,"enemies":"Gremlin Nob","floor":6,"turns":3},{"damage":8,"enemies":"Large Slime","floor":8,"turns":5},{"damage":40,"enemies":"Replay:BlueRogue","floor":10,"turns":6},{"damage":12,"enemies":"Gremlin Nob","floor":12,"turns":4},{"damage":6,"enemies":"Gremlin Gang","floor":13,"turns":3},{"damage":18,"enemies":"Exordium Thugs","floor":14,"turns":5},{"damage":70,"enemies":"Fading Forest","floor":16,"turns":11}],"seed_played":"-494091597064529442","potions_obtained":[{"floor":2,"key":"Block Potion"},{"floor":4,"key":"ColorlessPotion"},{"floor":10,"key":"Ancient Potion"},{"floor":14,"key":"sneckomod:MuddlingPotion"}],"is_trial":false,"path_per_floor":["M","M","M","M","?","E","R","M","T","E","?","E","M","M","R","B"],"character_chosen":"IRONCLAD","items_purchased":[],"campfire_rested":1,"item_purchase_floors":[],"current_hp_per_floor":[82,82,87,84,84,83,83,81,81,47,47,41,41,29,57,0,0],"gold":298,"neow_bonus":"TEN_PERCENT_HP_BONUS","is_daily":false,"chose_seed":false,"campfire_upgraded":1,"win_rate":0.0,"timestamp":1608742944,"path_taken":["M","M","M","M","?","E","R","?","T","E","?","E","M","M","R","BOSS"],"items_purchased_type":[],"build_version":"2020-12-22","purchased_purges":0,"victory":false,"max_hp_per_floor":[88,88,88,88,88,95,95,95,95,95,95,95,95,95,95,95,95],"card_choices":[{"not_picked":["Power Through","Armaments"],"picked":"Perfected Strike","floor":1},{"not_picked":["Anger","ReplayTheSpireMod:Stacked"],"picked":"Pommel Strike","floor":2},{"not_picked":["Rage","Headbutt","Clash"],"picked":"SKIP","floor":3},{"not_picked":["Clash","Flex","Thunderclap"],"picked":"SKIP","floor":4},{"not_picked":["Entrench","Clothesline"],"picked":"Demonic Infusion","floor":6},{"not_picked":["Shrug It Off","Body Slam","Iron Wave"],"picked":"SKIP","floor":8},{"not_picked":["Inflame","Blood for Blood"],"picked":"Dual Wield","floor":10},{"not_picked":["Whirlwind","ReplayTheSpireMod:Limb From Limb","Massacre"],"picked":"SKIP","floor":12},{"not_picked":["ReplayTheSpireMod:Strike From Hell","Shrug It Off","Pummel"],"picked":"SKIP","floor":13},{"not_picked":["Warcry","Anger","Havoc"],"picked":"SKIP","floor":14}],"player_experience":520982,"relics_obtained":[{"floor":6,"key":"Strawberry"},{"floor":10,"key":"ReplayTheSpireMod:TigerMarble"},{"floor":12,"key":"Pet Ghost"}],"event_choices":[{"damage_healed":0,"gold_gain":0,"player_choice":"Forge","damage_taken":0,"max_hp_gain":0,"max_hp_loss":0,"event_name":"Accursed Blacksmith","floor":5,"gold_loss":0,"cards_upgraded":["Perfected Strike"]}],"is_beta":false,"boss_relics":[],"items_purged_floors":[],"is_endless":false,"potions_floor_spawned":[2,4,10,12,14],"killed_by":"Fading Forest","ascension_level":0}}