{"host":"k5ezbu40hxyit46v","time":1608697316,"event":{"mods":["Act Like it!","Aspiration","Astrologer","BaseMod","BetterRewards","Conspire","DeckTracker","Energized Spire","Googly Eyes","Halation","HexUI Lib","Highlight Path","Hubris","Infinite Spire","Jedi Mod","Mad Scientist","Marisa????????","Minty Spire (QoL Compilation)","Quarter Circle Forward PUNCH!","Quick Restart","Replay The Spire","Reworked Bosses","Shop Mod","Spikes Relics","StSLib","The Administrix","The Awakened One except there are too many feathers","The Bladedancer","The Cursed","The IronCluck","The Servant 0.9.4","The Wild Card","everything is the same but u backflip on backflip","slay the spire mod where everything is the same but ironclad has a cowboy hat","vexMod"],"gold_per_floor":[24,24,24,41,53,88,88,53,77,106,106,116,148,160,160,234,234,245,265,284,284,302,302,302,331,354,354,372,372,372,11,11,89,89,99,99,109,59,70,70,70,70,70,70,70,70],"floor_reached":45,"playtime":1994,"items_purged":["Strike_G","Defend_G","Strike_G","Clumsy"],"score":1377,"play_id":"d2d48a4a-0844-4667-829f-b6dca1d244ec","local_time":"20201222232156","is_ascension_mode":true,"campfire_choices":[{"data":"hubris:DuctTapeCard","floor":7.0,"key":"SMITH"},{"data":"ReplayTheSpireMod:Brewmster","floor":11.0,"key":"SMITH"},{"data":"Footwork","floor":15.0,"key":"SMITH"},{"data":"Noxious Fumes","floor":23.0,"key":"SMITH"},{"data":"ReplayReversal","floor":27.0,"key":"SMITH"},{"data":"Defend_G","floor":29.0,"key":"SMITH"},{"data":"jedi:strikingstrike","floor":32.0,"key":"SMITH"},{"data":"Defend_G","floor":40,"key":"SMITH"},{"data":"Defend_G","floor":42,"key":"SMITH"},{"data":"Defend_G","floor":44,"key":"SMITH"}],"circlet_count":0,"master_deck":["AscendersBane","Strike_G","Strike_G","Strike_G","Defend_G+1","Defend_G+1","Defend_G+1","Defend_G+1","Survivor","ReplayTheSpireMod:Brewmster+1","Footwork+1","Dagger Spray","Poison Darts","Noxious Fumes+1","ReplayReversal+1","jedi:strikingstrike+1","hubris:DuctTapeCard","MadScienceMod:Sprocket+1"],"relics":["Ring of the Snake","Mango","Turnip","ExplosiveVial","ClockworkSouvenir","hubris:DuctTape","aspiration:ChemicalBlood","Boot","Smiling Mask","Strawberry","hubris:64BitClover","Replay:Grab Bag","Replay:Bronze Core","energizedSpire:MagnifyingGlass","HoveringKite","aspiration:IroncladSkillbook","TungstenRod","Centennial Puzzle","Pear","PrismaticShard","Replay:Baseball","energizedSpire:HighHeels","White Beast Statue","halation:PapillonHeart","Blue Candle"],"acts_visited":["TheCity","TheBeyond"],"potions_floor_usage":[39,39,45,45,45,45,45],"damage_taken":[{"damage":2.0,"enemies":"Small Slimes","floor":1.0,"turns":4.0},{"damage":0.0,"enemies":"Cultist","floor":4.0,"turns":5.0},{"damage":1.0,"enemies":"Jaw Worm","floor":5.0,"turns":2.0},{"damage":0.0,"enemies":"3 Sentries","floor":6.0,"turns":1.0},{"damage":3.0,"enemies":"Replay:BlueRogue","floor":10.0,"turns":10.0},{"damage":5.0,"enemies":"Exordium Wildlife","floor":12.0,"turns":4.0},{"damage":0.0,"enemies":"3 Sentries","floor":13.0,"turns":5.0},{"damage":0.0,"enemies":"Blue Slaver","floor":14.0,"turns":3.0},{"damage":8.0,"enemies":"The Guardian","floor":16.0,"turns":10.0},{"damage":11.0,"enemies":"conspire:FuzzyDice","floor":18.0,"turns":8.0},{"damage":14.0,"enemies":"Spheric Guardian","floor":19.0,"turns":5.0},{"damage":5.0,"enemies":"conspire:HollyBat","floor":20.0,"turns":7.0},{"damage":0.0,"enemies":"3 Cultists","floor":22.0,"turns":4.0},{"damage":19.0,"enemies":"Book of Stabbing","floor":25.0,"turns":6.0},{"damage":14.0,"enemies":"Snake Plant","floor":28.0,"turns":6.0},{"damage":19.0,"enemies":"bossMod:newCollector","floor":33.0,"turns":12.0},{"damage":0.0,"enemies":"3 Shapes","floor":35.0,"turns":5.0},{"damage":22.0,"enemies":"Orb Walker","floor":37.0,"turns":3.0},{"damage":22,"enemies":"3 Darklings","floor":39,"turns":4},{"damage":73,"enemies":"Reptomancer","floor":45,"turns":3}],"seed_played":"-4886525254025243736","potions_obtained":[{"floor":6.0,"key":"FairyPotion"},{"floor":12.0,"key":"SteroidPotion"},{"floor":14.0,"key":"Strength Potion"},{"floor":16.0,"key":"Poison Potion"},{"floor":18.0,"key":"Ancient Potion"},{"floor":20.0,"key":"Poison Potion"},{"floor":37.0,"key":"FearPotion"},{"floor":39,"key":"DuplicationPotion"},{"floor":45,"key":"SpeedPotion"}],"is_trial":false,"path_per_floor":["M","?","?","M","M","E","R","?","T","E","R","M","E","M","R","B",null,"M","M","M","?","M","R","?","E","T","R","M","R","?","$","R","B",null,"M","T","M","$","M","R","?","R","T","R","E"],"character_chosen":"THE_SILENT","items_purchased":["Mango","Turnip","ExplosiveVial","EntropicBrew","ReplayTheSpireMod:Brewmster","ClockworkSouvenir","Quick Slash","hubris:DuctTape","Footwork","jedi:strikingstrike","Replay:Baseball"],"campfire_rested":0,"item_purchase_floors":[0,0,0,0,0,0,0,0,0,31,31],"current_hp_per_floor":[29,24,24,38,37,37,37,57,57,61,61,56,56,56,56,48,77,70,60,59,67,71,71,71,56,56,56,56,56,45,45,45,30,80,84,84,86,86,68,68,68,68,68,68,0,0],"gold":70,"neow_bonus":"","is_daily":false,"chose_seed":false,"campfire_upgraded":10,"win_rate":0.0,"timestamp":1608697316,"path_taken":["M","?","?","?","M","E","R","?","T","E","R","M","E","M","R","BOSS","M","M","M","?","M","R","?","E","T","R","?","R","?","?","R","BOSS","M","?","M","$","?","R","?","R","T","R","E"],"items_purchased_type":["Relic","Relic","Relic","Potion","Card","Relic","Card","Relic","Card","Card","Relic"],"build_version":"2020-12-13","purchased_purges":4,"victory":false,"max_hp_per_floor":[80,80,80,80,80,80,80,80,80,87,87,87,87,87,87,87,87,87,87,87,87,87,87,87,87,87,87,97,97,97,97,97,97,97,97,97,97,97,97,97,92,92,92,92,92,92],"card_choices":[{"not_picked":["Accuracy","Flying Knee","Backstab"],"picked":"SKIP","floor":1.0},{"not_picked":["Hidden Blade","Cloak And Dagger","Heel Hook"],"picked":"SKIP","floor":4.0},{"not_picked":["Cloak And Dagger","Heel Hook","Finisher"],"picked":"SKIP","floor":5.0},{"not_picked":["jedi:acidrain","Dodge and Roll","Well Laid Plans"],"picked":"SKIP","floor":6.0},{"not_picked":["Pace","Deadly Poison","Deflect"],"picked":"SKIP","floor":10.0},{"not_picked":["Infinite Blades","hubris:SlightOfHand","Flechettes"],"picked":"SKIP","floor":12.0},{"not_picked":["PiercingWail","Blade Dance"],"picked":"Dagger Spray","floor":13.0},{"not_picked":["jedi:unstablefumes","Acrobatics","Calculated Gamble"],"picked":"SKIP","floor":14.0},{"not_picked":["jedi:rejectivetoxin","Bullet Time"],"picked":"Poison Darts","floor":16.0},{"not_picked":["Fire Breathing","hubris:ReadiedAction","Flame Barrier"],"picked":"Noxious Fumes","floor":18.0},{"not_picked":["Pummel","Thunderclap","Underhanded Strike","Defy Death"],"picked":"SKIP","floor":19.0},{"not_picked":["Twin Strike+1","Tactician","Armaments","True Grit"],"picked":"SKIP","floor":20.0},{"not_picked":["Shrug It Off","Blade Dance","Backstab+1","Quick Slash"],"picked":"SKIP","floor":22.0},{"not_picked":["Fire Breathing","Sword Boomerang","Flex"],"picked":"ReplayReversal","floor":25.0},{"not_picked":["Thunderclap","Deadly Poison","Perfected Strike","Clash"],"picked":"SKIP","floor":28.0},{"not_picked":["Prostrate","SashWhip","Streamline+1","Sweeping Beam+1"],"picked":"SKIP","floor":35.0},{"not_picked":["theWildCard:UnendingRitual+1","FlyingSleeves","MadScienceMod:NowOrNever","Ricochet"],"picked":"SKIP","floor":37.0},{"not_picked":["conspire:SharedLibrary","GrandCross+1","DC"],"picked":"MadScienceMod:Sprocket+1","floor":39}],"player_experience":1208108,"relics_obtained":[{"floor":6.0,"key":"Boot"},{"floor":9.0,"key":"Smiling Mask"},{"floor":10.0,"key":"Strawberry"},{"floor":13.0,"key":"hubris:64BitClover"},{"floor":25.0,"key":"TungstenRod"},{"floor":26.0,"key":"Centennial Puzzle"},{"floor":28.0,"key":"Pear"},{"floor":30.0,"key":"PrismaticShard"},{"floor":36.0,"key":"White Beast Statue"},{"floor":43,"key":"Blue Candle"}],"event_choices":[{"damage_healed":0.0,"max_hp_gain":0.0,"max_hp_loss":0.0,"gold_gain":0.0,"event_name":"Scrap Ooze","player_choice":"Success","floor":2.0,"gold_loss":0.0,"damage_taken":5.0,"relics_obtained":["aspiration:ChemicalBlood"]},{"damage_healed":0.0,"max_hp_gain":0.0,"max_hp_loss":0.0,"gold_gain":0.0,"event_name":"WeMeetAgain","player_choice":"Ignored","floor":3.0,"gold_loss":0.0,"damage_taken":0.0},{"damage_healed":20.0,"max_hp_gain":0.0,"max_hp_loss":0.0,"gold_gain":0.0,"event_name":"The Cleric","player_choice":"Healed","floor":8.0,"gold_loss":35.0,"damage_taken":0.0}],"is_beta":false,"boss_relics":[{"not_picked":["vexMod:DeviousBotling","Replay:Drink Me"],"picked":"Replay:Grab Bag"},{"not_picked":["Velvet Choker","energizedSpire:HugeHouse"],"picked":"Replay:Bronze Core"},{"not_picked":["hubris:VirtuousBlindfold","Philosopher\u0027s Stone"],"picked":"energizedSpire:MagnifyingGlass"},{"not_picked":["aspiration:RunicSpoon","ReplayTheSpireMod:SealedPack"],"picked":"HoveringKite"},{"not_picked":["conspire:RunicOctahedron","Empty Cage"],"picked":"aspiration:IroncladSkillbook"},{"not_picked":["halation:ForbiddenBikini","halation:PlatinumPhoenix"],"picked":"energizedSpire:HighHeels"}],"items_purged_floors":[0,0,31,38],"is_endless":false,"potions_floor_spawned":[6,12,14,16,18,20,33,37,39],"killed_by":"Reptomancer","ascension_level":20}}