{"host":"vb6wt0mawj2xz8v4","time":1608755593,"event":{"mods":["AchievementEnabler","Aspiration","BaseMod","Hermit","Highlight Path","Hubris","Jorbs\u0027s Wanderer Trilogy","Minty Spire (QoL Compilation)","Quick Restart","Replay The Spire","Shop Mod","StSLib","SuperFastMode","The Cursed","The Disciple","The Hierophant","The Jungle"],"gold_per_floor":[110,128,128,128,128,158,158,158,158,98,126,126,145,0,0,101,101,121,136,154,172,18,18,47,59,95,107,107],"floor_reached":27,"playtime":728,"items_purged":[],"score":347,"play_id":"45ba8db8-4731-425d-9919-d962dc3766dd","local_time":"20201223153313","is_ascension_mode":true,"campfire_choices":[{"data":"hermit:Showdown","floor":8,"key":"SMITH"},{"data":"hermit:BodyArmor","floor":12,"key":"SMITH"},{"data":"hermit:Quickdraw","floor":15,"key":"SMITH"},{"data":"hermit:Maintenance","floor":23,"key":"SMITH"},{"data":"hermit:DeadOrAlive","floor":25,"key":"SMITH"}],"circlet_count":0,"master_deck":["hermit:Strike_Hermit+1","hermit:Strike_Hermit","hermit:Strike_Hermit+1","hermit:Strike_Hermit+1","hermit:Defend_Hermit","hermit:Defend_Hermit+1","hermit:Defend_Hermit","hermit:Defend_Hermit+1","hermit:Snapshot+1","hermit:Covet","hermit:Shortfuse+1","hermit:BodyArmor+1","hermit:Showdown+1","hermit:Horror+1","hermit:Shortfuse","hermit:Quickdraw+1","hermit:DeadOrAlive+1","hermit:Enervate","hermit:Maintenance+1","hermit:ItchyTrigger+1","hermit:Dive+1","hermit:Dive"],"relics":["hermit:Momento","NeowsBlessing","hubris:GlazedTorus","FossilizedHelix","Calipers","Tiny Chest","aspiration:PoetsPen_weak","Whetstone","MawBank","Simple Rune"],"acts_visited":["Exordium","Exordium"],"potions_floor_usage":[27],"damage_taken":[{"damage":0,"enemies":"Jaw Worm","floor":1,"turns":1},{"damage":0,"enemies":"2 Louse","floor":2,"turns":1},{"damage":0,"enemies":"Gremlin Nob","floor":6,"turns":1},{"damage":6,"enemies":"Replay:BlueRogue","floor":11,"turns":5},{"damage":0,"enemies":"Small Slimes","floor":13,"turns":2},{"damage":54,"enemies":"Fading Forest","floor":16,"turns":11},{"damage":15,"enemies":"theJungle:MUSHROOMGANG","floor":18,"turns":3},{"damage":6,"enemies":"theJungle:5_Spyders","floor":19,"turns":4},{"damage":14,"enemies":"Snake Plant","floor":20,"turns":4},{"damage":0,"enemies":"theJungle:2_Snecko_Cultists","floor":21,"turns":2},{"damage":0,"enemies":"theJungle:Cassacara","floor":24,"turns":5},{"damage":44,"enemies":"theJungle:2_Phrogs","floor":27,"turns":5}],"seed_played":"917270235155152079","potions_obtained":[{"floor":2,"key":"Weak Potion"},{"floor":11,"key":"Weak Potion"},{"floor":13,"key":"SpeedPotion"},{"floor":20,"key":"EssenceOfSteel"}],"is_trial":false,"path_per_floor":["M","M","?","?","?","E","?","R","T","$","E","R","M","$","R","B",null,"M","M","M","M","$","R","E","R","T","E"],"character_chosen":"HERMIT","items_purchased":["hermit:Horror+1","Tiny Chest","Whetstone"],"campfire_rested":0,"item_purchase_floors":[10,14,22],"current_hp_per_floor":[75,75,75,75,60,60,68,68,68,68,62,62,62,62,62,16,75,60,54,40,40,40,40,40,40,40,0,0],"gold":107,"neow_bonus":"THREE_ENEMY_KILL","is_daily":false,"chose_seed":false,"campfire_upgraded":5,"win_rate":0.0,"timestamp":1608755593,"path_taken":["M","M","?","?","?","E","?","R","T","?","E","R","?","$","R","BOSS","M","M","M","M","$","R","E","R","T","E"],"items_purchased_type":["Card","Relic","Relic"],"build_version":"2020-12-22","purchased_purges":0,"victory":false,"max_hp_per_floor":[75,75,75,75,75,75,75,75,75,75,75,75,75,75,75,75,75,75,75,75,75,75,75,75,75,75,75,75],"card_choices":[{"not_picked":["hermit:Vantage","hermit:Shortfuse","hermit:Coalescence"],"picked":"SKIP","floor":1},{"not_picked":["hermit:Vantage","hermit:Coalescence"],"picked":"hermit:Shortfuse","floor":1},{"not_picked":["hermit:Glare","hermit:FromBeyond"],"picked":"hermit:BodyArmor","floor":2},{"not_picked":["hermit:Feint","hermit:Manifest"],"picked":"hermit:Showdown","floor":6},{"not_picked":["hermit:Grudge","hermit:GoldenBullet"],"picked":"hermit:Shortfuse","floor":11},{"not_picked":["hermit:SprayPray","hermit:Manifest"],"picked":"hermit:Quickdraw","floor":13},{"not_picked":["hermit:OverwhelmingPower","hermit:EternalForm"],"picked":"hermit:DeadOrAlive","floor":16},{"not_picked":["hermit:Roulette","hermit:LoneWolf"],"picked":"hermit:Enervate","floor":18},{"not_picked":["hermit:Gestalt","hermit:Manifest"],"picked":"hermit:Maintenance","floor":19},{"not_picked":["hermit:Combo","hermit:Cheat"],"picked":"hermit:ItchyTrigger+1","floor":20},{"not_picked":["hermit:Midnight","hermit:Brawl"],"picked":"hermit:Dive+1","floor":21},{"not_picked":["hermit:Combo+1","hermit:ShadowCloak"],"picked":"hermit:Dive","floor":24}],"player_experience":450593,"relics_obtained":[{"floor":6,"key":"hubris:GlazedTorus"},{"floor":9,"key":"FossilizedHelix"},{"floor":11,"key":"Calipers"},{"floor":24,"key":"MawBank"},{"floor":26,"key":"Simple Rune"}],"event_choices":[{"damage_healed":0,"gold_gain":0,"player_choice":"Leave","damage_taken":0,"max_hp_gain":0,"max_hp_loss":0,"event_name":"The Cleric","floor":3,"gold_loss":0},{"damage_healed":0,"gold_gain":0,"player_choice":"Entered Light","damage_taken":15,"max_hp_gain":0,"max_hp_loss":0,"event_name":"Shining Light","floor":5,"gold_loss":0,"cards_upgraded":["hermit:Defend_Hermit","hermit:Defend_Hermit"]}],"is_beta":false,"boss_relics":[{"not_picked":["Replay:Ancient Bell","hermit:DentedPlate"],"picked":"aspiration:PoetsPen_weak"}],"items_purged_floors":[],"is_endless":false,"potions_floor_spawned":[2,11,13,20,21,24],"killed_by":"theJungle:2_Phrogs","ascension_level":4}}