{"host":"ilxricga2547gmyy","time":1608762718,"event":{"mods":["AchievementEnabler","BaseMod","Minty Spire (QoL Compilation)","Quick Restart","StSLib","The Cursed"],"gold_per_floor":[113,131,131,151,151,185,185,185,185,185,202,202,235,254,254,254,254],"floor_reached":16,"playtime":798,"items_purged":[],"score":110,"play_id":"391717b8-0e08-466b-af50-43138c2e1fbc","local_time":"20201223233158","is_ascension_mode":false,"campfire_choices":[{"floor":8,"key":"REST"},{"data":"TheCursedMod:CursedWand","floor":10,"key":"SMITH"},{"floor":15,"key":"REST"}],"circlet_count":0,"master_deck":["TheCursedMod:Strike_TheCursed","TheCursedMod:Strike_TheCursed","TheCursedMod:Strike_TheCursed","TheCursedMod:Strike_TheCursed","TheCursedMod:Defend_TheCursed","TheCursedMod:Defend_TheCursed","TheCursedMod:Defend_TheCursed","TheCursedMod:Defend_TheCursed","TheCursedMod:CursedWand+1","TheCursedMod:CleanUpWorkshop","TheCursedMod:Dregs","TheCursedMod:SmokeScreen","TheCursedMod:CursedArmor","TheCursedMod:NeowsMight+1","TheCursedMod:Stretching","Regret","TheCursedMod:CircleOfFlame","TheCursedMod:CursedBlade","TheCursedMod:RapidMovement"],"relics":["TheCursedMod:BlackMagic101","NeowsBlessing","CaptainsWheel","Lantern","TheCursedMod:DemonicMark","Bottled Lightning"],"acts_visited":["Exordium"],"potions_floor_usage":[6,6,6,13,14,16],"damage_taken":[{"damage":0,"enemies":"Cultist","floor":1,"turns":1},{"damage":0,"enemies":"Small Slimes","floor":2,"turns":2},{"damage":0,"enemies":"2 Louse","floor":4,"turns":1},{"damage":36,"enemies":"Lagavulin","floor":6,"turns":13},{"damage":8,"enemies":"Exordium Wildlife","floor":11,"turns":8},{"damage":28,"enemies":"Gremlin Nob","floor":13,"turns":7},{"damage":5,"enemies":"2 Fungi Beasts","floor":14,"turns":2},{"damage":55,"enemies":"The Guardian","floor":16,"turns":12}],"seed_played":"-2195410322684140850","potions_obtained":[{"floor":1,"key":"PowerPotion"},{"floor":2,"key":"ColorlessPotion"},{"floor":4,"key":"Dexterity Potion"},{"floor":12,"key":"CultistPotion"},{"floor":12,"key":"Explosive Potion"},{"floor":12,"key":"SteroidPotion"},{"floor":14,"key":"Weak Potion"}],"is_trial":false,"path_per_floor":["M","M","?","M","?","E","?","R","T","R","M","?","E","M","R","B"],"character_chosen":"THE_CURSED","items_purchased":[],"campfire_rested":2,"item_purchase_floors":[],"current_hp_per_floor":[75,75,75,75,75,39,39,61,61,61,53,53,25,20,42,0,0],"gold":254,"neow_bonus":"THREE_ENEMY_KILL","is_daily":false,"chose_seed":false,"campfire_upgraded":1,"win_rate":0.0,"timestamp":1608762718,"path_taken":["M","M","?","?","?","E","?","R","T","R","M","?","E","M","R","BOSS"],"items_purchased_type":[],"build_version":"2020-12-22","purchased_purges":0,"victory":false,"max_hp_per_floor":[75,75,75,75,75,75,75,75,75,75,75,75,75,75,75,75,75],"card_choices":[{"not_picked":["TheCursedMod:WearCloak","TheCursedMod:EmpowerCircles"],"picked":"TheCursedMod:SmokeScreen","floor":1},{"not_picked":["TheCursedMod:CircleOfFocus","TheCursedMod:CircleOfCorruption"],"picked":"TheCursedMod:CursedArmor","floor":2},{"not_picked":["TheCursedMod:RavingStaff","TheCursedMod:Obscuration"],"picked":"TheCursedMod:Stretching","floor":4},{"not_picked":["TheCursedMod:Stretching","TheCursedMod:ReleasedKnowledge","TheCursedMod:ParallelWorld"],"picked":"SKIP","floor":6},{"not_picked":["TheCursedMod:CircleOfWindfury","TheCursedMod:VitalStrike"],"picked":"TheCursedMod:CircleOfFlame","floor":11},{"not_picked":["TheCursedMod:DoubleShield","TheCursedMod:ReleasedKnowledge"],"picked":"TheCursedMod:CursedBlade","floor":13},{"not_picked":["TheCursedMod:Torture","TheCursedMod:CircleOfFlame"],"picked":"TheCursedMod:RapidMovement","floor":14}],"player_experience":248782,"relics_obtained":[{"floor":6,"key":"Lantern"},{"floor":9,"key":"TheCursedMod:DemonicMark"},{"floor":13,"key":"Bottled Lightning"}],"event_choices":[{"damage_healed":0,"gold_gain":0,"player_choice":"1 cards matched","damage_taken":0,"max_hp_gain":0,"max_hp_loss":0,"event_name":"Match and Keep!","floor":3,"gold_loss":0,"cards_obtained":["TheCursedMod:NeowsMight"]},{"damage_healed":0,"gold_gain":0,"player_choice":"Box","damage_taken":0,"relics_obtained":["CaptainsWheel"],"max_hp_gain":0,"max_hp_loss":0,"event_name":"Big Fish","floor":5,"gold_loss":0,"cards_obtained":["Regret"]},{"damage_healed":0,"gold_gain":0,"player_choice":"Grow","damage_taken":0,"max_hp_gain":0,"max_hp_loss":0,"event_name":"Living Wall","floor":7,"gold_loss":0,"cards_upgraded":["TheCursedMod:NeowsMight"]},{"damage_healed":0,"gold_gain":0,"player_choice":"Got Potions","damage_taken":0,"max_hp_gain":0,"max_hp_loss":0,"event_name":"Lab","floor":12,"gold_loss":0}],"is_beta":false,"boss_relics":[],"items_purged_floors":[],"is_endless":false,"potions_floor_spawned":[1,2,4,14],"killed_by":"The Guardian","ascension_level":0}}