{"host":"daa8jqyg4gqfaysm","time":1608731875,"event":{"mods":["BaseMod","Colored Powertips","Hermit","Minty Spire (QoL Compilation)","StSLib"],"gold_per_floor":[119,22,22,22,37,37,68,68,91,106,126,153,253,267,267,370,370,383,433,453,453,453,453,478,478,478,478,488,515,526,537,537,637,637,654,664,664,681,681,681,691,691,691,702,702,54,54,71,71,71,71,71,71,104,104,104],"floor_reached":55,"playtime":1777,"items_purged":["Strike_G+1"],"score":717,"play_id":"64afc9df-adde-43f9-86dc-bb8b0f83f3d9","local_time":"20201223215755","is_ascension_mode":false,"campfire_choices":[{"data":"Envenom","floor":6,"key":"SMITH"},{"data":"Noxious Fumes","floor":8,"key":"SMITH"},{"data":"Dagger Spray","floor":15,"key":"SMITH"},{"data":"Die Die Die","floor":23,"key":"SMITH"},{"data":"Leg Sweep","floor":25,"key":"SMITH"},{"data":"Bane","floor":27,"key":"SMITH"},{"data":"Well Laid Plans","floor":32,"key":"SMITH"},{"data":"Deadly Poison","floor":40,"key":"SMITH"},{"floor":42,"key":"RECALL"},{"data":"Blade Dance","floor":45,"key":"SMITH"},{"data":"Footwork","floor":49,"key":"SMITH"},{"data":"Neutralize","floor":52,"key":"SMITH"}],"circlet_count":0,"master_deck":["Strike_G+1","Strike_G+1","Strike_G+1","Defend_G+1","Defend_G+1","Defend_G+1","Defend_G+1","Defend_G+1","Survivor","Neutralize+1","Envenom+1","Bane+1","Quick Slash","Noxious Fumes+1","Blade Dance+1","Leg Sweep+1","Dagger Spray+1","Deadly Poison+1","Die Die Die+1","CurseOfTheBell","Blade Dance+1","Cloak And Dagger+1","Backflip+1","Well Laid Plans+1","Dodge and Roll+1","After Image+1","Leg Sweep+1","Prepared+1","Escape Plan+1","Footwork+1","Thinking Ahead+1","Cloak And Dagger+1"],"relics":["Ring of the Snake","Bag of Marbles","Anchor","InkBottle","Calling Bell","Vajra","Toxic Egg 2","Du-Vu Doll","The Specimen","Nunchaku","Pen Nib","Sozu","TungstenRod","Happy Flower"],"acts_visited":["Exordium","TheCity","TheBeyond","TheEnding"],"potions_floor_usage":[16,55,55],"damage_taken":[{"damage":1,"enemies":"Cultist","floor":1,"turns":3},{"damage":0,"enemies":"Jaw Worm","floor":5,"turns":4},{"damage":21,"enemies":"Lagavulin","floor":7,"turns":5},{"damage":0,"enemies":"Small Slimes","floor":10,"turns":1},{"damage":0,"enemies":"Exordium Thugs","floor":11,"turns":4},{"damage":16,"enemies":"Gremlin Nob","floor":12,"turns":3},{"damage":0,"enemies":"Blue Slaver","floor":14,"turns":4},{"damage":28,"enemies":"Slime Boss","floor":16,"turns":8},{"damage":0,"enemies":"Chosen","floor":18,"turns":3},{"damage":3,"enemies":"Shell Parasite","floor":20,"turns":5},{"damage":2,"enemies":"Gremlin Leader","floor":24,"turns":5},{"damage":0,"enemies":"Cultist and Chosen","floor":28,"turns":3},{"damage":0,"enemies":"Slavers","floor":29,"turns":2},{"damage":10,"enemies":"Centurion and Healer","floor":30,"turns":4},{"damage":7,"enemies":"Snake Plant","floor":31,"turns":3},{"damage":44,"enemies":"Champ","floor":33,"turns":9},{"damage":0,"enemies":"3 Darklings","floor":35,"turns":3},{"damage":0,"enemies":"3 Shapes","floor":36,"turns":2},{"damage":0,"enemies":"Writhing Mass","floor":38,"turns":8},{"damage":0,"enemies":"Sphere and 2 Shapes","floor":41,"turns":4},{"damage":3,"enemies":"Jaw Worm Horde","floor":44,"turns":4},{"damage":2,"enemies":"Transient","floor":48,"turns":5},{"damage":40,"enemies":"Time Eater","floor":50,"turns":15},{"damage":11,"enemies":"Shield and Spear","floor":54,"turns":7},{"damage":55,"enemies":"The Heart","floor":55,"turns":6}],"seed_played":"-5926471183225494443","potions_obtained":[{"floor":7,"key":"Weak Potion"},{"floor":11,"key":"FearPotion"},{"floor":12,"key":"Fire Potion"},{"floor":16,"key":"EssenceOfSteel"},{"floor":20,"key":"SteroidPotion"}],"is_trial":false,"path_per_floor":["M","$","?","?","M","R","E","R","T","M","M","E","?","M","R","B",null,"M","?","M","?","?","R","E","R","T","R","M","E","M","M","R","B",null,"M","M","?","M","?","R","M","R","T","M","R","$","?","M","R","B",null,"R","$","E","B"],"character_chosen":"THE_SILENT","items_purchased":["Quick Slash","Noxious Fumes","Footwork","TungstenRod","Thinking Ahead+1","Cloak And Dagger+1"],"campfire_rested":0,"item_purchase_floors":[2,2,46,46,46,46],"current_hp_per_floor":[69,69,69,69,69,69,48,48,48,48,48,32,32,32,32,4,70,70,70,67,67,67,67,65,65,65,65,65,65,55,48,48,4,70,70,70,70,70,66,66,66,66,66,63,63,63,63,61,61,21,66,66,66,55,0,0],"gold":104,"neow_bonus":"ONE_RANDOM_RARE_CARD","is_daily":false,"chose_seed":false,"campfire_upgraded":11,"win_rate":0.0,"timestamp":1608731875,"path_taken":["M","?","?","?","M","R","E","R","T","M","?","E","?","?","R","BOSS","M","?","?","?","?","R","E","R","T","R","M","E","M","M","R","BOSS","M","M","?","?","?","R","M","R","T","M","R","?","?","M","R","BOSS","R","$","E","BOSS"],"items_purchased_type":["Card","Card","Card","Relic","Card","Card"],"build_version":"2020-12-22","purchased_purges":1,"victory":false,"max_hp_per_floor":[70,70,70,70,70,70,70,70,70,70,70,70,70,70,70,70,70,70,70,70,70,70,70,70,70,70,70,70,70,70,70,70,70,70,70,70,70,70,66,66,66,66,66,66,66,66,66,66,66,66,66,66,66,66,66,66],"card_choices":[{"not_picked":["Cloak And Dagger","Leg Sweep"],"picked":"Bane","floor":1},{"not_picked":["Dodge and Roll","Concentrate"],"picked":"Blade Dance","floor":5},{"not_picked":["Choke","Slice"],"picked":"Leg Sweep","floor":7},{"not_picked":["Concentrate","Eviscerate","Expertise"],"picked":"SKIP","floor":10},{"not_picked":["Infinite Blades","Dagger Throw"],"picked":"Dagger Spray","floor":11},{"not_picked":["Quick Slash","Poisoned Stab","Endless Agony"],"picked":"SKIP","floor":12},{"not_picked":["Concentrate","Dagger Spray"],"picked":"Deadly Poison","floor":14},{"not_picked":["Grand Finale","Wraith Form v2"],"picked":"Die Die Die","floor":16},{"not_picked":["Heel Hook","Bane"],"picked":"Blade Dance+1","floor":18},{"not_picked":["Blade Dance+1","Terror+1"],"picked":"Cloak And Dagger+1","floor":20},{"not_picked":["Slice","Deadly Poison+1","Endless Agony"],"picked":"SKIP","floor":24},{"not_picked":["Expertise+1","Dodge and Roll+1"],"picked":"Backflip+1","floor":28},{"not_picked":["Deflect+1","Dagger Spray"],"picked":"Well Laid Plans","floor":29},{"not_picked":["Heel Hook","Distraction+1"],"picked":"Dodge and Roll+1","floor":30},{"not_picked":["Eviscerate","Skewer","Leg Sweep+1"],"picked":"SKIP","floor":31},{"not_picked":["Burst+1","Tools of the Trade"],"picked":"After Image","floor":33},{"not_picked":["Caltrops+1","Endless Agony","Noxious Fumes"],"picked":"SKIP","floor":35},{"not_picked":["Blade Dance+1","Bane"],"picked":"Leg Sweep+1","floor":36},{"not_picked":["Masterful Stab+1","Slice+1"],"picked":"Prepared+1","floor":38},{"not_picked":["Poisoned Stab+1","Deflect+1","Choke"],"picked":"SKIP","floor":41},{"not_picked":["Acrobatics+1","Deflect+1"],"picked":"Escape Plan+1","floor":44},{"not_picked":["Dagger Throw+1","Outmaneuver+1","Sucker Punch"],"picked":"SKIP","floor":48},{"not_picked":["Sucker Punch","Noxious Fumes","Concentrate+1"],"picked":"SKIP","floor":54}],"player_experience":726555,"relics_obtained":[{"floor":7,"key":"Bag of Marbles"},{"floor":9,"key":"Anchor"},{"floor":12,"key":"InkBottle"},{"floor":17,"key":"Vajra"},{"floor":17,"key":"Toxic Egg 2"},{"floor":17,"key":"Du-Vu Doll"},{"floor":24,"key":"The Specimen"},{"floor":26,"key":"Nunchaku"},{"floor":29,"key":"Pen Nib"},{"floor":54,"key":"Happy Flower"}],"event_choices":[{"damage_healed":0,"gold_gain":0,"player_choice":"Ignored","damage_taken":0,"max_hp_gain":0,"max_hp_loss":0,"event_name":"Liars Game","floor":3,"gold_loss":0},{"cards_removed":["Strike_G"],"damage_healed":0,"gold_gain":0,"player_choice":"Offered Basic","damage_taken":0,"max_hp_gain":0,"max_hp_loss":0,"event_name":"Bonfire Elementals","floor":4,"gold_loss":0},{"damage_healed":0,"gold_gain":100,"player_choice":"Pray","damage_taken":0,"max_hp_gain":0,"max_hp_loss":0,"event_name":"Golden Shrine","floor":13,"gold_loss":0},{"damage_healed":0,"gold_gain":100,"player_choice":"Bet on Murderer","damage_taken":0,"max_hp_gain":0,"max_hp_loss":0,"event_name":"The Joust","floor":19,"gold_loss":50},{"damage_healed":0,"gold_gain":0,"player_choice":"Simplicity","damage_taken":0,"max_hp_gain":0,"max_hp_loss":0,"event_name":"Back to Basics","floor":21,"gold_loss":0,"cards_upgraded":["Strike_G","Strike_G","Strike_G","Strike_G","Defend_G","Defend_G","Defend_G","Defend_G","Defend_G"]},{"damage_healed":0,"gold_gain":0,"player_choice":"Ignored","damage_taken":0,"max_hp_gain":0,"max_hp_loss":0,"event_name":"Vampires","floor":22,"gold_loss":0},{"damage_healed":0,"gold_gain":0,"player_choice":"Upgraded","damage_taken":0,"max_hp_gain":0,"max_hp_loss":0,"event_name":"Upgrade Shrine","floor":37,"gold_loss":0,"cards_upgraded":["After Image"]},{"damage_healed":0,"gold_gain":0,"player_choice":"Max HP","damage_taken":0,"max_hp_gain":0,"max_hp_loss":4,"event_name":"Winding Halls","floor":39,"gold_loss":0},{"damage_healed":0,"gold_gain":0,"player_choice":"Ignored","damage_taken":0,"max_hp_gain":0,"max_hp_loss":0,"event_name":"NoteForYourself","floor":47,"gold_loss":0}],"is_beta":false,"boss_relics":[{"not_picked":["Ring of the Serpent","Pandora\u0027s Box"],"picked":"Calling Bell"},{"not_picked":["Astrolabe","Busted Crown"],"picked":"Sozu"}],"items_purged_floors":[46],"is_endless":false,"potions_floor_spawned":[7,11,12,16,18,20,29,30,41,44],"killed_by":"The Heart","ascension_level":0}}