{"host":"4cz9gr89nglr7k8k","time":1608759607,"event":{"mods":["BaseMod","Minty Spire (QoL Compilation)","Relic Stats","Slay-I"],"gold_per_floor":[216,1,1,1,76,41,60,70,70,19,19,38,50,62,62,135,135,154,154,167,167,167],"floor_reached":21,"playtime":725,"items_purged":[],"score":333,"play_id":"d4b14185-0fb7-4022-a14d-bce2efdac2df","local_time":"20201223224007","is_ascension_mode":true,"campfire_choices":[{"floor":11,"key":"REST"},{"floor":15,"key":"REST"}],"circlet_count":0,"master_deck":["AscendersBane","Strike_B","Strike_B","Strike_B+1","Strike_B","Defend_B","Defend_B","Defend_B","Defend_B","Zap","Dualcast","Coolheaded","Creative AI+1","Rip and Tear","Gash","Capacitor","Steam","Conserve Battery","Ball Lightning","Go for the Eyes","Amplify","Turbo","Pain","Barrage"],"relics":["Cracked Core","Pear","Busted Crown","WarpedTongs"],"acts_visited":["Exordium","TheCity"],"potions_floor_usage":[16,20,21,21],"damage_taken":[{"damage":5,"enemies":"Small Slimes","floor":1,"turns":3},{"damage":4,"enemies":"2 Louse","floor":7,"turns":3},{"damage":0,"enemies":"Cultist","floor":8,"turns":3},{"damage":33,"enemies":"Exordium Wildlife","floor":12,"turns":6},{"damage":7,"enemies":"Large Slime","floor":13,"turns":5},{"damage":18,"enemies":"Lots of Slimes","floor":14,"turns":4},{"damage":34,"enemies":"The Guardian","floor":16,"turns":12},{"damage":39,"enemies":"3 Byrds","floor":18,"turns":6},{"damage":17,"enemies":"Spheric Guardian","floor":20,"turns":4},{"damage":28,"enemies":"Centurion and Healer","floor":21,"turns":3}],"seed_played":"698567947105390949","potions_obtained":[{"floor":8,"key":"Fire Potion"},{"floor":12,"key":"ColorlessPotion"},{"floor":16,"key":"Regen Potion"},{"floor":20,"key":"FearPotion"}],"is_trial":false,"path_per_floor":["M","$","?","?","?","?","M","M","T","$","R","M","M","M","R","B",null,"M","?","M","M"],"character_chosen":"DEFECT","items_purchased":["Creative AI","Rip and Tear","Steam"],"campfire_rested":2,"item_purchase_floors":[2,2,10],"current_hp_per_floor":[59,59,64,41,30,49,45,45,55,55,80,47,40,22,47,13,68,29,29,12,0,0],"gold":167,"neow_bonus":"HUNDRED_GOLD","is_daily":false,"chose_seed":false,"campfire_upgraded":0,"win_rate":0.0,"timestamp":1608759607,"path_taken":["M","$","?","?","?","?","M","M","T","$","R","M","M","M","R","BOSS","M","?","M","?"],"items_purchased_type":["Card","Card","Card"],"build_version":"2020-12-22","purchased_purges":0,"victory":false,"max_hp_per_floor":[71,71,76,76,76,76,76,76,86,86,86,86,86,86,86,86,86,86,86,86,86,86],"relic_stats":{"Busted Crown":4,"counters":[10,49],"obtain_stats":[{"Pear":9,"Busted Crown":17,"Cracked Core":0,"WarpedTongs":19},{"Pear":3,"Busted Crown":7,"Cracked Core":0,"WarpedTongs":8},{"Pear":9,"Busted Crown":36,"Cracked Core":0,"WarpedTongs":42}],"WarpedTongs":[7]},"card_choices":[{"not_picked":["Aggregate","Conserve Battery"],"picked":"Coolheaded","floor":1},{"not_picked":["Genetic Algorithm","Aggregate"],"picked":"Gash","floor":7},{"not_picked":["Leap","Coolheaded"],"picked":"Capacitor","floor":8},{"not_picked":["Stack","Steam"],"picked":"Conserve Battery","floor":12},{"not_picked":["Steam","Turbo"],"picked":"Ball Lightning","floor":13},{"not_picked":["Turbo","FTL"],"picked":"Go for the Eyes","floor":14},{"not_picked":["Multi-Cast","Meteor Strike"],"picked":"Amplify","floor":16},{"not_picked":[],"picked":"Turbo","floor":18},{"not_picked":[],"picked":"Barrage","floor":20}],"player_experience":1456129,"relics_obtained":[{"floor":9,"key":"Pear"}],"event_choices":[{"damage_healed":0,"gold_gain":0,"player_choice":"Donut","damage_taken":0,"max_hp_gain":5,"max_hp_loss":0,"event_name":"Big Fish","floor":3,"gold_loss":0},{"damage_healed":0,"gold_gain":0,"player_choice":"Entered Light","damage_taken":23,"max_hp_gain":0,"max_hp_loss":0,"event_name":"Shining Light","floor":4,"gold_loss":0,"cards_upgraded":["Creative AI","Strike_B"]},{"damage_healed":0,"gold_gain":75,"player_choice":"Gather Gold","damage_taken":11,"max_hp_gain":0,"max_hp_loss":0,"event_name":"World of Goop","floor":5,"gold_loss":0},{"damage_healed":19,"gold_gain":0,"player_choice":"Healed","damage_taken":0,"max_hp_gain":0,"max_hp_loss":0,"event_name":"The Cleric","floor":6,"gold_loss":35},{"damage_healed":0,"gold_gain":0,"player_choice":"Rummage","damage_taken":0,"relics_obtained":["WarpedTongs"],"max_hp_gain":0,"max_hp_loss":0,"event_name":"Accursed Blacksmith","floor":19,"gold_loss":0,"cards_obtained":["Pain"]}],"is_beta":false,"boss_relics":[{"not_picked":["Tiny House","Cursed Key"],"picked":"Busted Crown"}],"items_purged_floors":[],"is_endless":false,"potions_floor_spawned":[8,12,13,16,20],"killed_by":"Centurion and Healer","ascension_level":19}}