{"host":"k5ezbu40hxyit46v","time":1608704512,"event":{"mods":["Act Like it!","Aspiration","Astrologer","BaseMod","BetterRewards","Conspire","DeckTracker","Energized Spire","Googly Eyes","Halation","HexUI Lib","Highlight Path","Hubris","Infinite Spire","Jedi Mod","Mad Scientist","Marisa????????","Minty Spire (QoL Compilation)","Quarter Circle Forward PUNCH!","Quick Restart","Replay The Spire","Reworked Bosses","Shop Mod","Spikes Relics","StSLib","The Administrix","The Awakened One except there are too many feathers","The Bladedancer","The Cursed","The IronCluck","The Servant 0.9.4","The Wild Card","everything is the same but u backflip on backflip","slay the spire mod where everything is the same but ironclad has a cowboy hat","vexMod"],"gold_per_floor":[113,113,113,113,127,153,153,178,178,178,26,54,65,100,100,172,172,172,172],"floor_reached":18,"playtime":497,"items_purged":["Strike_B"],"score":522,"play_id":"f95e03dd-251f-4f38-bd6f-92b89742e966","local_time":"20201223012152","is_ascension_mode":true,"campfire_choices":[{"data":"Defragment","floor":7.0,"key":"SMITH"},{"data":"Defend_B","floor":10.0,"key":"SMITH"},{"data":"jedi:hex","floor":15,"key":"SMITH"}],"circlet_count":0,"master_deck":["AscendersBane","Strike_B","Strike_B","Strike_B","Defend_B","Defend_B+1","Defend_B","Defend_B","Zap+1","Bash","Defragment+1","BasicCrystalCard","Ball Lightning","ReplayGash","jedi:hex+1"],"relics":["NeowsBlessing","ReplayFunnel","Iron Core","hubris:SoftwareUpdate","Lantern","infinitespire:Beetle Shell","Replay:Antivirus Software","halation:PromiseList"],"acts_visited":["Exordium","TheCity"],"potions_floor_usage":[],"damage_taken":[{"damage":0.0,"enemies":"Jaw Worm","floor":1.0,"turns":1.0},{"damage":0.0,"enemies":"Small Slimes","floor":5.0,"turns":1.0},{"damage":0.0,"enemies":"Lagavulin","floor":6.0,"turns":1.0},{"damage":32.0,"enemies":"3 Sentries","floor":8.0,"turns":7.0},{"damage":8.0,"enemies":"Gremlin Nob","floor":12.0,"turns":3.0},{"damage":8,"enemies":"2 Louse","floor":13,"turns":2},{"damage":7,"enemies":"Lagavulin","floor":14,"turns":4},{"damage":0,"enemies":"The Guardian","floor":16,"turns":9},{"damage":3,"enemies":"conspire:FuzzyDice","floor":18,"turns":3}],"seed_played":"5483945366274479025","potions_obtained":[{"floor":1.0,"key":"Adrenaline Potion"},{"floor":8.0,"key":"Fire Potion"},{"floor":13,"key":"Dexterity Potion"}],"is_trial":false,"path_per_floor":["M","?","T","?","M","E","R","E","T","R","$","E","M","E","R","B",null,"M"],"character_chosen":"DEFECT","items_purchased":["BasicCrystalCard","Ball Lightning"],"campfire_rested":0,"item_purchase_floors":[11,11],"current_hp_per_floor":[64,64,64,64,64,64,64,32,32,32,32,24,16,9,9,9,56,53,53],"gold":172,"neow_bonus":"THREE_ENEMY_KILL","is_daily":false,"chose_seed":false,"campfire_upgraded":3,"win_rate":0.0,"timestamp":1608704512,"path_taken":["M","?","?","?","M","E","R","E","T","R","$","E","M","E","R","BOSS","M"],"items_purchased_type":["Card","Card"],"build_version":"2020-12-13","purchased_purges":1,"victory":false,"max_hp_per_floor":[71,71,71,71,71,71,71,71,71,71,71,71,71,71,71,71,71,71,71],"card_choices":[{"not_picked":["Go for the Eyes","Tempest","Hologram"],"picked":"SKIP","floor":1.0},{"not_picked":["Hologram","jedi:BurstLightning"],"picked":"Defragment","floor":5.0},{"not_picked":["Hologram","ReplayTheSpireMod:Omega Cannon","Sweeping Beam"],"picked":"SKIP","floor":6.0},{"not_picked":["Beam Cell","jedi:sharpshooter","Hyperbeam"],"picked":"SKIP","floor":8.0},{"not_picked":["RefreshScreen","hubris:Prefetch","Barrage"],"picked":"SKIP","floor":12.0},{"not_picked":["Warcry","Beam Cell"],"picked":"ReplayGash","floor":13},{"not_picked":["Heavy Blade","ReplayTheSpireMod:Reroute Power"],"picked":"jedi:hex","floor":14}],"player_experience":1216570,"relics_obtained":[{"floor":3.0,"key":"ReplayFunnel"},{"floor":6.0,"key":"hubris:SoftwareUpdate"},{"floor":8.0,"key":"Lantern"},{"floor":9.0,"key":"infinitespire:Beetle Shell"},{"floor":12.0,"key":"Replay:Antivirus Software"},{"floor":14,"key":"halation:PromiseList"}],"event_choices":[],"is_beta":false,"boss_relics":[{"not_picked":["halation:Risk","Kintsugi","ReplayTheSpireMod:DimensionalGlitch"]}],"items_purged_floors":[11],"is_endless":false,"potions_floor_spawned":[1,8,13],"killed_by":"conspire:FuzzyDice","ascension_level":20}}