{"host":"qrt7o4dq2qslzw13","time":1608712380,"event":{"mods":["AchievementEnabler","BaseMod","Colored Map","Colored Powertips","Minty Spire (QoL Compilation)","Quick Restart","Rare Cards Sparkle","StSLib","SuperFastMode"],"gold_per_floor":[110,73,73,348,361,361,389,389,441,461,24,24,39,51,51,130,130,141,141,157,29,29,29],"floor_reached":22,"playtime":308,"items_purged":[],"score":418,"play_id":"6d51e95c-0a27-48c0-814e-029c3be8b57e","local_time":"20201223033300","is_ascension_mode":true,"campfire_choices":[{"data":"Inflame","floor":6.0,"key":"SMITH"},{"data":"Rupture","floor":8.0,"key":"SMITH"},{"floor":15.0,"key":"REST"}],"circlet_count":0,"master_deck":["AscendersBane","Bash","Thunderclap","Rupture+1","Regret","Inflame+1","Iron Wave","Anger","Rage","Warcry","Rampage","Limit Break","Combust","Combust","Juggernaut","Limit Break","Shockwave","Whirlwind","Infernal Blade","Dark Embrace","Rampage","Clash","Shockwave","Inflame","Iron Wave","Sentinel","Battle Trance","Cleave"],"relics":["Burning Blood","NeowsBlessing","Shuriken","Dream Catcher","Lantern","Pandora\u0027s Box"],"acts_visited":["Exordium","TheCity"],"potions_floor_usage":[],"damage_taken":[{"damage":0.0,"enemies":"2 Louse","floor":1.0,"turns":1.0},{"damage":0.0,"enemies":"Jaw Worm","floor":5.0,"turns":1.0},{"damage":0.0,"enemies":"3 Sentries","floor":7.0,"turns":1.0},{"damage":9.0,"enemies":"Cultist","floor":10.0,"turns":4.0},{"damage":27.0,"enemies":"Exordium Wildlife","floor":13.0,"turns":5.0},{"damage":37.0,"enemies":"Gremlin Gang","floor":14.0,"turns":4.0},{"damage":48.0,"enemies":"Slime Boss","floor":16.0,"turns":7.0},{"damage":33.0,"enemies":"3 Byrds","floor":18.0,"turns":3.0},{"damage":2.0,"enemies":"Chosen","floor":20.0,"turns":3.0},{"damage":0,"enemies":"Shelled Parasite and Fungi","floor":22,"turns":1}],"seed_played":"823466727010533603","potions_obtained":[{"floor":1.0,"key":"Regen Potion"},{"floor":5.0,"key":"Energy Potion"},{"floor":13.0,"key":"LiquidMemories"},{"floor":16.0,"key":"GamblersBrew"},{"floor":18.0,"key":"Block Potion"}],"is_trial":false,"path_per_floor":["M","$","?","?","M","R","E","R","T","M","$","?","M","M","R","B",null,"M","$","M","$","M"],"character_chosen":"IRONCLAD","items_purchased":["Rupture","Rage","Warcry","Lantern","Rampage","Metallicize","Battle Trance","Cleave"],"campfire_rested":1,"item_purchase_floors":[2,11,11,11,11,11,21,21],"current_hp_per_floor":[74,74,67,67,73,73,75,75,75,72,72,72,63,32,54,12,59,32,32,36,36,36,36],"gold":29,"neow_bonus":"THREE_ENEMY_KILL","is_daily":false,"chose_seed":false,"campfire_upgraded":2,"win_rate":0.0,"timestamp":1608712380,"path_taken":["M","$","?","?","?","R","E","R","T","M","$","?","M","M","R","BOSS","M","$","?","$","M"],"items_purchased_type":["Card","Card","Card","Relic","Card","Card","Card","Card"],"build_version":"2020-12-22","purchased_purges":0,"victory":false,"max_hp_per_floor":[75,75,75,75,75,75,75,75,75,75,75,75,75,75,75,75,75,75,75,75,75,75,75],"card_choices":[{"not_picked":["Armaments","Second Wind"],"picked":"Thunderclap","floor":1.0},{"not_picked":["Anger","Warcry"],"picked":"Inflame","floor":5.0},{"not_picked":["Entrench","Flex"],"picked":"Iron Wave","floor":7.0},{"not_picked":["Perfected Strike","Sword Boomerang"],"picked":"Anger","floor":10.0},{"not_picked":["Sword Boomerang","Hemokinesis"],"picked":"Combust","floor":13.0},{"not_picked":["Perfected Strike","Clash"],"picked":"Combust","floor":14.0},{"not_picked":["Headbutt","Combust"],"picked":"Juggernaut","floor":15.0},{"not_picked":["Bludgeon","Brutality"],"picked":"Limit Break","floor":16.0},{"not_picked":["Flex","Headbutt"],"picked":"Iron Wave","floor":18.0},{"not_picked":["Wild Strike","Havoc"],"picked":"Sentinel","floor":20.0}],"player_experience":466951,"relics_obtained":[{"floor":7.0,"key":"Shuriken"},{"floor":9.0,"key":"Dream Catcher"}],"event_choices":[{"cards_removed":["Strike_R"],"damage_healed":0.0,"max_hp_gain":0.0,"max_hp_loss":0.0,"gold_gain":0.0,"event_name":"Golden Wing","player_choice":"Card Removal","floor":3.0,"gold_loss":0.0,"damage_taken":7.0},{"damage_healed":0.0,"max_hp_gain":0.0,"max_hp_loss":0.0,"gold_gain":275.0,"event_name":"Golden Shrine","player_choice":"Desecrate","floor":4.0,"gold_loss":0.0,"damage_taken":0.0,"cards_obtained":["Regret"]},{"damage_healed":0.0,"max_hp_gain":0.0,"max_hp_loss":0.0,"gold_gain":0.0,"cards_transformed":["Metallicize"],"event_name":"Transmorgrifier","player_choice":"Transformed","floor":12.0,"gold_loss":0.0,"damage_taken":0.0,"cards_obtained":["Limit Break"]}],"is_beta":false,"boss_relics":[{"not_picked":["Runic Pyramid","SlaversCollar"],"picked":"Pandora\u0027s Box"}],"items_purged_floors":[],"is_endless":false,"potions_floor_spawned":[1,5,13,16,18],"killed_by":"Shelled Parasite and Fungi","ascension_level":20}}