{"host":"3zmyosrb19tilrsv","time":1608705547,"event":{"mods":["AchievementEnabler","BaseMod","Better Third Choice","Colored Powertips","Marisa????????","Minty Spire (QoL Compilation)","Permanent Neow","StSLib","The Cursed","The Disciple","The Jungle","The Runesmith"],"gold_per_floor":[15,15,34,46,16,41,55,65,65,92,115,127,168,197,209,326,338,370,402,30,50,50,50,150,164,164,164,178,178,178,189,189,292,292,306,41,53,53,69,97,108,108,154,154,18,30,30,49,49,49,49],"floor_reached":50,"playtime":4310,"items_purged":["Strike_MRS","Strike_MRS","Defend_MRS"],"score":498,"play_id":"f2572d71-60cc-43e8-9a25-b1ec77353a13","local_time":"20201222223907","is_ascension_mode":false,"campfire_choices":[{"floor":12,"key":"REST"},{"floor":15,"key":"REST"},{"data":"MysteriousBeam","floor":23,"key":"SMITH"},{"data":"MysteriousBeam","floor":32,"key":"SMITH"},{"floor":42,"key":"REST"},{"floor":49,"key":"REST"}],"circlet_count":0,"master_deck":["Strike_MRS","Defend_MRS","Defend_MRS","Defend_MRS","MasterSpark","UpSweep+1","TreasureHunter+1","MysteriousBeam+1","ChargingUp","UltimateShortwave","PowerUp","MysteriousBeam+1","PowerUp","MysteriousBeam+1","StarDustReverie","CurseOfTheBell","ChargeUpSpray+1","AsteroidBelt+1"],"relics":["MiniHakkero","betterThird:SlimedRelic","Orichalcum","Shuriken","Kunai","MawBank","Matryoshka","Blood Vial","Unceasing Top","Velvet Choker","Juzu Bracelet","Toolbox","Peace Pipe","Calling Bell","Pen Nib","BreadOfAWashokuLover","FossilizedHelix","Membership Card","Anchor","Ornamental Fan","Pear","Regal Pillow","Bag of Preparation","Whetstone"],"acts_visited":["Exordium","Exordium","TheBeyond"],"potions_floor_usage":[10,33,33,40,41,41,50,50],"damage_taken":[{"damage":1,"enemies":"2 Louse","floor":1,"turns":4},{"damage":5,"enemies":"Small Slimes","floor":3,"turns":3},{"damage":1,"enemies":"Jaw Worm","floor":4,"turns":3},{"damage":25,"enemies":"3 Sentries","floor":6,"turns":8},{"damage":10,"enemies":"Red Slaver","floor":7,"turns":4},{"damage":3,"enemies":"Exordium Thugs","floor":8,"turns":4},{"damage":8,"enemies":"Lagavulin","floor":10,"turns":5},{"damage":0,"enemies":"3 Louse","floor":11,"turns":3},{"damage":2,"enemies":"Gremlin Nob","floor":13,"turns":3},{"damage":4,"enemies":"2 Fungi Beasts","floor":14,"turns":3},{"damage":36,"enemies":"The Guardian","floor":16,"turns":12},{"damage":2,"enemies":"theJungle:MUSHROOMGANG","floor":18,"turns":4},{"damage":11,"enemies":"theJungle:GiantWrat","floor":19,"turns":4},{"damage":0,"enemies":"theJungle:Lyon","floor":21,"turns":2},{"damage":0,"enemies":"theJungle:SlimyTreeVines","floor":25,"turns":4},{"damage":18,"enemies":"theJungle:Snecko_Cultist_And_Trap","floor":28,"turns":5},{"damage":5,"enemies":"theJungle:JungleHuntersEncounter","floor":31,"turns":3},{"damage":20,"enemies":"theJungle:FunGuy","floor":33,"turns":7},{"damage":8,"enemies":"Orb Walker","floor":35,"turns":4},{"damage":15,"enemies":"3 Shapes","floor":37,"turns":4},{"damage":16,"enemies":"Writhing Mass","floor":39,"turns":6},{"damage":30,"enemies":"Reptomancer","floor":40,"turns":5},{"damage":0,"enemies":"Transient","floor":41,"turns":5},{"damage":11,"enemies":"Jaw Worm Horde","floor":46,"turns":4},{"damage":14,"enemies":"3 Darklings","floor":48,"turns":4},{"damage":85,"enemies":"Awakened One","floor":50,"turns":5}],"seed_played":"-3123453645462642790","potions_obtained":[{"floor":3,"key":"Block Potion"},{"floor":6,"key":"Dexterity Potion"},{"floor":10,"key":"Energy Potion"},{"floor":16,"key":"FearPotion"},{"floor":33,"key":"BottledSpark"},{"floor":35,"key":"Fire Potion"},{"floor":40,"key":"BlessingOfTheForge"},{"floor":46,"key":"Weak Potion"}],"is_trial":false,"path_per_floor":["M","?","M","M","?","E","M","M","T","E","M","R","E","M","R","B",null,"M","M","$","M","?","R","?","M","T","?","M","?","?","M","R","B",null,"M","$","M","?","M","E","M","R","T","?","$","M","$","M","R","B"],"character_chosen":"MARISA","items_purchased":["Juzu Bracelet","Toolbox","Membership Card","Anchor","Whetstone"],"campfire_rested":4,"item_purchase_floors":[20,20,36,36,45],"current_hp_per_floor":[74,67,62,61,50,25,15,12,12,4,4,26,24,22,44,10,75,73,64,64,66,66,66,61,68,68,70,54,54,54,51,51,33,75,67,67,54,54,41,25,27,51,51,51,51,42,42,31,70,0,0],"gold":49,"neow_bonus":"THREE_RARE_CARDS","is_daily":false,"chose_seed":false,"campfire_upgraded":2,"win_rate":0.0,"timestamp":1608705547,"path_taken":["M","?","M","M","?","E","M","M","T","E","M","R","E","M","R","BOSS","M","M","$","M","?","R","?","M","T","?","M","?","?","M","R","BOSS","M","$","M","?","M","E","M","R","T","?","$","M","?","M","R","BOSS"],"items_purchased_type":["Relic","Relic","Relic","Relic","Relic"],"build_version":"2020-12-22","purchased_purges":3,"victory":false,"max_hp_per_floor":[75,75,75,75,75,75,75,75,75,75,75,75,75,75,75,75,75,75,75,75,75,75,75,75,75,75,75,75,75,75,75,75,75,75,75,75,75,71,71,81,81,81,81,81,81,81,81,81,81,81,81],"card_choices":[{"not_picked":["EscapeVelocity","BinaryStars"],"picked":"TreasureHunter","floor":0},{"not_picked":["IllusionStar","DC","Acceleration"],"picked":"SKIP","floor":1},{"not_picked":["IllusionStar","6A"],"picked":"MysteriousBeam","floor":3},{"not_picked":["Robbery","MagicChant"],"picked":"ChargingUp","floor":4},{"not_picked":["ShootingEcho","GravityBeat"],"picked":"UltimateShortwave","floor":6},{"not_picked":["NonDirectionalLaser","GalacticHalo"],"picked":"PowerUp","floor":7},{"not_picked":["LuminesStrike","DeepEcoloBomb"],"picked":"MysteriousBeam","floor":8},{"not_picked":["OneTimeOff","ManaRampage"],"picked":"PowerUp","floor":10},{"not_picked":["SporeBomb","EventHorizon","WitchLeyline"],"picked":"SKIP","floor":11},{"not_picked":["DarkMatter","DoubleSpark","PulseMagic"],"picked":"SKIP","floor":13},{"not_picked":["NonDirectionalLaser","6A","LuminesStrike"],"picked":"SKIP","floor":14},{"not_picked":["LuminesStrike","MilkyWay","AlicesGift"],"picked":"SKIP","floor":18},{"not_picked":["DragonMeteor+1","StarBarrage"],"picked":"MysteriousBeam+1","floor":19},{"not_picked":["DoubleSpark","DragonMeteor","MilkyWay"],"picked":"SKIP","floor":21},{"not_picked":["WitchOfGreed","StarBarrage+1","GrandCross"],"picked":"SKIP","floor":25},{"not_picked":["StarBarrage","DarkSpark","TreasureHunter"],"picked":"SKIP","floor":28},{"not_picked":["GrandCross+1","UnstableBomb","SporeBomb+1"],"picked":"SKIP","floor":31},{"not_picked":["FinalSpark","CollectingQuirk"],"picked":"StarDustReverie","floor":33},{"not_picked":["DarkSpark","DoubleSpark","DeepEcoloBomb"],"picked":"SKIP","floor":35},{"not_picked":["EnergyFlow","AsteroidBelt"],"picked":"ChargeUpSpray+1","floor":37},{"not_picked":["Singularity","Orbital+1","Acceleration"],"picked":"SKIP","floor":39},{"not_picked":["ShootTheMoon+1","EscapeVelocity"],"picked":"SprinkleStarSeal","floor":40},{"not_picked":["DoubleSpark+1","RefractionSpark"],"picked":"AsteroidBelt+1","floor":41},{"not_picked":["Acceleration","MysteriousBeam","PowerUp"],"picked":"SKIP","floor":46},{"not_picked":["DoubleSpark","LuminesStrike","PowerUp"],"picked":"SKIP","floor":48}],"player_experience":20555,"relics_obtained":[{"floor":6,"key":"Orichalcum"},{"floor":6,"key":"Shuriken"},{"floor":9,"key":"Kunai"},{"floor":10,"key":"MawBank"},{"floor":13,"key":"Matryoshka"},{"floor":13,"key":"Blood Vial"},{"floor":16,"key":"Unceasing Top"},{"floor":26,"key":"Peace Pipe"},{"floor":34,"key":"Pen Nib"},{"floor":34,"key":"BreadOfAWashokuLover"},{"floor":34,"key":"FossilizedHelix"},{"floor":40,"key":"Ornamental Fan"},{"floor":40,"key":"Pear"},{"floor":43,"key":"Regal Pillow"},{"floor":43,"key":"Bag of Preparation"}],"event_choices":[{"cards_removed":["Strike_MRS"],"damage_healed":0,"gold_gain":0,"player_choice":"Card Removal","damage_taken":7,"max_hp_gain":0,"max_hp_loss":0,"event_name":"Golden Wing","floor":2,"gold_loss":0},{"damage_healed":0,"gold_gain":0,"player_choice":"Slimed","damage_taken":11,"max_hp_gain":0,"max_hp_loss":0,"event_name":"betterThird:BetterGoop","floor":5,"gold_loss":30},{"damage_healed":0,"gold_gain":0,"player_choice":"Max HP","damage_taken":0,"max_hp_gain":0,"max_hp_loss":4,"event_name":"Winding Halls","floor":38,"gold_loss":0},{"cards_removed":["SprinkleStarSeal"],"damage_healed":0,"gold_gain":0,"player_choice":"Removed Skill","damage_taken":0,"max_hp_gain":0,"max_hp_loss":0,"event_name":"Falling","floor":44,"gold_loss":0}],"is_beta":false,"boss_relics":[{"not_picked":["Philosopher\u0027s Stone","Empty Cage"],"picked":"Velvet Choker"},{"not_picked":["ExperimentalFamiliar","SacredBark"],"picked":"Calling Bell"}],"items_purged_floors":[20,36,45],"is_endless":false,"potions_floor_spawned":[3,6,10,16,18,25,33,35,37,40,46],"killed_by":"Awakened One","ascension_level":0}}