{"host":"na09lpbrez4gbfiz","time":1608715651,"event":{"mods":["Act Like it!","BaseMod","BetterRewards","Colored Map","Colored Powertips","DeckTracker","Googly Eyes","Highlight Path","Minty Spire (QoL Compilation)","Quick Restart","Spicy Shops","StSLib","SuperFastMode","Synergy Search"],"gold_per_floor":[119,133,133,158,158,158,6,6,33,33,66,89,102,118,118,242,242,267,291,311,311,14,14,14,14,37,37,68,68,111,36,36,36,36],"floor_reached":33,"playtime":958,"items_purged":["Injury"],"score":609,"play_id":"a839185d-639b-4cdb-89c5-d2c4fec903a8","local_time":"20201223102731","is_ascension_mode":true,"campfire_choices":[{"floor":6,"key":"DIG"},{"floor":8,"key":"DIG"},{"floor":10,"key":"DIG"},{"floor":15,"key":"REST"},{"floor":23,"key":"DIG"},{"floor":24,"key":"DIG"},{"floor":25,"key":"DIG"},{"floor":27,"key":"REST"},{"floor":32,"key":"REST"}],"circlet_count":0,"master_deck":["AscendersBane","Strike_R+1","Strike_R+1","Strike_R","Strike_R","Defend_R","Defend_R","Defend_R","Defend_R+1","Bash","Shrug It Off","Iron Wave","Ghostly Armor","Bloodletting","Flex","Wild Strike","Offering+1","Bludgeon","Armaments+1","Blood for Blood+1","Double Tap","Hemokinesis+1","Thunderclap+1"],"relics":["Burning Blood","Tiny Chest","Bird Faced Urn","Shovel","Regal Pillow","Golden Idol","Nunchaku","Toy Ornithopter","Sling","Blood Vial","Bronze Scales","Potion Belt","Lantern","Philosopher\u0027s Stone","WingedGreaves","Whetstone","Brimstone","Ancient Tea Set","Bag of Preparation","War Paint","Dream Catcher","Frozen Egg 2","MutagenicStrength","Juzu Bracelet"],"acts_visited":["Exordium","TheCity"],"potions_floor_usage":[11,16,16,19,30],"damage_taken":[{"damage":2,"enemies":"2 Louse","floor":1,"turns":4},{"damage":0,"enemies":"Jaw Worm","floor":2,"turns":5},{"damage":31,"enemies":"Gremlin Nob","floor":11,"turns":5},{"damage":2,"enemies":"Cultist","floor":12,"turns":4},{"damage":3,"enemies":"Blue Slaver","floor":13,"turns":3},{"damage":11,"enemies":"Exordium Wildlife","floor":14,"turns":4},{"damage":22,"enemies":"Slime Boss","floor":16,"turns":7},{"damage":25,"enemies":"Shell Parasite","floor":18,"turns":4},{"damage":15,"enemies":"Spheric Guardian","floor":19,"turns":4},{"damage":37,"enemies":"Shelled Parasite and Fungi","floor":20,"turns":6},{"damage":6,"enemies":"Book of Stabbing","floor":28,"turns":2},{"damage":35,"enemies":"Gremlin Leader","floor":30,"turns":3},{"damage":107,"enemies":"Automaton","floor":33,"turns":6}],"seed_played":"8063225185569274136","potions_obtained":[{"floor":1,"key":"ElixirPotion"},{"floor":13,"key":"ColorlessPotion"},{"floor":14,"key":"Ancient Potion"},{"floor":19,"key":"Fruit Juice"},{"floor":20,"key":"Block Potion"}],"is_trial":false,"path_per_floor":["M","M","?","T","?","R","$","R","T","R","E","M","M","M","R","B",null,"M","M","M","T","$","R","R","R","T","R","E","?","E","$","R","B"],"character_chosen":"IRONCLAD","items_purchased":["Tiny Chest","Shovel","Regal Pillow","Shrug It Off","Sling","Whetstone","Brimstone"],"campfire_rested":3,"item_purchase_floors":[0,0,0,0,7,22,22],"current_hp_per_floor":[36,42,42,42,42,42,42,42,42,42,24,30,35,32,71,64,76,59,62,33,33,33,33,33,33,33,73,75,75,53,53,85,0,0],"gold":36,"neow_bonus":"","is_daily":false,"chose_seed":false,"campfire_upgraded":0,"win_rate":0.0,"timestamp":1608715651,"path_taken":["M","M","?","?","?","R","$","R","T","R","E","M","M","M","R","BOSS","M","M","M","?","$","R","R","R","T","R","E","?","E","?","R","BOSS"],"items_purchased_type":["Relic","Relic","Relic","Card","Relic","Relic","Relic"],"build_version":"2020-12-22","purchased_purges":1,"victory":false,"max_hp_per_floor":[80,80,80,80,80,80,80,80,80,80,80,80,80,80,80,80,80,80,85,85,85,85,85,85,85,85,85,85,85,85,85,85,85,85],"card_choices":[{"not_picked":["Thunderclap","Fire Breathing"],"picked":"Ghostly Armor","floor":1},{"not_picked":["Headbutt","Burning Pact","Feel No Pain"],"picked":"SKIP","floor":2},{"not_picked":["Clothesline","Clash"],"picked":"Bloodletting","floor":11},{"not_picked":["Dark Embrace","Iron Wave"],"picked":"Flex","floor":12},{"not_picked":["Twin Strike","Flame Barrier"],"picked":"Wild Strike","floor":13},{"not_picked":["Sword Boomerang","True Grit"],"picked":"Offering","floor":14},{"not_picked":["Reaper","Berserk"],"picked":"Bludgeon","floor":16},{"not_picked":["Perfected Strike","Pommel Strike+1"],"picked":"Armaments+1","floor":18},{"not_picked":["Pommel Strike","Entrench+1"],"picked":"Blood for Blood+1","floor":19},{"not_picked":["Pommel Strike","Searing Blow+1","Clash"],"picked":"SKIP","floor":20},{"not_picked":["Thunderclap","Armaments"],"picked":"Double Tap","floor":27},{"not_picked":["True Grit","Headbutt"],"picked":"Hemokinesis+1","floor":28},{"not_picked":["Bludgeon","Infernal Blade","Bloodletting"],"picked":"SKIP","floor":30},{"not_picked":["Clothesline","Armaments"],"picked":"Thunderclap+1","floor":32}],"player_experience":241325,"relics_obtained":[{"floor":4,"key":"Nunchaku"},{"floor":6,"key":"Toy Ornithopter"},{"floor":8,"key":"Blood Vial"},{"floor":9,"key":"Bronze Scales"},{"floor":10,"key":"Potion Belt"},{"floor":11,"key":"Lantern"},{"floor":21,"key":"WingedGreaves"},{"floor":23,"key":"Ancient Tea Set"},{"floor":24,"key":"Bag of Preparation"},{"floor":25,"key":"War Paint"},{"floor":26,"key":"Dream Catcher"},{"floor":28,"key":"Frozen Egg 2"},{"floor":30,"key":"Juzu Bracelet"}],"event_choices":[{"damage_healed":0,"gold_gain":0,"player_choice":"Take Wound","damage_taken":0,"relics_obtained":["Golden Idol"],"max_hp_gain":0,"max_hp_loss":0,"event_name":"Golden Idol","floor":3,"gold_loss":0,"cards_obtained":["Injury"]},{"damage_healed":0,"gold_gain":0,"player_choice":"Bought 0 Potions","damage_taken":0,"max_hp_gain":0,"max_hp_loss":0,"event_name":"The Woman in Blue","floor":5,"gold_loss":0},{"damage_healed":0,"gold_gain":0,"player_choice":"Inject Mutagens","damage_taken":0,"relics_obtained":["MutagenicStrength"],"max_hp_gain":0,"max_hp_loss":0,"event_name":"Drug Dealer","floor":29,"gold_loss":0}],"is_beta":false,"boss_relics":[{"not_picked":["SacredBark","Runic Cube"],"picked":"Philosopher\u0027s Stone"}],"items_purged_floors":[31],"is_endless":false,"potions_floor_spawned":[1,13,14,19,20],"killed_by":"Automaton","ascension_level":10}}