{"host":"qekv59dthhdg54sz","time":1608727563,"event":{"mods":["AchievementEnabler","BaseMod","Colored Map","DeckTracker","KOR Keyword Fix","Minty Spire (QoL Compilation)","Rare Cards Sparkle","StSLib","SuperFastMode"],"gold_per_floor":[119,119,138,213,213,213,228,228,252,265,265,276,157,190,190,190,190],"floor_reached":16,"playtime":286,"items_purged":["Strike_G"],"score":200,"play_id":"3a6e4527-17ff-4158-b9ad-f321e0c3f3b4","local_time":"20201223214603","is_ascension_mode":true,"campfire_choices":[{"data":"Deadly Poison","floor":6,"key":"SMITH"},{"data":"Tactician","floor":8,"key":"SMITH"},{"floor":15,"key":"REST"}],"circlet_count":0,"master_deck":["AscendersBane","Strike_G","Strike_G","Strike_G","Defend_G","Defend_G","Defend_G","Survivor","Neutralize","Backflip","Deadly Poison+1","Tactician+1","Blur","Reflex"],"relics":["Ring of the Snake","Bag of Marbles","Blue Candle","Bronze Scales"],"acts_visited":["Exordium"],"potions_floor_usage":[14,16],"damage_taken":[{"damage":3,"enemies":"Cultist","floor":1,"turns":6},{"damage":1,"enemies":"Jaw Worm","floor":3,"turns":5},{"damage":1,"enemies":"Small Slimes","floor":7,"turns":3},{"damage":1,"enemies":"Looter","floor":10,"turns":3},{"damage":9,"enemies":"Exordium Wildlife","floor":12,"turns":5},{"damage":16,"enemies":"Lagavulin","floor":14,"turns":6},{"damage":2,"enemies":"Hexaghost","floor":16,"turns":9}],"seed_played":"-1146073454901823013","potions_obtained":[{"floor":7,"key":"PowerPotion"},{"floor":14,"key":"BlessingOfTheForge"}],"is_trial":false,"path_per_floor":["M","?","M","?","?","R","M","R","T","M","T","M","$","E","R","B"],"character_chosen":"THE_SILENT","items_purchased":["Reflex"],"campfire_rested":1,"item_purchase_floors":[13],"current_hp_per_floor":[41,41,40,29,29,29,28,28,28,27,27,18,18,2,21,19,19],"gold":190,"neow_bonus":"REMOVE_TWO","is_daily":false,"chose_seed":false,"campfire_upgraded":2,"win_rate":0.0,"timestamp":1608727563,"path_taken":["M","?","?","?","?","R","M","R","T","M","?","M","$","E","R","BOSS"],"items_purchased_type":["Card"],"build_version":"2020-12-22","purchased_purges":1,"victory":false,"max_hp_per_floor":[66,66,66,66,66,66,66,66,66,66,66,66,66,66,66,66,66],"card_choices":[{"not_picked":["Calculated Gamble","Finisher"],"picked":"Backflip","floor":1},{"not_picked":["Poisoned Stab","Dagger Throw"],"picked":"Deadly Poison","floor":3},{"not_picked":["Noxious Fumes","Outmaneuver"],"picked":"Tactician","floor":7},{"not_picked":["Deflect","Wraith Form v2"],"picked":"Blur","floor":10},{"not_picked":["Terror","Dodge and Roll","Deflect"],"picked":"SKIP","floor":12},{"not_picked":["Dodge and Roll","All Out Attack","Well Laid Plans"],"picked":"SKIP","floor":14}],"player_experience":746901,"relics_obtained":[{"floor":9,"key":"Bag of Marbles"},{"floor":11,"key":"Blue Candle"},{"floor":14,"key":"Bronze Scales"}],"event_choices":[{"cards_removed":["Defend_G"],"damage_healed":0,"gold_gain":0,"player_choice":"Offered Basic","damage_taken":0,"max_hp_gain":0,"max_hp_loss":0,"event_name":"Bonfire Elementals","floor":2,"gold_loss":0},{"damage_healed":0,"gold_gain":75,"player_choice":"Gather Gold","damage_taken":11,"max_hp_gain":0,"max_hp_loss":0,"event_name":"World of Goop","floor":4,"gold_loss":0},{"damage_healed":0,"gold_gain":0,"player_choice":"Ignored","damage_taken":0,"max_hp_gain":0,"max_hp_loss":0,"event_name":"Liars Game","floor":5,"gold_loss":0}],"is_beta":false,"boss_relics":[],"items_purged_floors":[13],"is_endless":false,"potions_floor_spawned":[7,14],"killed_by":"Hexaghost","ascension_level":20}}