{"host":"w7dhjqgqsib0c3vt","time":1608731716,"event":{"mods":["ATMod(°¢èªMod)","BaseMod","Minty Spire (QoL Compilation)","Shop Mod","StSLib","TheWitcher"],"gold_per_floor":[110,110,110,110,110,110,149,149,176,20,134,134,195,18,18,166,166,216,216,279,329,74,74,182,182,182,252,302,302,302,302,302,500,500,638,638,732,821,211,275,275,245,245,309,309,5,5,5,5,130],"floor_reached":51,"playtime":1677,"items_purged":["Injury","Parasite"],"score":1188,"play_id":"df56f238-fced-46c2-9d25-25ac71065256","local_time":"20201223215515","is_ascension_mode":true,"campfire_choices":[{"data":"Bludgeon","floor":6.0,"key":"SMITH"},{"data":"Bash","floor":8.0,"key":"SMITH"},{"data":"AT_DrawKnifeCut","floor":15.0,"key":"SMITH"},{"floor":23.0,"key":"REST"},{"floor":29.0,"key":"REST"},{"data":"Apotheosis","floor":32.0,"key":"SMITH"},{"floor":41,"key":"REST"},{"floor":47,"key":"REST"},{"data":"Barricade","floor":49,"key":"SMITH"}],"circlet_count":0,"master_deck":["Strike_R","Strike_R","Strike_R","Strike_R","Strike_R","Defend_R","Defend_R+1","Bash+1","AT_FamilyPortrait+1","Bludgeon+1","Armaments+1","Anger","Twin Strike","AT_BodySlamDance","AT_DrawKnifeCut+1","Limit Break+1","Intimidate+1","Panacea","Iron Wave+1","Limit Break","Double Tap","Searing Blow+1","Entrench","Apotheosis+1","Necronomicurse","Demon Form","AT_IchimonjiDouble+1","Headbutt+1","Uppercut+1","AT_BreakingExtremeWeapon","Disarm","Finesse","Flex","Barricade+1","Inflame","Writhe"],"relics":["Black Blood","AT_ATBox","Golden Idol","Pantograph","Art of War","AT_MibuBalloonWealth","AT_SeraphEmbrace","Question Card","Champion Belt","Membership Card","Strange Spoon","Darkstone Periapt","Molten Egg 2","Necronomicon","AT_TrinityForce","Ginger","Juzu Bracelet","OrangePellets","White Beast Statue","Nunchaku","Smiling Mask","AT_Kusabimaru","HandDrill"],"acts_visited":["Exordium","TheCity","TheBeyond"],"potions_floor_usage":[50,50,50],"damage_taken":[{"damage":0.0,"enemies":"Small Slimes","floor":1.0,"turns":1.0},{"damage":15.0,"enemies":"Lagavulin","floor":7.0,"turns":3.0},{"damage":35.0,"enemies":"3 Sentries","floor":11.0,"turns":7.0},{"damage":0.0,"enemies":"Gremlin Nob","floor":13.0,"turns":2.0},{"damage":53.0,"enemies":"The Guardian","floor":16.0,"turns":9.0},{"damage":1.0,"enemies":"Chosen","floor":18.0,"turns":4.0},{"damage":54.0,"enemies":"2 Thieves","floor":20.0,"turns":5.0},{"damage":27.0,"enemies":"Snake Plant","floor":21.0,"turns":3.0},{"damage":8.0,"enemies":"Gremlin Leader","floor":24.0,"turns":4.0},{"damage":27.0,"enemies":"Shelled Parasite and Fungi","floor":27.0,"turns":4.0},{"damage":21.0,"enemies":"Snecko","floor":28.0,"turns":5.0},{"damage":107.0,"enemies":"Automaton","floor":33.0,"turns":10.0},{"damage":50.0,"enemies":"3 Darklings","floor":35.0,"turns":5.0},{"damage":20.0,"enemies":"3 Shapes","floor":37.0,"turns":2.0},{"damage":7.0,"enemies":"Jaw Worm Horde","floor":38.0,"turns":3.0},{"damage":3,"enemies":"Giant Head","floor":40,"turns":6},{"damage":41,"enemies":"Nemesis","floor":44,"turns":5},{"damage":47,"enemies":"Awakened One","floor":50,"turns":4}],"seed_played":"3575411042382785469","potions_obtained":[{"floor":16.0,"key":"Regen Potion"},{"floor":27.0,"key":"PowerPotion"},{"floor":28.0,"key":"CultistPotion"},{"floor":33.0,"key":"DuplicationPotion"},{"floor":35.0,"key":"DuplicationPotion"},{"floor":42,"key":"Strength Potion"}],"is_trial":false,"path_per_floor":["M","?","?","?","T","R","E","R","T","$","E","?","E","$","R","B",null,"M","?","M","M","$","R","E","?","T","M","M","R","?","?","R","B",null,"M","?","M","M","$","E","R","?","T","E","?","$","R","?","R","B",null],"character_chosen":"IRONCLAD","items_purchased":["AT_ArchangelStaff","Membership Card","AT_DrawKnifeCut","Double Tap","Strange Spoon","LiquidMemories","DistilledChaos","Ginger","Juzu Bracelet","OrangePellets","Uppercut+1","AT_BreakingExtremeWeapon","SpeedPotion","CultistPotion","Disarm","Finesse","AT_Kusabimaru","HandDrill","Inflame","LiquidMemories"],"campfire_rested":4,"item_purchase_floors":[10,14,14,22,22,22,22,39,39,39,39,39,39,39,39,39,46,46,46,46],"current_hp_per_floor":[78,62,62,62,62,62,53,53,53,53,24,44,50,50,50,28,67,78,66,33,18,18,42,46,46,46,31,22,46,46,36,36,13,68,30,30,22,27,27,36,60,60,60,31,31,31,55,82,82,54],"gold":130,"neow_bonus":"TRANSFORM_CARD","is_daily":false,"chose_seed":false,"campfire_upgraded":5,"win_rate":0.0,"timestamp":1608731715,"path_taken":["M","?","?","?","?","R","E","R","T","$","E","?","E","?","R","BOSS","M","?","M","?","?","R","E","?","T","M","?","R","?","?","R","BOSS","M","?","M","M","$","E","R","?","T","E","?","$","R","?","R","BOSS"],"items_purchased_type":["Relic","Relic","Card","Card","Relic","Potion","Potion","Relic","Relic","Relic","Card","Card","Potion","Potion","Card","Card","Relic","Relic","Card","Potion"],"build_version":"2020-12-22","purchased_purges":2,"victory":true,"max_hp_per_floor":[80,80,80,80,80,80,80,80,80,80,80,80,80,80,80,80,80,80,80,80,80,80,80,80,80,80,80,80,80,80,86,86,86,86,86,86,86,86,83,83,83,83,83,83,83,83,83,89,89,89],"card_choices":[{"not_picked":["Shrug It Off","Heavy Blade"],"picked":"Armaments","floor":1.0},{"not_picked":["Feel No Pain","Shrug It Off"],"picked":"Anger","floor":7.0},{"not_picked":["Combust","Cleave"],"picked":"Twin Strike","floor":11.0},{"not_picked":["Twin Strike","Sword Boomerang","Iron Wave"],"picked":"AT_BodySlamDance","floor":13.0},{"not_picked":["Fiend Fire","Feed","Barricade"],"picked":"Limit Break","floor":16.0},{"not_picked":["Anger","AT_BodySlamDance","Perfected Strike+1"],"picked":"Intimidate+1","floor":18.0},{"not_picked":["Anger","Thunderclap","Armaments+1"],"picked":"Iron Wave+1","floor":20.0},{"not_picked":["Clash","Second Wind","Rampage"],"picked":"Limit Break","floor":21.0},{"not_picked":["Second Wind","Juggernaut","Hemokinesis","Sword Boomerang"],"picked":"SKIP","floor":24.0},{"not_picked":["Pommel Strike+1","Shockwave","AT_CaressingTears"],"picked":"Searing Blow+1","floor":27.0},{"not_picked":["Bloodletting","Shrug It Off","Havoc"],"picked":"Entrench","floor":28.0},{"not_picked":["Exhume","Immolate+1","Bludgeon+1"],"picked":"Demon Form","floor":33.0},{"not_picked":["Iron Wave+1","Heavy Blade+1","Whirlwind+1"],"picked":"AT_IchimonjiDouble+1","floor":35.0},{"not_picked":["True Grit+1","Dropkick+1","Iron Wave+1","Blood for Blood+1"],"picked":"SKIP","floor":37.0},{"not_picked":["Havoc+1","Warcry","Wild Strike+1"],"picked":"Headbutt+1","floor":38.0},{"not_picked":["Battle Trance+1","Carnage+1","Rupture"],"picked":"Flex","floor":40},{"not_picked":["Whirlwind+1","Fire Breathing+1","Flex+1"],"picked":"Barricade","floor":44}],"player_experience":569937,"relics_obtained":[{"floor":5.0,"key":"Pantograph"},{"floor":7.0,"key":"Art of War"},{"floor":9.0,"key":"AT_MibuBalloonWealth"},{"floor":11.0,"key":"Question Card"},{"floor":13.0,"key":"Champion Belt"},{"floor":24.0,"key":"Darkstone Periapt"},{"floor":26.0,"key":"Molten Egg 2"},{"floor":31.0,"key":"Necronomicon"},{"floor":40,"key":"White Beast Statue"},{"floor":43,"key":"Nunchaku"},{"floor":44,"key":"Smiling Mask"}],"event_choices":[{"damage_healed":0.0,"max_hp_gain":0.0,"max_hp_loss":0.0,"gold_gain":0.0,"event_name":"Shining Light","player_choice":"Entered Light","floor":2.0,"gold_loss":0.0,"damage_taken":16.0,"cards_upgraded":["Defend_R","Armaments"]},{"damage_healed":0.0,"max_hp_gain":0.0,"max_hp_loss":0.0,"gold_gain":0.0,"event_name":"Golden Idol","player_choice":"Take Wound","floor":3.0,"gold_loss":0.0,"damage_taken":0.0,"relics_obtained":["Golden Idol"],"cards_obtained":["Injury"]},{"damage_healed":0.0,"max_hp_gain":0.0,"max_hp_loss":0.0,"gold_gain":0.0,"event_name":"Living Wall","player_choice":"Grow","floor":4.0,"gold_loss":0.0,"damage_taken":0.0,"cards_upgraded":["AT_FamilyPortrait"]},{"damage_healed":20.0,"max_hp_gain":0.0,"max_hp_loss":0.0,"gold_gain":0.0,"event_name":"Mushrooms","player_choice":"Healed and dodged fight","floor":12.0,"gold_loss":0.0,"damage_taken":0.0,"cards_obtained":["Parasite"]},{"damage_healed":0.0,"max_hp_gain":0.0,"max_hp_loss":0.0,"gold_gain":0.0,"event_name":"Knowing Skull","player_choice":"CARD ","floor":19.0,"potions_obtained":[],"gold_loss":0.0,"damage_taken":12.0,"cards_obtained":["Panacea"]},{"damage_healed":0.0,"max_hp_gain":0.0,"max_hp_loss":0.0,"gold_gain":0.0,"event_name":"Upgrade Shrine","player_choice":"Upgraded","floor":25.0,"gold_loss":0.0,"damage_taken":0.0,"cards_upgraded":["Limit Break"]},{"damage_healed":0.0,"max_hp_gain":0.0,"max_hp_loss":0.0,"gold_gain":0.0,"event_name":"Cursed Tome","player_choice":"Obtained Book","floor":31.0,"gold_loss":0.0,"damage_taken":16.0},{"damage_healed":0.0,"max_hp_gain":0.0,"max_hp_loss":0.0,"gold_gain":0.0,"event_name":"Tomb of Lord Red Mask","player_choice":"Ignored","floor":36.0,"gold_loss":0.0,"damage_taken":0.0},{"damage_healed":0,"gold_gain":0,"player_choice":"Bought 2 Potions","damage_taken":0,"max_hp_gain":0,"max_hp_loss":0,"event_name":"The Woman in Blue","floor":42,"gold_loss":0},{"cards_removed":["Defend_R"],"damage_healed":0,"gold_gain":0,"player_choice":"Removed Skill","damage_taken":0,"max_hp_gain":0,"max_hp_loss":0,"event_name":"Falling","floor":45,"gold_loss":0},{"damage_healed":21,"gold_gain":0,"player_choice":"Writhe","damage_taken":0,"max_hp_gain":0,"max_hp_loss":0,"event_name":"Winding Halls","floor":48,"gold_loss":0,"cards_obtained":["Writhe"]}],"is_beta":false,"boss_relics":[{"not_picked":["Black Star","Snecko Eye"],"picked":"Black Blood"},{"not_picked":["Sozu","Runic Cube"],"picked":"AT_TrinityForce"}],"items_purged_floors":[22,39],"is_endless":false,"potions_floor_spawned":[16,27,28,33,35,40,44],"ascension_level":9}}