{"host":"52jmisti11ysmja4","time":1608749979,"event":{"mods":["Aspiration","BaseMod","Better Third Choice","Hermit","Koishi","Minty Spire (QoL Compilation)","Remove Card Discount Mod","Shade Mod","StSLib","The Cursed","The Servant 0.9.4","The Vixen"],"gold_per_floor":[109,44,44,44,64,92,92,108,131,147,180,180],"floor_reached":11,"playtime":349,"items_purged":["Defend_R","Defend_R","Strike_R","Strike_R","Strike_R"],"score":216,"play_id":"4c58fce9-7963-427a-b52b-195645f267c7","local_time":"20201223105939","is_ascension_mode":true,"campfire_choices":[],"circlet_count":0,"master_deck":["AscendersBane","Strike_R+1","Strike_R","Defend_R","Defend_R","Bash","Pommel Strike+1","Anger","Perfected Strike","Wild Strike","Shrug It Off","Immolate"],"relics":["Burning Blood","NeowsBlessing","Whetstone","Orichalcum","The Courier"],"acts_visited":["Exordium"],"potions_floor_usage":[2,11],"damage_taken":[{"damage":0,"enemies":"2 Louse","floor":1,"turns":1},{"damage":0,"enemies":"Small Slimes","floor":5,"turns":1},{"damage":0,"enemies":"Gremlin Nob","floor":6,"turns":1},{"damage":0,"enemies":"Cultist","floor":8,"turns":2},{"damage":8,"enemies":"Red Slaver","floor":10,"turns":2},{"damage":20,"enemies":"3 Sentries","floor":11,"turns":8}],"seed_played":"6639153915314994629","potions_obtained":[{"floor":1,"key":"Fruit Juice"},{"floor":5,"key":"SkillPotion"}],"is_trial":false,"path_per_floor":["M","$","?","?","M","E","?","M","T","M","E"],"character_chosen":"IRONCLAD","items_purchased":["Anger"],"campfire_rested":0,"item_purchase_floors":[2],"current_hp_per_floor":[74,79,79,80,80,80,76,80,80,78,64,64],"gold":180,"neow_bonus":"THREE_ENEMY_KILL","is_daily":false,"chose_seed":false,"campfire_upgraded":0,"win_rate":0.0,"timestamp":1608749979,"path_taken":["M","$","?","?","M","E","?","M","T","M","E"],"items_purchased_type":["Card"],"build_version":"2020-12-22","purchased_purges":5,"victory":false,"max_hp_per_floor":[75,80,80,80,80,80,80,80,80,80,80,80],"card_choices":[{"not_picked":["Twin Strike","Reckless Charge"],"picked":"Pommel Strike","floor":1},{"not_picked":["Havoc","Power Through"],"picked":"Perfected Strike","floor":5},{"not_picked":["Power Through","Fire Breathing","Sever Soul"],"picked":"SKIP","floor":6},{"not_picked":["Carnage","Havoc"],"picked":"Wild Strike","floor":8},{"not_picked":["Sword Boomerang","Clash"],"picked":"Shrug It Off","floor":10},{"not_picked":["Power Through","Clash"],"picked":"Immolate","floor":11}],"player_experience":603877,"relics_obtained":[{"floor":6,"key":"Whetstone"},{"floor":9,"key":"Orichalcum"},{"floor":11,"key":"The Courier"}],"event_choices":[{"damage_healed":0,"gold_gain":0,"player_choice":"Ignored","damage_taken":0,"max_hp_gain":0,"max_hp_loss":0,"event_name":"Golden Wing","floor":3,"gold_loss":0},{"damage_healed":0,"gold_gain":0,"player_choice":"Bought 0 Potions","damage_taken":0,"max_hp_gain":0,"max_hp_loss":0,"event_name":"The Woman in Blue","floor":7,"gold_loss":0}],"is_beta":false,"boss_relics":[],"items_purged_floors":[2,2,2,2,2],"is_endless":false,"potions_floor_spawned":[1,5],"killed_by":"3 Sentries","ascension_level":20}}