{"host":"i0avyit1s6jb1siw","time":1608727064,"event":{"mods":["BaseMod","DeckTracker","Dota2Spire","Highlight Path","Minty Spire (QoL Compilation)","Quick Restart","Replay The Spire","StSLib","SuperFastMode"],"gold_per_floor":[115,40,40,53,53,80,92,92,92,120,100,117,42,75,75,75,75],"floor_reached":16,"playtime":272,"items_purged":["Strike_R"],"score":236,"play_id":"7791dd71-1076-43c8-aa22-1dd3bb15a7d4","local_time":"20201223133744","is_ascension_mode":true,"campfire_choices":[{"data":"Inflame","floor":8,"key":"SMITH"}],"circlet_count":0,"master_deck":["AscendersBane","Strike_R","Strike_R","Strike_R","Defend_R","Defend_R","Defend_R","Defend_R+1","Bash+1","Inflame+1","Uppercut","ReplayTheSpireMod:Limb From Limb","Twin Strike","Carnage","Sword Boomerang+1"],"relics":["Burning Blood","Mummified Hand","Pen Nib","Unceasing Top","Anchor"],"acts_visited":["Exordium"],"potions_floor_usage":[6,10,10,14,16],"damage_taken":[{"damage":1,"enemies":"Cultist","floor":1,"turns":3},{"damage":12,"enemies":"2 Louse","floor":4,"turns":4},{"damage":32,"enemies":"Gremlin Nob","floor":6,"turns":4},{"damage":7,"enemies":"Small Slimes","floor":7,"turns":3},{"damage":5,"enemies":"3 Sentries","floor":10,"turns":7},{"damage":6,"enemies":"Looter","floor":12,"turns":3},{"damage":30,"enemies":"Lagavulin","floor":14,"turns":6},{"damage":39,"enemies":"Hexaghost","floor":16,"turns":7}],"seed_played":"3407910624075761347","potions_obtained":[{"floor":1,"key":"LifebloodPotion"},{"floor":4,"key":"AttackPotion"},{"floor":6,"key":"LiquidMemories"},{"floor":11,"key":"SteroidPotion"},{"floor":14,"key":"ElixirPotion"}],"is_trial":false,"path_per_floor":["M","?","$","M","?","E","M","R","T","E","?","M","$","E","R","B"],"character_chosen":"IRONCLAD","items_purchased":[],"campfire_rested":0,"item_purchase_floors":[],"current_hp_per_floor":[73,73,73,67,67,41,40,40,40,41,41,41,41,17,39,0,0],"gold":75,"neow_bonus":"UPGRADE_CARD","is_daily":false,"chose_seed":false,"campfire_upgraded":1,"win_rate":0.0,"timestamp":1608727064,"path_taken":["M","?","$","M","?","E","M","R","T","E","?","?","$","E","R","BOSS"],"items_purchased_type":[],"build_version":"2020-12-22","purchased_purges":1,"victory":false,"max_hp_per_floor":[75,75,75,75,75,75,75,75,75,75,75,75,75,75,75,75,75],"card_choices":[{"not_picked":["ReplayTheSpireMod:Strike From Hell","ReplayTheSpireMod:LeadingStrike"],"picked":"Inflame","floor":1},{"not_picked":["True Grit","Sentinel"],"picked":"Uppercut","floor":4},{"not_picked":["Bloodletting","True Grit"],"picked":"ReplayTheSpireMod:Limb From Limb","floor":6},{"not_picked":["Heavy Blade","Havoc","Body Slam"],"picked":"SKIP","floor":7},{"not_picked":["Rampage","Flex"],"picked":"Twin Strike","floor":10},{"not_picked":["ReplayTheSpireMod:Strike From Hell","Sword Boomerang"],"picked":"Carnage","floor":12},{"not_picked":["Burning Pact","Sever Soul"],"picked":"Sword Boomerang","floor":14}],"player_experience":2109411,"relics_obtained":[{"floor":6,"key":"Mummified Hand"},{"floor":9,"key":"Pen Nib"},{"floor":10,"key":"Unceasing Top"},{"floor":14,"key":"Anchor"}],"event_choices":[{"cards_removed":["Strike_R"],"damage_healed":0,"gold_gain":0,"player_choice":"Card Removal","damage_taken":0,"max_hp_gain":0,"max_hp_loss":0,"event_name":"The Cleric","floor":2,"gold_loss":75},{"damage_healed":0,"gold_gain":0,"player_choice":"Bought 1 Potion","damage_taken":0,"max_hp_gain":0,"max_hp_loss":0,"event_name":"The Woman in Blue","floor":11,"gold_loss":0}],"is_beta":false,"boss_relics":[],"items_purged_floors":[13],"is_endless":false,"potions_floor_spawned":[1,4,6,14],"killed_by":"Hexaghost","ascension_level":20}}