{"host":"omv42op7s93bjjql","time":1608718270,"event":{"mods":["BaseMod","Colored Map","Colored Powertips","DeckTracker","Keyboard Shortcuts","Minty Spire (QoL Compilation)","StSLib","SuperFastMode"],"gold_per_floor":[111,36,36,111,111,111,145,145,145,176,188,217,59,75,75,148,148,163,176,194,208,208,208,208,42,42,42,42,42],"floor_reached":28,"playtime":622,"items_purged":["Defend_P"],"score":554,"play_id":"12a312ce-794d-4db6-a1fe-9abb4ba9e354","local_time":"20201223191110","is_ascension_mode":true,"campfire_choices":[{"data":"Eruption","floor":6,"key":"SMITH"},{"data":"SandsOfTime","floor":8,"key":"SMITH"},{"floor":15,"key":"REST"},{"data":"Ragnarok","floor":23,"key":"SMITH"}],"circlet_count":0,"master_deck":["AscendersBane","Strike_P","Strike_P","Strike_P","Defend_P+1","Defend_P+1","Eruption+1","Vigilance","SandsOfTime+1","TalkToTheHand","ClearTheMind","FlurryOfBlows","Adaptation","Ragnarok+1","FlurryOfBlows","CrushJoints","Swivel+1"],"relics":["PureWater","NeowsBlessing","Turnip","Art of War","WingedGreaves","Ginger","Coffee Dripper","MealTicket","InkBottle"],"acts_visited":["Exordium","TheCity"],"potions_floor_usage":[12,18,19],"damage_taken":[{"damage":0,"enemies":"2 Louse","floor":1,"turns":1},{"damage":0,"enemies":"3 Sentries","floor":7,"turns":1},{"damage":0,"enemies":"Lagavulin","floor":10,"turns":1},{"damage":0,"enemies":"Small Slimes","floor":11,"turns":2},{"damage":14,"enemies":"3 Sentries","floor":12,"turns":7},{"damage":0,"enemies":"Cultist","floor":14,"turns":2},{"damage":18,"enemies":"Slime Boss","floor":16,"turns":8},{"damage":0,"enemies":"2 Thieves","floor":18,"turns":1},{"damage":6,"enemies":"3 Byrds","floor":19,"turns":4},{"damage":27,"enemies":"3 Cultists","floor":20,"turns":4},{"damage":7,"enemies":"Cultist and Chosen","floor":21,"turns":4},{"damage":13,"enemies":"Snake Plant","floor":28,"turns":2}],"seed_played":"52024362036732247","potions_obtained":[{"floor":1,"key":"StancePotion"},{"floor":16,"key":"SteroidPotion"},{"floor":18,"key":"BlessingOfTheForge"}],"is_trial":false,"path_per_floor":["M","?","?","?","?","R","E","R","T","E","M","E","$","M","R","B",null,"M","M","M","M","?","R","?","$","T","?","M"],"character_chosen":"WATCHER","items_purchased":["Adaptation","MealTicket"],"campfire_rested":1,"item_purchase_floors":[13,25],"current_hp_per_floor":[61,61,41,30,23,23,23,23,23,23,23,9,9,9,29,11,54,54,48,21,14,28,28,9,9,9,9,0,0],"gold":42,"neow_bonus":"THREE_ENEMY_KILL","is_daily":false,"chose_seed":false,"campfire_upgraded":3,"win_rate":0.0,"timestamp":1608718270,"path_taken":["M","?","?","?","?","R","E","R","T","E","M","E","?","M","R","BOSS","M","M","M","M","?","R","?","$","T","?","M"],"items_purchased_type":["Card","Relic"],"build_version":"2020-12-22","purchased_purges":1,"victory":false,"max_hp_per_floor":[68,68,68,68,68,68,68,68,68,68,68,68,68,68,68,68,68,68,68,68,68,68,68,73,73,73,73,73,73],"card_choices":[{"not_picked":["WreathOfFlame","ThirdEye"],"picked":"SandsOfTime","floor":1},{"not_picked":["WaveOfTheHand","SashWhip"],"picked":"TalkToTheHand","floor":7},{"not_picked":["FlyingSleeves","Evaluate"],"picked":"ClearTheMind","floor":10},{"not_picked":["Wireheading","PathToVictory"],"picked":"FlurryOfBlows","floor":11},{"not_picked":["BowlingBash","BattleHymn","SashWhip"],"picked":"SKIP","floor":12},{"not_picked":["BowlingBash","ForeignInfluence","ClearTheMind"],"picked":"SKIP","floor":14},{"not_picked":["Blasphemy","Brilliance"],"picked":"Ragnarok","floor":16},{"not_picked":["SashWhip+1","SignatureMove+1"],"picked":"FlurryOfBlows","floor":18},{"not_picked":["CutThroughFate","FollowUp","JustLucky"],"picked":"SKIP","floor":19},{"not_picked":["ThirdEye","Consecrate"],"picked":"CrushJoints","floor":20},{"not_picked":["Adaptation","EmptyBody"],"picked":"Swivel+1","floor":21}],"player_experience":831703,"relics_obtained":[{"floor":7,"key":"Turnip"},{"floor":9,"key":"Art of War"},{"floor":10,"key":"WingedGreaves"},{"floor":12,"key":"Ginger"},{"floor":26,"key":"InkBottle"}],"event_choices":[{"cards_removed":["Strike_P"],"damage_healed":0,"gold_gain":0,"player_choice":"Card Removal","damage_taken":0,"max_hp_gain":0,"max_hp_loss":0,"event_name":"The Cleric","floor":2,"gold_loss":75},{"damage_healed":0,"gold_gain":0,"player_choice":"Entered Light","damage_taken":20,"max_hp_gain":0,"max_hp_loss":0,"event_name":"Shining Light","floor":3,"gold_loss":0,"cards_upgraded":["Defend_P","Defend_P"]},{"damage_healed":0,"gold_gain":75,"player_choice":"Gather Gold","damage_taken":11,"max_hp_gain":0,"max_hp_loss":0,"event_name":"World of Goop","floor":4,"gold_loss":0},{"cards_removed":["Defend_P"],"damage_healed":0,"gold_gain":0,"player_choice":"Card Removal","damage_taken":7,"max_hp_gain":0,"max_hp_loss":0,"event_name":"Golden Wing","floor":5,"gold_loss":0},{"damage_healed":14,"gold_gain":0,"player_choice":"Heal","damage_taken":0,"max_hp_gain":0,"max_hp_loss":0,"event_name":"The Library","floor":22,"gold_loss":0},{"damage_healed":0,"gold_gain":0,"player_choice":"Shed Blood","damage_taken":24,"max_hp_gain":5,"max_hp_loss":0,"event_name":"Forgotten Altar","floor":24,"gold_loss":0},{"damage_healed":0,"gold_gain":0,"player_choice":"Ignored","damage_taken":0,"max_hp_gain":0,"max_hp_loss":0,"event_name":"Cursed Tome","floor":27,"gold_loss":0}],"is_beta":false,"boss_relics":[{"not_picked":["Ectoplasm","VioletLotus"],"picked":"Coffee Dripper"}],"items_purged_floors":[13],"is_endless":false,"potions_floor_spawned":[1,16,18],"killed_by":"Snake Plant","ascension_level":19}}