{"host":"njruw0b0uprlitpx","time":1608750358,"event":{"mods":["2.2 Compatiblity","Astrologer","BaseMod","Better Altar","Better Match","Better Note","Better Sensory Stone","Better Skull","Better Third Choice","BetterRewards","Block Reminder","Colored Map","Colored Powertips","Ekko","Gremlin Mod","Hermit","Jedi Mod","Keyboard Shortcuts","Minty Spire (QoL Compilation)","Quick Restart","Relic Stats","Replay The Spire","SacredBarkPlus","Spicy Shops","StSLib","SuperFastMode","The Construct","The Cursed","The Marked","The Mystic","The Necromancer","The Spell Scribe"],"gold_per_floor":[110,285,285,26,26,26,26,26,26,26,26,26,26,26,26,26,26,26,26,26,26,26,26,26,26,26,26,26,26,26,26,26,26,26,26,26,26,0,12,22,32,32,59,84,84,54,71,71,71,21,21,21],"floor_reached":53,"playtime":2294,"items_purged":["ekkoTheBoyWhoShatteredTime:Defend","Doubt"],"score":1256,"play_id":"a53df042-7597-4b3b-a94b-9548371d4450","local_time":"20201223130558","is_ascension_mode":true,"campfire_choices":[{"data":"ekkoTheBoyWhoShatteredTime:ParallelConvergence","floor":8,"key":"SMITH"},{"data":"ekkoTheBoyWhoShatteredTime:TimeMaster","floor":10,"key":"SMITH"},{"floor":15,"key":"REST"},{"data":"ekkoTheBoyWhoShatteredTime:Periocharge","floor":23,"key":"SMITH"},{"data":"ekkoTheBoyWhoShatteredTime:BansheesVeil","floor":25,"key":"SMITH"},{"floor":34,"key":"REST"},{"floor":42,"key":"REST"},{"data":"ekkoTheBoyWhoShatteredTime:QuickBreak","floor":49,"key":"SMITH"},{"data":"ekkoTheBoyWhoShatteredTime:NeedlesslyLargeRod","floor":51,"key":"SMITH"}],"circlet_count":0,"master_deck":["ekkoTheBoyWhoShatteredTime:Strike","ekkoTheBoyWhoShatteredTime:Strike","ekkoTheBoyWhoShatteredTime:Strike","ekkoTheBoyWhoShatteredTime:Strike","ekkoTheBoyWhoShatteredTime:Strike","ekkoTheBoyWhoShatteredTime:Defend","ekkoTheBoyWhoShatteredTime:Defend","ekkoTheBoyWhoShatteredTime:Defend","ekkoTheBoyWhoShatteredTime:TimeMaster+1","ekkoTheBoyWhoShatteredTime:ComeAtMe","ekkoTheBoyWhoShatteredTime:NeedlesslyLargeRod+1","ekkoTheBoyWhoShatteredTime:AfterimageTease+1","ekkoTheBoyWhoShatteredTime:BansheesVeil+1","ekkoTheBoyWhoShatteredTime:HauntedAfterimage+1","ekkoTheBoyWhoShatteredTime:Greed","ekkoTheBoyWhoShatteredTime:ParallelConvergence+1","Pot Of Greed","Pot Of Greed","ekkoTheBoyWhoShatteredTime:CommittedStrike","ekkoTheBoyWhoShatteredTime:DefensiveStance","ekkoTheBoyWhoShatteredTime:Periocharge+1","ekkoTheBoyWhoShatteredTime:SktSynergy","ekkoTheBoyWhoShatteredTime:CommittedStrike+1","Finisher","ekkoTheBoyWhoShatteredTime:AfterimageTease","ekkoTheBoyWhoShatteredTime:TimeRecall+1","Pot Of Greed","ekkoTheBoyWhoShatteredTime:CalmingWaves","ekkoTheBoyWhoShatteredTime:AfterimageDualStroke","ekkoTheBoyWhoShatteredTime:TimeRecall","AbeCurse","ekkoTheBoyWhoShatteredTime:QuickBreak+1","hermit:ImpendingDoom","ekkoTheBoyWhoShatteredTime:WideSlice","ekkoTheBoyWhoShatteredTime:ItemsAfterimage+1","ekkoTheBoyWhoShatteredTime:NeedlesslyLargeRod+1"],"relics":["ekkoTheBoyWhoShatteredTime:zDriveResonance","Bird Faced Urn","ekkoTheBoyWhoShatteredTime:PairOfMasks","jedi:Pinwheel","jedi:ominousloannote","Mummified Hand","jedi:firstaidkit","Blue Candle","Bag of Marbles","Potion Belt","Grinning Jar","Boot","Replay:Grab Bag","Busted Crown","ReplayTheSpireMod:DimensionalGlitch","Ring of Chaos","Snecko Eye","Lantern","Bottled Flame","Abe\u0027s Treasure","ReplayTheSpireMod:CursedCoin","jedi:matchstick","Orichalcum","White Beast Statue","Regal Pillow","StrikeDummy"],"acts_visited":["Exordium","TheCity","TheBeyond"],"potions_floor_usage":[6,16,16,35,35,41,52],"damage_taken":[{"damage":0,"enemies":"Cultist","floor":1,"turns":4},{"damage":7,"enemies":"3 Sentries","floor":6,"turns":4},{"damage":10,"enemies":"Small Slimes","floor":7,"turns":2},{"damage":3,"enemies":"Lagavulin","floor":11,"turns":4},{"damage":10,"enemies":"Jaw Worm","floor":12,"turns":2},{"damage":41,"enemies":"Hexaghost","floor":16,"turns":4},{"damage":1,"enemies":"Shell Parasite","floor":18,"turns":2},{"damage":7,"enemies":"Chosen","floor":20,"turns":3},{"damage":17,"enemies":"3 Cultists","floor":24,"turns":4},{"damage":11,"enemies":"Sentry and Sphere","floor":27,"turns":3},{"damage":0,"enemies":"Snake Plant","floor":28,"turns":1},{"damage":0,"enemies":"3 Cultists","floor":31,"turns":3},{"damage":4,"enemies":"Snecko","floor":33,"turns":3},{"damage":12,"enemies":"Collector","floor":35,"turns":5},{"damage":0,"enemies":"Orb Walker","floor":37,"turns":1},{"damage":13,"enemies":"3 Shapes","floor":39,"turns":4},{"damage":19,"enemies":"Jaw Worm Horde","floor":40,"turns":3},{"damage":41,"enemies":"Sphere and 2 Shapes","floor":41,"turns":5},{"damage":4,"enemies":"Giant Head","floor":43,"turns":5},{"damage":14,"enemies":"Spire Growth","floor":47,"turns":2},{"damage":36,"enemies":"Donu and Deca","floor":52,"turns":4}],"seed_played":"-8808889260048520138","potions_obtained":[{"floor":1,"key":"Adrenaline Potion"},{"floor":12,"key":"SteroidPotion"},{"floor":14,"key":"FearPotion"},{"floor":24,"key":"ColorlessPotion"},{"floor":27,"key":"ekkoTheBoyWhoShatteredTime:EquilibriumPotion"},{"floor":31,"key":"Dexterity Potion"},{"floor":37,"key":"Weak Potion"},{"floor":39,"key":"ekkoTheBoyWhoShatteredTime:ResonatingPotion"},{"floor":43,"key":"Toxic Potion"},{"floor":46,"key":"FairyPotion"},{"floor":47,"key":"PowerPotion"}],"is_trial":false,"path_per_floor":["M","?","?","$","T","E","M","R","T","R","E","M","$","?","R","B",null,"M","?","M","?","$","R","M","R","T","M","M","PTL","PTL","M","$","M","R","B",null,"M","$","M","M","M","R","E","T","T","?","M","?","R","$","R","B",null],"character_chosen":"EKKO_THE_BOY_WHO_SHATTERED_TIME","items_purchased":["ekkoTheBoyWhoShatteredTime:ComeAtMe","ekkoTheBoyWhoShatteredTime:NeedlesslyLargeRod","ekkoTheBoyWhoShatteredTime:PairOfMasks","ekkoTheBoyWhoShatteredTime:AfterimageTease+1","jedi:Pinwheel","jedi:ominousloannote","Mummified Hand","jedi:firstaidkit","ekkoTheBoyWhoShatteredTime:HauntedAfterimage+1","ReplayTheSpireMod:CursedCoin","jedi:matchstick","Orichalcum"],"campfire_rested":3,"item_purchase_floors":[0,0,0,0,0,4,4,4,4,38,38,38],"current_hp_per_floor":[72,72,65,65,65,64,54,54,54,54,55,47,47,47,70,49,71,72,72,70,70,70,70,60,60,60,53,55,55,55,58,58,56,78,70,76,78,78,69,58,29,52,54,54,54,54,43,78,78,78,78,55],"gold":21,"neow_bonus":"","is_daily":false,"chose_seed":false,"campfire_upgraded":6,"win_rate":0.0,"timestamp":1608750358,"path_taken":["M","?","?","$","?","E","?","R","T","R","E","M","$","?","R","BOSS","M","?","M","?","$","R","M","R","T","M","M","PTL","PTL","?","$","M","R","BOSS","M","$","?","M","M","R","E","?","T","?","?","?","R","$","R","BOSS"],"items_purchased_type":["Card","Card","Relic","Card","Relic","Relic","Relic","Relic","Card","Relic","Relic","Relic"],"build_version":"2020-12-22","purchased_purges":2,"victory":true,"max_hp_per_floor":[78,78,78,78,78,78,78,78,78,78,78,78,78,78,78,78,78,78,78,78,78,78,78,78,78,78,78,78,78,78,78,78,78,78,78,78,78,78,78,78,78,78,78,78,78,78,78,78,78,78,78,78],"relic_stats":{"Regal Pillow":0,"Busted Crown":28,"counters":[59,189],"Mummified Hand":[137],"Bird Faced Urn":[78],"Blue Candle":[5],"Snecko Eye":[109,110,91,99],"Orichalcum":[48],"Boot":[9],"obtain_stats":[{"theMarked:SpiritSword":34,"Bottled Tornado":43,"Boot":14,"ekkoTheBoyWhoShatteredTime:PairOfMasks":0,"jedi:firstaidkit":4,"Philosopher\u0027s Stone":17,"theMarked:VonisonLock":24,"Kunai":26,"Toxic Egg 2":39,"Pear":20,"ReplayTheSpireMod:CursedCoin":38,"Blue Candle":5,"Replay:Grab Bag":17,"Ring of Chaos":17,"Replay:Kaleidoscope":7,"Bottled Flame":26,"Bird Faced Urn":0,"Snecko Eye":17,"Onion Ring":11,"ReplayTheSpireMod:TigerMarble":45,"Grinning Jar":9,"ReplayTheSpireMod:DimensionalGlitch":0,"StrikeDummy":6,"Abe\u0027s Treasure":17,"Lantern":21,"Regal Pillow":44,"Replay:Mystery Machine":0,"jedi:Pinwheel":0,"Replay:Rubber Ducky":24,"Chameleon Ring":7,"Matryoshka":26,"Mummified Hand":4,"jedi:matchstick":38,"Replay:Bottled Snecko":3,"Potion Belt":9,"theMarked:NailFile":41,"BargainBundle":24,"theMarked:Gun":14,"Golden Idol":2,"Guide Book":13,"jedi:purplefairy":6,"PreservedInsect":8,"Replay:WaspNest":13,"The Courier":14,"jedi:crownofsimplicity":0,"Orichalcum":38,"White Beast Statue":43,"theMarked:ArtifactOfAir":0,"Busted Crown":17,"jedi:ominousloannote":4,"Bag of Marbles":6},{"theMarked:SpiritSword":14,"Bottled Tornado":17,"Boot":43,"ekkoTheBoyWhoShatteredTime:PairOfMasks":38,"jedi:firstaidkit":39,"Philosopher\u0027s Stone":31,"theMarked:VonisonLock":10,"Kunai":10,"Toxic Egg 2":16,"Pear":32,"ReplayTheSpireMod:CursedCoin":53,"Blue Candle":39,"Replay:Grab Bag":44,"Ring of Chaos":44,"Replay:Kaleidoscope":27,"Bottled Flame":47,"Bird Faced Urn":38,"Snecko Eye":44,"Onion Ring":4,"ReplayTheSpireMod:TigerMarble":19,"Grinning Jar":3,"ReplayTheSpireMod:DimensionalGlitch":0,"StrikeDummy":2,"Abe\u0027s Treasure":7,"Lantern":46,"Regal Pillow":57,"Replay:Mystery Machine":23,"jedi:Pinwheel":38,"Replay:Rubber Ducky":36,"Chameleon Ring":3,"Matryoshka":37,"Mummified Hand":39,"jedi:matchstick":53,"Replay:Bottled Snecko":24,"Potion Belt":41,"theMarked:NailFile":17,"BargainBundle":10,"theMarked:Gun":6,"Golden Idol":1,"Guide Book":5,"jedi:purplefairy":27,"PreservedInsect":28,"Replay:WaspNest":30,"The Courier":30,"jedi:crownofsimplicity":23,"Orichalcum":53,"White Beast Statue":57,"theMarked:ArtifactOfAir":0,"Busted Crown":44,"jedi:ominousloannote":39,"Bag of Marbles":40},{"theMarked:SpiritSword":43,"Bottled Tornado":53,"Boot":137,"ekkoTheBoyWhoShatteredTime:PairOfMasks":121,"jedi:firstaidkit":125,"Philosopher\u0027s Stone":101,"theMarked:VonisonLock":30,"Kunai":30,"Toxic Egg 2":47,"Pear":104,"ReplayTheSpireMod:CursedCoin":166,"Blue Candle":125,"Replay:Grab Bag":141,"Ring of Chaos":141,"Replay:Kaleidoscope":87,"Bottled Flame":150,"Bird Faced Urn":121,"Snecko Eye":141,"Onion Ring":16,"ReplayTheSpireMod:TigerMarble":58,"Grinning Jar":14,"ReplayTheSpireMod:DimensionalGlitch":0,"StrikeDummy":9,"Abe\u0027s Treasure":23,"Lantern":146,"Regal Pillow":183,"Replay:Mystery Machine":75,"jedi:Pinwheel":121,"Replay:Rubber Ducky":116,"Chameleon Ring":14,"Matryoshka":119,"Mummified Hand":125,"jedi:matchstick":166,"Replay:Bottled Snecko":77,"Potion Belt":131,"theMarked:NailFile":53,"BargainBundle":30,"theMarked:Gun":19,"Golden Idol":3,"Guide Book":17,"jedi:purplefairy":87,"PreservedInsect":91,"Replay:WaspNest":95,"The Courier":95,"jedi:crownofsimplicity":75,"Orichalcum":166,"White Beast Statue":183,"theMarked:ArtifactOfAir":0,"Busted Crown":141,"jedi:ominousloannote":125,"Bag of Marbles":129}]},"card_choices":[{"not_picked":["ekkoTheBoyWhoShatteredTime:Dash","ekkoTheBoyWhoShatteredTime:Timewinder"],"picked":"ekkoTheBoyWhoShatteredTime:BansheesVeil","floor":1},{"not_picked":["ekkoTheBoyWhoShatteredTime:SneakHit","ekkoTheBoyWhoShatteredTime:LoadUp"],"picked":"ekkoTheBoyWhoShatteredTime:Greed","floor":6},{"not_picked":["ekkoTheBoyWhoShatteredTime:LevelUp","ekkoTheBoyWhoShatteredTime:PhaseDive"],"picked":"ekkoTheBoyWhoShatteredTime:ParallelConvergence","floor":7},{"not_picked":["ekkoTheBoyWhoShatteredTime:AfterimageHit","ekkoTheBoyWhoShatteredTime:WaitForKeyTiming"],"picked":"ekkoTheBoyWhoShatteredTime:CommittedStrike","floor":11},{"not_picked":["ekkoTheBoyWhoShatteredTime:Backtrack","ekkoTheBoyWhoShatteredTime:AfterimageTimeWrap"],"picked":"ekkoTheBoyWhoShatteredTime:DefensiveStance","floor":12},{"not_picked":["ekkoTheBoyWhoShatteredTime:DelayedWork","ekkoTheBoyWhoShatteredTime:Unchained"],"picked":"ekkoTheBoyWhoShatteredTime:Periocharge","floor":14},{"not_picked":["ekkoTheBoyWhoShatteredTime:Unleashed","ekkoTheBoyWhoShatteredTime:Chronobreak"],"picked":"ekkoTheBoyWhoShatteredTime:SktSynergy","floor":16},{"not_picked":[],"picked":"ekkoTheBoyWhoShatteredTime:CommittedStrike+1","floor":18},{"not_picked":[],"picked":"ekkoTheBoyWhoShatteredTime:AfterimageTease","floor":20},{"not_picked":[],"picked":"ekkoTheBoyWhoShatteredTime:TimeRecall+1","floor":24},{"not_picked":[],"picked":"ekkoTheBoyWhoShatteredTime:CalmingWaves","floor":27},{"not_picked":["ekkoTheBoyWhoShatteredTime:AfterimageSetup"],"picked":"SKIP","floor":28},{"not_picked":[],"picked":"ekkoTheBoyWhoShatteredTime:AfterimageDualStroke","floor":31},{"not_picked":[],"picked":"ekkoTheBoyWhoShatteredTime:TimeRecall","floor":33},{"not_picked":[],"picked":"ekkoTheBoyWhoShatteredTime:QuickBreak","floor":37},{"not_picked":[],"picked":"ekkoTheBoyWhoShatteredTime:WideSlice","floor":39},{"not_picked":[],"picked":"ekkoTheBoyWhoShatteredTime:ItemsAfterimage+1","floor":40},{"not_picked":["ekkoTheBoyWhoShatteredTime:AfterimageHit+1"],"picked":"SKIP","floor":41},{"not_picked":[],"picked":"ekkoTheBoyWhoShatteredTime:NeedlesslyLargeRod+1","floor":43},{"not_picked":["ekkoTheBoyWhoShatteredTime:Unchained"],"picked":"SKIP","floor":47}],"player_experience":1762858,"relics_obtained":[{"floor":5,"key":"Blue Candle"},{"floor":6,"key":"Bag of Marbles"},{"floor":9,"key":"Potion Belt"},{"floor":11,"key":"Grinning Jar"},{"floor":14,"key":"Boot"},{"floor":26,"key":"Bottled Flame"},{"floor":43,"key":"White Beast Statue"},{"floor":44,"key":"Regal Pillow"},{"floor":45,"key":"StrikeDummy"}],"event_choices":[{"damage_healed":0,"gold_gain":175,"player_choice":"AGREE","damage_taken":110,"max_hp_gain":0,"max_hp_loss":0,"event_name":"betterThird:BetterSerpent","floor":2,"gold_loss":0},{"cards_removed":["Doubt"],"damage_healed":0,"gold_gain":0,"player_choice":"Card Removal","damage_taken":7,"max_hp_gain":0,"max_hp_loss":0,"event_name":"Golden Wing","floor":3,"gold_loss":0},{"cards_removed":["ekkoTheBoyWhoShatteredTime:ComeAtMe"],"damage_healed":0,"gold_gain":0,"player_choice":"Take \u0026 Give","damage_taken":0,"max_hp_gain":0,"max_hp_loss":0,"event_name":"betterNote:BetterNote","floor":19,"gold_loss":0,"cards_obtained":["Finisher"]},{"damage_healed":0,"gold_gain":0,"player_choice":"Bought 2 Potions","damage_taken":0,"max_hp_gain":0,"max_hp_loss":0,"event_name":"The Woman in Blue","floor":46,"gold_loss":0},{"damage_healed":35,"gold_gain":0,"player_choice":"Heal","damage_taken":0,"max_hp_gain":0,"max_hp_loss":0,"event_name":"MindBloom","floor":48,"gold_loss":0,"cards_obtained":["Doubt"]}],"is_beta":false,"boss_relics":[{"not_picked":["Pandora\u0027s Box","jedi:paperlyon"],"picked":"Replay:Grab Bag"},{"not_picked":["Velvet Choker","Coffee Dripper"],"picked":"Busted Crown"},{"not_picked":["Fusion Hammer","Replay:Wanted Poster"],"picked":"ReplayTheSpireMod:DimensionalGlitch"},{"not_picked":["Black Star","Kintsugi"],"picked":"Ring of Chaos"},{"not_picked":["SacredBark","Astrolabe"],"picked":"Snecko Eye"},{"not_picked":["Honey Jar","Replay:Ancient Bell"],"picked":"Abe\u0027s Treasure"}],"items_purged_floors":[4,50],"is_endless":false,"potions_floor_spawned":[1,12,24,27,31,37,39,43,47],"ascension_level":6}}