{"host":"oqpz0gqe7z85olfg","time":1608734866,"event":{"mods":["Act Like it!","Bard","BaseMod","Custom Start","Decade(王小明)","Marisa（F雨　魔理沙）","Minty Spire (QoL Compilation)","MostiFishMod","Pale of the Ancients","Quick Restart","Reimu（博丽灵梦）","Replay The Spire","Shop Mod","StSLib","The Servant 0.9.4","Waifu the Spire","Yuyuko","noobMod","【功能Mod】聪明的最终Boss","【角色mod】十八桐人"],"gold_per_floor":[119,187,203,214,233,233,266,266,293,233,266,266,191,220,220,294,294,313,331,246,246,266,266,280,313,337,347,381,401,428,348,348,419,419,434,434,452,466,520,546,560,560,560,587,587,601,631,645,645,645,645,645,645,645,676,676],"floor_reached":57,"playtime":1619,"items_purged":["Strike_R","Defend_R+1","Defend_R+1"],"score":3144,"play_id":"e382647a-2d0e-47a3-b95b-b816c4f1a25d","local_time":"20201223224746","is_ascension_mode":true,"campfire_choices":[{"floor":6,"key":"RECALL"},{"data":"MostiFishMod:404NotFound","floor":8,"key":"SMITH"},{"data":"Perfected Strike","floor":15,"key":"SMITH"},{"floor":23,"key":"REST"},{"floor":32,"key":"REST"},{"data":"MostiFishMod:Mania","floor":42,"key":"SMITH"},{"data":"MostiFishMod:UltimateDefense+3","floor":49,"key":"SMITH"},{"data":"MostiFishMod:UltimateDefense+6","floor":53,"key":"SMITH"}],"circlet_count":0,"master_deck":["AscendersBane","Strike_R+1","Strike_R+1","Strike_R+1","Defend_R+1","Bash+1","Perfected Strike+1","MostiFishMod:404NotFound+1","Perfected Strike+1","Corruption+1","MostiFishMod:NewArrival+1","Barricade+1","Offering+1","Havoc+1","MostiFishMod:Mania+1","MostiFishMod:UltimateDefense+9"],"relics":["Burning Blood","DaveBox","ice","NeowsBlessing","DSteel32","SynthV:TestCard","MealTicket","ReplayTheSpireMod:TigerMarble","PaintedHorse:ReiMu","Blood Vial","Bag of Preparation","DiscerningMonocle","Mirror","Art of War","ReplayTheSpireMod:Spearhead","TungstenRod","Replay:Rubber Ducky","xbg","Prayer Wheel","ImprovedEquipment","Replay:Bottled Snecko","Ornamental Fan","CaptainsWheel","SentryEyes","ClockworkSouvenir","Tea:ReiMu","Quantum Egg","Replay:WaspNest","Strange Spoon","Replay:Mystery Machine"],"acts_visited":["Exordium","TheCity","TheBeyond","TheEnding"],"potions_floor_usage":[16,16],"damage_taken":[{"damage":0,"enemies":"Jaw Worm","floor":1,"turns":1},{"damage":0,"enemies":"2 Louse","floor":3,"turns":1},{"damage":0,"enemies":"Cultist","floor":4,"turns":1},{"damage":0,"enemies":"Blue Slaver","floor":5,"turns":1},{"damage":0,"enemies":"3 Sentries","floor":7,"turns":1},{"damage":0,"enemies":"Gremlin Nob","floor":11,"turns":2},{"damage":0,"enemies":"3 Sentries","floor":14,"turns":1},{"damage":1,"enemies":"Fading Forest","floor":16,"turns":2},{"damage":0,"enemies":"Shell Parasite","floor":18,"turns":1},{"damage":0,"enemies":"3 Byrds","floor":19,"turns":1},{"damage":0,"enemies":"Snecko","floor":22,"turns":1},{"damage":0,"enemies":"Cultist and Chosen","floor":24,"turns":1},{"damage":0,"enemies":"Book of Stabbing","floor":25,"turns":1},{"damage":0,"enemies":"Chosen and Byrds","floor":27,"turns":1},{"damage":0,"enemies":"Slavers","floor":28,"turns":1},{"damage":13,"enemies":"Centurion and Healer","floor":29,"turns":2},{"damage":0,"enemies":"Book of Stabbing","floor":30,"turns":1},{"damage":53,"enemies":"Automaton","floor":33,"turns":6},{"damage":6,"enemies":"3 Shapes","floor":35,"turns":1},{"damage":8,"enemies":"3 Darklings","floor":37,"turns":2},{"damage":0,"enemies":"Spire Growth","floor":38,"turns":1},{"damage":1,"enemies":"2 Orb Walkers","floor":39,"turns":2},{"damage":0,"enemies":"R_Hoarder","floor":40,"turns":2},{"damage":5,"enemies":"Maw","floor":41,"turns":2},{"damage":11,"enemies":"Nemesis","floor":44,"turns":3},{"damage":5,"enemies":"Jaw Worm Horde","floor":46,"turns":2},{"damage":5,"enemies":"R_Hoarder","floor":47,"turns":1},{"damage":2,"enemies":"Sphere and 2 Shapes","floor":48,"turns":1},{"damage":5,"enemies":"Replay:Hell Engine","floor":50,"turns":3},{"damage":342,"enemies":"Awakened One","floor":51,"turns":2},{"damage":11,"enemies":"Shield and Spear","floor":55,"turns":1},{"damage":18,"enemies":"The Heart","floor":56,"turns":4}],"seed_played":"8080662306596560541","potions_obtained":[{"floor":2,"key":"Regen Potion"},{"floor":2,"key":"EssenceOfSteel"},{"floor":19,"key":"GrandPatriotsElixir:ReiMu"},{"floor":27,"key":"SpeedPotion"}],"is_trial":false,"path_per_floor":["M","?","M","M","M","R","E","R","T","?","E","?","$","E","R","B",null,"M","M","?","?","M","R","M","E","T","M","E","M","E","?","R","B",null,"M","?","M","M","?","E","M","R","T","E","$","M","E","M","R","B","B",null,"R","$","E","B",null],"character_chosen":"IRONCLAD","items_purchased":["CaptainsWheel","SentryEyes","ClockworkSouvenir","Quantum Egg","Replay:WaspNest","Strange Spoon","PowerPotion"],"campfire_rested":2,"item_purchase_floors":[45,45,45,54,54,54,54],"current_hp_per_floor":[74,50,56,62,68,68,74,74,74,74,75,75,75,75,75,75,75,75,75,75,75,75,75,75,75,75,75,75,68,75,75,75,28,63,65,65,65,73,75,75,75,75,75,74,75,75,75,75,75,75,3205,3434,3434,3449,3510,3811],"gold":676,"neow_bonus":"THREE_ENEMY_KILL","is_daily":false,"chose_seed":false,"campfire_upgraded":5,"win_rate":0.0,"timestamp":1608734866,"path_taken":["M","?","M","M","M","R","E","R","T","?","E","?","$","E","R","BOSS","M","M","?","?","M","R","M","E","T","M","E","M","E","?","R","BOSS","M","?","M","M","?","E","M","R","T","E","?","M","E","M","R","BOSS","BOSS","R","$","E","BOSS"],"items_purchased_type":["Relic","Relic","Relic","Relic","Relic","Relic","Potion"],"build_version":"2020-12-22","purchased_purges":3,"victory":true,"max_hp_per_floor":[75,75,75,75,75,75,75,75,75,75,75,75,75,75,75,75,75,75,75,75,75,75,75,75,75,75,75,75,75,75,75,75,75,75,75,75,75,75,75,75,75,75,75,75,75,75,75,75,75,75,3510,3510,3510,3510,3510,3811],"card_choices":[{"not_picked":["Body Slam","Warcry"],"picked":"Perfected Strike","floor":1},{"not_picked":["Clothesline","Flex","Armaments","True Grit","Sword Boomerang"],"picked":"SKIP","floor":3},{"not_picked":["Anger","Twin Strike","Hemokinesis","Sever Soul"],"picked":"MostiFishMod:404NotFound","floor":4},{"not_picked":["Thunderclap","Body Slam","Warcry","Sword Boomerang","Replay:Undeath\u0027s Touch"],"picked":"SKIP","floor":5},{"not_picked":["ReplayReversal","Twin Strike","ReplayTheSpireMod:Strike From Hell","Iron Wave","Clash"],"picked":"SKIP","floor":7},{"not_picked":["Intimidate","Replay:Undeath\u0027s Touch","MostiFishMod:#F4004","Dual Wield"],"picked":"Perfected Strike","floor":11},{"not_picked":["Sword Boomerang","Seeing Red","Pommel Strike","True Grit","Metallicize"],"picked":"SKIP","floor":14},{"not_picked":["Replay:Many Hands","MostiFishMod:NewArrival","MostiFishMod:DarkDeal","Brutality"],"picked":"Corruption","floor":16},{"not_picked":["ReplayTheSpireMod:Strike From Hell","Warcry","Havoc","Perfected Strike","Abandon"],"picked":"SKIP","floor":18},{"not_picked":["Twin Strike","Clothesline","Anger","Sword Boomerang","ReplayTheSpireMod:LeadingStrike"],"picked":"SKIP","floor":19},{"not_picked":["Dark Embrace","Run Through","Dual Wield","Warcry","Blood for Blood"],"picked":"SKIP","floor":22},{"not_picked":["Pommel Strike","Ghostly Armor","Clash","True Grit","Uppercut"],"picked":"SKIP","floor":24},{"not_picked":["Shockwave","Whirlwind+1","Thunderclap","ReplayTheSpireMod:Strike From Hell"],"picked":"MostiFishMod:NewArrival","floor":25},{"not_picked":["Twin Strike","Iron Wave","Headbutt","Pommel Strike","Thunderclap"],"picked":"SKIP","floor":27},{"not_picked":["Reckless Charge","Sword Boomerang","Havoc","Entrench"],"picked":"Barricade","floor":28},{"not_picked":["Battle Trance","True Grit","Perfected Strike","Body Slam","Rampage"],"picked":"SKIP","floor":29},{"not_picked":["ReplayTheSpireMod:Strike From Hell+1","Twin Strike","Flex","Sword Boomerang","True Grit"],"picked":"SKIP","floor":30},{"not_picked":["MostiFishMod:UltimateDefense","Demon Form","MostiFishMod:Chiaki","Barricade"],"picked":"Offering","floor":33},{"not_picked":["Flex","Run Through","Replay:Undeath\u0027s Touch","Sword Boomerang+1"],"picked":"Havoc+1","floor":35},{"not_picked":["Sword Boomerang","ReplayTheSpireMod:Limb From Limb","Shrug It Off+1","Armaments+1","Body Slam"],"picked":"SKIP","floor":37},{"not_picked":["Headbutt","Flex","Perfected Strike","Armaments","Run Through"],"picked":"SKIP","floor":38},{"not_picked":["Feel No Pain+1","Reckless Charge+1","Fire Breathing","ReplayTheSpireMod:Limb From Limb","Headbutt"],"picked":"SKIP","floor":40},{"not_picked":["Pommel Strike","Shrug It Off","Clash+1","Cleave"],"picked":"MostiFishMod:Mania","floor":41},{"not_picked":["Heavy Blade","Carnage+1","Anger","Clothesline","Pommel Strike"],"picked":"SKIP","floor":41},{"not_picked":["Pummel+1","Run Through","Bloodletting","Massacre"],"picked":"MostiFishMod:UltimateDefense","floor":44},{"not_picked":["Bloodletting","Thunderclap+1","Combust","Dual Wield","Clash+1"],"picked":"SKIP","floor":46},{"not_picked":["Havoc","Headbutt","Wild Strike+1","ReplayTheSpireMod:Strike From Hell","Warcry"],"picked":"SKIP","floor":46},{"not_picked":["Shockwave+1","Body Slam","Perfected Strike","Reckless Charge","MostiFishMod:PerfectStrikeMKII"],"picked":"SKIP","floor":47},{"not_picked":["Headbutt+1","Second Wind","Perfected Strike","Disarm","Thunderclap+1"],"picked":"SKIP","floor":48},{"not_picked":["Entrench","Metallicize","Thunderclap","ReplayTheSpireMod:LeadingStrike+1","Pummel"],"picked":"SKIP","floor":48},{"not_picked":["Armaments","Cleave","Shrug It Off+1","Iron Wave","True Grit+1"],"picked":"SKIP","floor":55}],"player_experience":195986,"relics_obtained":[{"floor":1,"key":"SynthV:TestCard"},{"floor":2,"key":"MealTicket"},{"floor":7,"key":"ReplayTheSpireMod:TigerMarble"},{"floor":11,"key":"Blood Vial"},{"floor":14,"key":"Bag of Preparation"},{"floor":25,"key":"Art of War"},{"floor":26,"key":"ReplayTheSpireMod:Spearhead"},{"floor":28,"key":"TungstenRod"},{"floor":30,"key":"Replay:Rubber Ducky"},{"floor":39,"key":"Prayer Wheel"},{"floor":40,"key":"ImprovedEquipment"},{"floor":43,"key":"Replay:Bottled Snecko"},{"floor":44,"key":"Ornamental Fan"},{"floor":47,"key":"Tea:ReiMu"},{"floor":55,"key":"Replay:Mystery Machine"}],"event_choices":[{"damage_healed":0,"gold_gain":0,"player_choice":"塞钱","damage_taken":0,"relics_obtained":["PaintedHorse:ReiMu"],"max_hp_gain":0,"max_hp_loss":0,"event_name":"yidonshenshe","floor":10,"gold_loss":60},{"cards_removed":["Strike_R"],"damage_healed":0,"gold_gain":0,"player_choice":"Offered Basic","damage_taken":0,"max_hp_gain":0,"max_hp_loss":0,"event_name":"Bonfire Elementals","floor":12,"gold_loss":0},{"damage_healed":0,"gold_gain":0,"player_choice":"Obtained Relic","damage_taken":0,"relics_obtained":["Mirror"],"max_hp_gain":0,"max_hp_loss":0,"event_name":"Addict","floor":20,"gold_loss":85},{"cards_removed":["Defend_R"],"damage_healed":0,"gold_gain":0,"player_choice":"Elegance","damage_taken":0,"max_hp_gain":0,"max_hp_loss":0,"event_name":"Back to Basics","floor":21,"gold_loss":0},{"damage_healed":0,"gold_gain":0,"player_choice":"Ignored","damage_taken":0,"max_hp_gain":0,"max_hp_loss":0,"event_name":"Tomb of Lord Red Mask","floor":36,"gold_loss":0},{"damage_healed":0,"gold_gain":0,"player_choice":"Fight","damage_taken":0,"max_hp_gain":0,"max_hp_loss":0,"event_name":"Mysterious Sphere","floor":39,"gold_loss":0}],"is_beta":false,"boss_relics":[{"not_picked":["MoonlightInvasionPlan","SacredBark"],"picked":"DiscerningMonocle"},{"not_picked":["Runic Pyramid","Coffee Dripper"],"picked":"xbg"}],"items_purged_floors":[13,45,54],"is_endless":false,"potions_floor_spawned":[3,5,7,11,19,27,30,40,41,44,46,48],"ascension_level":20}}