{"host":"omv42op7s93bjjql","time":1608719611,"event":{"mods":["BaseMod","Colored Map","Colored Powertips","DeckTracker","Keyboard Shortcuts","Minty Spire (QoL Compilation)","StSLib","SuperFastMode"],"gold_per_floor":[109,109,125,125,50,50,85,85,110,130,143,172,172,201,201,275,275,310,310,152,195,195,195,228,228,251,326,372,502,549,583,583,657,657,701,701,747,747,453,453,2,2,26,39,74,74,127,146,146,146],"floor_reached":51,"playtime":1324,"items_purged":["Defend_P","Defend_P","Defend_P"],"score":1793,"play_id":"0c7d89ae-ea8a-4628-9a28-df3415e4bd73","local_time":"20201223193331","is_ascension_mode":true,"campfire_choices":[{"data":"Eruption","floor":6,"key":"SMITH"},{"data":"Ragnarok","floor":13,"key":"SMITH"},{"data":"Strike_P","floor":15,"key":"PURGE"},{"data":"Strike_P","floor":23,"key":"PURGE"},{"data":"Wish","floor":25,"key":"SMITH"},{"floor":32,"key":"REST"},{"data":"Ragnarok","floor":40,"key":"SMITH"},{"data":"TalkToTheHand","floor":42,"key":"SMITH"},{"data":"Wish","floor":46,"key":"SMITH"},{"data":"MentalFortress","floor":49,"key":"SMITH"}],"circlet_count":0,"master_deck":["AscendersBane","Eruption+1","Vigilance","Wallop","FearNoEvil","Ragnarok+1","EmptyMind","Wallop","Wish+1","Worship","Omniscience","MentalFortress+1","Omniscience","Wallop","Ragnarok+1","Adaptation","TalkToTheHand+1","Wish+1"],"relics":["PureWater","Thread and Needle","Pocketwatch","Centennial Puzzle","Toy Ornithopter","Happy Flower","Peace Pipe","Snecko Eye","Pear","Lantern","CloakClasp","Question Card","Bag of Marbles","Busted Crown","Sundial","StrikeDummy","CaptainsWheel"],"acts_visited":["Exordium","TheCity","TheBeyond"],"potions_floor_usage":[16,16,18,33],"damage_taken":[{"damage":15,"enemies":"Cultist","floor":1,"turns":6},{"damage":0,"enemies":"Jaw Worm","floor":3,"turns":3},{"damage":0,"enemies":"Gremlin Nob","floor":7,"turns":3},{"damage":0,"enemies":"2 Louse","floor":10,"turns":2},{"damage":9,"enemies":"Large Slime","floor":11,"turns":2},{"damage":8,"enemies":"Lagavulin","floor":12,"turns":4},{"damage":0,"enemies":"Gremlin Nob","floor":14,"turns":2},{"damage":0,"enemies":"Hexaghost","floor":16,"turns":4},{"damage":0,"enemies":"Spheric Guardian","floor":18,"turns":2},{"damage":0,"enemies":"2 Thieves","floor":21,"turns":2},{"damage":45,"enemies":"Slavers","floor":24,"turns":2},{"damage":0,"enemies":"3 Cultists","floor":27,"turns":3},{"damage":1,"enemies":"Sentry and Sphere","floor":28,"turns":3},{"damage":8,"enemies":"Colosseum Slavers","floor":29,"turns":3},{"damage":0,"enemies":"Colosseum Nobs","floor":29,"turns":2},{"damage":0,"enemies":"Snake Plant","floor":30,"turns":2},{"damage":0,"enemies":"Book of Stabbing","floor":31,"turns":2},{"damage":0,"enemies":"Collector","floor":33,"turns":4},{"damage":0,"enemies":"Orb Walker","floor":35,"turns":1},{"damage":0,"enemies":"3 Darklings","floor":37,"turns":2},{"damage":0,"enemies":"Jaw Worm Horde","floor":44,"turns":1},{"damage":0,"enemies":"Giant Head","floor":45,"turns":2},{"damage":0,"enemies":"2 Orb Walkers","floor":47,"turns":1},{"damage":6,"enemies":"4 Shapes","floor":48,"turns":2},{"damage":35,"enemies":"Time Eater","floor":50,"turns":4}],"seed_played":"2431362418553500943","potions_obtained":[{"floor":3,"key":"DistilledChaos"},{"floor":12,"key":"Strength Potion"},{"floor":16,"key":"BlessingOfTheForge"},{"floor":27,"key":"SpeedPotion"},{"floor":28,"key":"DistilledChaos"},{"floor":30,"key":"Explosive Potion"},{"floor":44,"key":"SkillPotion"}],"is_trial":false,"path_per_floor":["M","?","M","T","?","R","E","?","T","M","M","E","R","E","R","B",null,"M","?","$","M","?","R","E","R","T","M","M","?","M","E","R","B",null,"M","?","M","?","$","R","$","R","T","M","E","R","?","M","R","B",null],"character_chosen":"WATCHER","items_purchased":["Worship","Ragnarok","Adaptation","Sundial","TalkToTheHand"],"campfire_rested":1,"item_purchase_floors":[20,39,39,41,41],"current_hp_per_floor":[46,39,39,39,39,39,39,39,39,39,30,22,22,22,22,32,59,64,64,64,64,64,64,29,29,29,29,28,20,20,20,43,48,71,71,71,71,71,71,71,71,71,71,71,71,71,71,65,65,30],"gold":146,"neow_bonus":"ONE_RARE_RELIC","is_daily":false,"chose_seed":false,"campfire_upgraded":7,"win_rate":0.0,"timestamp":1608719611,"path_taken":["M","?","M","?","?","R","E","?","T","?","M","E","R","E","R","BOSS","M","?","$","M","?","R","E","R","T","M","M","?","M","E","R","BOSS","M","?","?","?","$","R","$","R","T","M","E","R","?","M","R","BOSS"],"items_purchased_type":["Card","Card","Card","Relic","Card"],"build_version":"2020-12-22","purchased_purges":3,"victory":true,"max_hp_per_floor":[68,68,68,68,68,68,68,68,68,68,68,68,68,68,68,68,68,68,68,68,68,68,68,78,78,78,78,78,78,78,78,78,78,78,78,78,78,74,74,74,74,74,74,74,74,74,74,74,74,74],"card_choices":[{"not_picked":["Sanctity","SashWhip"],"picked":"Wallop","floor":1},{"not_picked":["Consecrate","ThirdEye"],"picked":"FearNoEvil","floor":3},{"not_picked":["PathToVictory","Prostrate"],"picked":"Ragnarok","floor":7},{"not_picked":["FearNoEvil","EmptyFist","FlurryOfBlows"],"picked":"SKIP","floor":10},{"not_picked":["Conclude","Protect","ClearTheMind"],"picked":"SKIP","floor":11},{"not_picked":["SashWhip","CrushJoints"],"picked":"EmptyMind","floor":12},{"not_picked":["FlyingSleeves","BattleHymn"],"picked":"Wallop","floor":14},{"not_picked":["Establishment","Brilliance"],"picked":"Wish","floor":16},{"not_picked":["FollowUp","EmptyBody+1","Evaluate"],"picked":"SKIP","floor":18},{"not_picked":["EmptyFist","CutThroughFate"],"picked":"Omniscience","floor":21},{"not_picked":["SashWhip","Swivel"],"picked":"MentalFortress","floor":24},{"not_picked":["FlurryOfBlows","Consecrate","ClearTheMind"],"picked":"SKIP","floor":27},{"not_picked":["FlyingSleeves","SashWhip","EmptyFist"],"picked":"SKIP","floor":28},{"not_picked":["EmptyMind","Halt","Wallop","Alpha"],"picked":"SKIP","floor":30},{"not_picked":["PathToVictory","Nirvana","ReachHeaven+1","CrushJoints"],"picked":"SKIP","floor":31},{"not_picked":["MasterReality","Scrawl","Brilliance"],"picked":"Omniscience","floor":33},{"not_picked":["JustLucky","Consecrate"],"picked":"SKIP","floor":35},{"not_picked":["ClearTheMind+1","CutThroughFate"],"picked":"SKIP","floor":37},{"not_picked":["SashWhip","Pray+1"],"picked":"SKIP","floor":44},{"not_picked":["WindmillStrike"],"picked":"Wish","floor":45},{"not_picked":["FlurryOfBlows","ReachHeaven"],"picked":"SKIP","floor":48}],"player_experience":832325,"relics_obtained":[{"floor":4,"key":"Pocketwatch"},{"floor":7,"key":"Centennial Puzzle"},{"floor":9,"key":"Toy Ornithopter"},{"floor":12,"key":"Happy Flower"},{"floor":14,"key":"Peace Pipe"},{"floor":24,"key":"Pear"},{"floor":26,"key":"Lantern"},{"floor":29,"key":"CloakClasp"},{"floor":29,"key":"Question Card"},{"floor":31,"key":"Bag of Marbles"},{"floor":45,"key":"StrikeDummy"},{"floor":47,"key":"CaptainsWheel"}],"event_choices":[{"cards_removed":["Writhe"],"damage_healed":0,"gold_gain":0,"player_choice":"Card Removal","damage_taken":7,"max_hp_gain":0,"max_hp_loss":0,"event_name":"Golden Wing","floor":2,"gold_loss":0},{"cards_removed":["Defend_P"],"damage_healed":0,"gold_gain":0,"player_choice":"Card Removal","damage_taken":0,"max_hp_gain":0,"max_hp_loss":0,"event_name":"The Cleric","floor":5,"gold_loss":75},{"cards_removed":["Strike_P"],"damage_healed":0,"gold_gain":0,"player_choice":"Purged","damage_taken":0,"max_hp_gain":0,"max_hp_loss":0,"event_name":"Purifier","floor":8,"gold_loss":0},{"damage_healed":0,"gold_gain":0,"player_choice":"Ignored","damage_taken":0,"max_hp_gain":0,"max_hp_loss":0,"event_name":"Vampires","floor":19,"gold_loss":0},{"damage_healed":0,"gold_gain":0,"player_choice":"Ignored","damage_taken":0,"max_hp_gain":0,"max_hp_loss":0,"event_name":"The Mausoleum","floor":22,"gold_loss":0},{"damage_healed":0,"gold_gain":0,"player_choice":"Fight","damage_taken":0,"max_hp_gain":0,"max_hp_loss":0,"event_name":"Colosseum","floor":29,"gold_loss":0},{"damage_healed":0,"gold_gain":0,"player_choice":"Fought Nobs","damage_taken":0,"max_hp_gain":0,"max_hp_loss":0,"event_name":"Colosseum","floor":29,"gold_loss":0},{"damage_healed":0,"gold_gain":0,"cards_transformed":["Strike_P"],"player_choice":"Transformed","damage_taken":0,"max_hp_gain":0,"max_hp_loss":0,"event_name":"Transmorgrifier","floor":36,"gold_loss":0,"cards_obtained":["Wallop"]},{"damage_healed":0,"gold_gain":0,"player_choice":"Max HP","damage_taken":0,"max_hp_gain":0,"max_hp_loss":4,"event_name":"Winding Halls","floor":38,"gold_loss":0},{"damage_healed":0,"gold_gain":0,"player_choice":"Fight","damage_taken":0,"max_hp_gain":0,"max_hp_loss":0,"event_name":"Mysterious Sphere","floor":47,"gold_loss":0}],"is_beta":false,"boss_relics":[{"not_picked":["Velvet Choker","Coffee Dripper"],"picked":"Snecko Eye"},{"not_picked":["Runic Dome","Calling Bell"],"picked":"Busted Crown"}],"items_purged_floors":[20,39,41],"is_endless":false,"potions_floor_spawned":[3,12,16,27,28,29,30,44,45],"ascension_level":19}}