{"host":"4edbuligkc8x13l4","time":1608729218,"event":{"mods":["BaseMod","Minty Spire (QoL Compilation)","StSLib","SuperFastMode"],"gold_per_floor":[115,20,20,39,39,66,66,82,106,138,150,184,184,184,184,256,256,256,256],"floor_reached":18,"playtime":553,"items_purged":[],"score":329,"play_id":"852a1c1d-fc42-4747-b992-92694f42995c","local_time":"20201223211338","is_ascension_mode":true,"campfire_choices":[{"floor":7,"key":"REST"},{"floor":15,"key":"REST"}],"circlet_count":0,"master_deck":["AscendersBane","Strike_R","Strike_R","Strike_R","Strike_R","Defend_R","Defend_R","Defend_R","Defend_R","Bash","Double Tap","Feel No Pain","Flex","Evolve","Second Wind","Juggernaut","Wild Strike","Rupture","Fire Breathing","Barricade","Impervious"],"relics":["Burning Blood","Oddly Smooth Stone","Bag of Marbles","Pen Nib","Juzu Bracelet","Velvet Choker"],"acts_visited":["Exordium","TheCity"],"potions_floor_usage":[8,10,12],"damage_taken":[{"damage":10,"enemies":"Small Slimes","floor":1,"turns":4},{"damage":12,"enemies":"2 Louse","floor":4,"turns":3},{"damage":51,"enemies":"Gremlin Nob","floor":6,"turns":5},{"damage":0,"enemies":"Cultist","floor":8,"turns":4},{"damage":30,"enemies":"3 Sentries","floor":10,"turns":6},{"damage":4,"enemies":"2 Fungi Beasts","floor":11,"turns":4},{"damage":31,"enemies":"Lagavulin","floor":12,"turns":7},{"damage":34,"enemies":"Slime Boss","floor":16,"turns":11},{"damage":63,"enemies":"3 Byrds","floor":18,"turns":6}],"seed_played":"-1950114180880545338","potions_obtained":[{"floor":1,"key":"Explosive Potion"},{"floor":6,"key":"Regen Potion"},{"floor":11,"key":"ColorlessPotion"},{"floor":12,"key":"Swift Potion"}],"is_trial":false,"path_per_floor":["M","$","?","M","?","E","R","M","T","E","M","E","?","?","R","B",null,"M"],"character_chosen":"IRONCLAD","items_purchased":["Flex","Evolve"],"campfire_rested":2,"item_purchase_floors":[2,2],"current_hp_per_floor":[64,64,69,63,63,18,42,60,60,36,38,13,13,13,37,9,62,0,0],"gold":256,"neow_bonus":"ONE_RANDOM_RARE_CARD","is_daily":false,"chose_seed":false,"campfire_upgraded":0,"win_rate":0.0,"timestamp":1608729218,"path_taken":["M","$","?","M","?","E","R","M","T","E","M","E","?","?","R","BOSS","M"],"items_purchased_type":["Card","Card"],"build_version":"2020-12-22","purchased_purges":0,"victory":false,"max_hp_per_floor":[75,75,80,80,80,80,80,80,80,80,80,80,80,80,80,80,80,80,80],"card_choices":[{"not_picked":["Clothesline","Sever Soul"],"picked":"Feel No Pain","floor":1},{"not_picked":["Iron Wave","Sword Boomerang"],"picked":"Second Wind","floor":4},{"not_picked":["Ghostly Armor","Cleave"],"picked":"Juggernaut","floor":6},{"not_picked":["Anger","Shrug It Off"],"picked":"Wild Strike","floor":8},{"not_picked":["Shockwave","Ghostly Armor"],"picked":"Rupture","floor":10},{"not_picked":["Sword Boomerang","Sentinel"],"picked":"Fire Breathing","floor":11},{"not_picked":["Uppercut","Sword Boomerang"],"picked":"Barricade","floor":12},{"not_picked":["Juggernaut","Exhume"],"picked":"Impervious","floor":16}],"player_experience":910758,"relics_obtained":[{"floor":6,"key":"Oddly Smooth Stone"},{"floor":9,"key":"Bag of Marbles"},{"floor":10,"key":"Pen Nib"},{"floor":12,"key":"Juzu Bracelet"}],"event_choices":[{"damage_healed":0,"gold_gain":0,"player_choice":"Donut","damage_taken":0,"max_hp_gain":5,"max_hp_loss":0,"event_name":"Big Fish","floor":3,"gold_loss":0},{"damage_healed":0,"gold_gain":0,"player_choice":"Leave","damage_taken":0,"max_hp_gain":0,"max_hp_loss":0,"event_name":"The Cleric","floor":5,"gold_loss":0},{"damage_healed":0,"gold_gain":0,"player_choice":"Ignored","damage_taken":0,"max_hp_gain":0,"max_hp_loss":0,"event_name":"Shining Light","floor":13,"gold_loss":0},{"cards_removed":["Strike_R"],"damage_healed":0,"gold_gain":0,"player_choice":"Purged","damage_taken":0,"max_hp_gain":0,"max_hp_loss":0,"event_name":"Purifier","floor":14,"gold_loss":0}],"is_beta":false,"boss_relics":[{"not_picked":["Philosopher\u0027s Stone","Ectoplasm"],"picked":"Velvet Choker"}],"items_purged_floors":[],"is_endless":false,"potions_floor_spawned":[1,6,11,12],"killed_by":"3 Byrds","ascension_level":17}}