{"host":"jn0ak8pel44mihsi","time":1608734419,"event":{"mods":["BaseMod","Colored Map","Downfall","Minty Spire (QoL Compilation)","StSLib"],"gold_per_floor":[99,118,131,148,165,165,165,185,185,185,519,532,545,118,134,236,236,236,248,261,280,280,280,305,325,344,194,194,119,135,151,167,263,263,263,277,327,347,347,367,392,392,392,392,406,417,436,210,226,226,226,259,37,37,37],"floor_reached":56,"playtime":5959,"items_purged":[],"score":1236,"play_id":"311d8980-4d37-4746-9773-4216e522af12","local_time":"20201223084019","is_ascension_mode":false,"campfire_choices":[{"data":"Slimebound:Split","floor":1.0,"key":"SMITH"},{"data":"Slimebound:SplitMire","floor":6.0,"key":"SMITH"},{"data":"Slimebound:GoopSpray","floor":9.0,"key":"SMITH"},{"data":"Slimebound:DouseInSlime","floor":18.0,"key":"SMITH"},{"floor":27.0,"key":"RECALL"},{"data":"Ghostly","floor":29.0,"key":"SMITH"},{"data":"Ghostly","floor":35.0,"key":"SMITH"},{"data":"Ghostly","floor":42.0,"key":"SMITH"},{"data":"Ghostly","floor":44.0,"key":"SMITH"},{"data":"Ghostly","floor":54,"key":"SMITH"}],"circlet_count":0,"master_deck":["Slimebound:Strike_Slimebound","Slimebound:Tackle","Slimebound:Defend_Slimebound","Slimebound:Defend_Slimebound","Slimebound:Defend_Slimebound","Slimebound:Defend_Slimebound","Slimebound:Split+1","Slimebound:CorrosiveSpit","Slimebound:SplitMire+1","Slimebound:ItLooksTasty","Slimebound:RejuvenatingLick","Slimebound:GoopSpray+1","Slimebound:SplitLeeching","Slimebound:Overexert","Slimebound:LeechingTouch+1","Slimebound:LeadByExample","Slimebound:MassFeed","Slimebound:LivingWall","Slimebound:RejuvenatingLick","Slimebound:MegaLick+1","Slimebound:DouseInSlime+1","Slimebound:SplitLeeching","Slimebound:SplitMire+1","Slimebound:Schlurp+1","Ghostly+1","Ghostly+1","Ghostly+1","Ghostly+1","Ghostly+1","Slimebound:HauntingLick","Slimebound:SplitAcid","Slimebound:DuplicatedForm","Slimebound:LeechLife","Slimebound:MassRepurpose","Slimebound:LevelUp","Slimebound:SplitMire+1","Panacea","Slimebound:OozeBath","Slimebound:GoopSpray+1","Slimebound:FormOfPuddle"],"relics":["Slimebound:AbsorbEndCombat","PreservedInsect","Dead Branch","Old Coin","Slimebound:MaxSlimesRelic","Sozu","Lantern","downfall:HeartBlessingBlue","downfall:HeartBlessingGreen","downfall:HeartBlessingRed","Runic Pyramid","Turnip","Omamori","Incense Burner","Frozen Eye","Centennial Puzzle","OrangePellets"],"acts_visited":["Exordium","TheCity","TheBeyond","TheEnding"],"potions_floor_usage":[],"damage_taken":[{"damage":17.0,"enemies":"2 Louse","floor":2.0,"turns":3.0},{"damage":13.0,"enemies":"Jaw Worm","floor":3.0,"turns":3.0},{"damage":13.0,"enemies":"Cultist","floor":4.0,"turns":4.0},{"damage":21.0,"enemies":"3 Louse","floor":5.0,"turns":4.0},{"damage":14.0,"enemies":"Blue Slaver","floor":8.0,"turns":3.0},{"damage":34.0,"enemies":"Gremlin Nob","floor":11.0,"turns":3.0},{"damage":50.0,"enemies":"Exordium Thugs","floor":12.0,"turns":4.0},{"damage":19.0,"enemies":"Lots of Slimes","floor":13.0,"turns":3.0},{"damage":26.0,"enemies":"downfall:FleeingMerchant","floor":14.0,"turns":4.0},{"damage":30.0,"enemies":"2 Fungi Beasts","floor":15.0,"turns":4.0},{"damage":37.0,"enemies":"downfall:Ironclad","floor":16.0,"turns":6.0},{"damage":16.0,"enemies":"Spheric Guardian","floor":19.0,"turns":3.0},{"damage":21.0,"enemies":"Shell Parasite","floor":20.0,"turns":3.0},{"damage":23.0,"enemies":"Sentry and Sphere","floor":21.0,"turns":4.0},{"damage":10.0,"enemies":"Snake Plant","floor":25.0,"turns":3.0},{"damage":11.0,"enemies":"Centurion and Healer","floor":26.0,"turns":6.0},{"damage":10.0,"enemies":"Snecko","floor":30.0,"turns":5.0},{"damage":14.0,"enemies":"Chosen and Byrds","floor":31.0,"turns":4.0},{"damage":6.0,"enemies":"3 Cultists","floor":32.0,"turns":5.0},{"damage":53.0,"enemies":"downfall:Defect","floor":33.0,"turns":6.0},{"damage":41.0,"enemies":"3 Darklings","floor":36.0,"turns":5.0},{"damage":11.0,"enemies":"Mind Bloom Boss Battle","floor":37.0,"turns":7.0},{"damage":5.0,"enemies":"3 Shapes","floor":38.0,"turns":3.0},{"damage":27.0,"enemies":"Maw","floor":40.0,"turns":8.0},{"damage":20.0,"enemies":"Sphere and 2 Shapes","floor":45.0,"turns":5.0},{"damage":35.0,"enemies":"Spire Growth","floor":46.0,"turns":6.0},{"damage":51.0,"enemies":"Transient","floor":47.0,"turns":5.0},{"damage":9.0,"enemies":"downfall:FleeingMerchant","floor":48.0,"turns":4.0},{"damage":23,"enemies":"Writhing Mass","floor":49,"turns":4},{"damage":30,"enemies":"downfall:Watcher","floor":50,"turns":8},{"damage":65,"enemies":"downfall:CharBossMerchant","floor":52,"turns":10},{"damage":79,"enemies":"downfall:NeowBoss","floor":55,"turns":21}],"seed_played":"6387783455918160932","potions_obtained":[{"floor":5.0,"key":"hexamod:EctoCoolerPotion"},{"floor":8.0,"key":"FearPotion"},{"floor":11.0,"key":"Slimebound:ThreeZeroPotion"},{"floor":15.0,"key":"SkillPotion"}],"is_trial":false,"path_per_floor":["R","M","M","M","M","R","T","M","R","?","E","M","M","$","M","B",null,"R","M","M","M","?","T","T","M","M","R","?","R","M","M","M","B",null,"R","M","?","M","?","M","T","R","?","R","M","M","M","$","M","B",null,"E","$","R","B",null],"character_chosen":"SLIMEBOUND","items_purchased":["Slimebound:MaxSlimesRelic","Slimebound:LivingWall","Slimebound:RejuvenatingLick","Incense Burner","Frozen Eye","Panacea","Slimebound:FormOfPuddle","OrangePellets"],"campfire_rested":0,"item_purchase_floors":[14,14,14,48,48,48,53,53],"current_hp_per_floor":[60,51,54,59,57,57,57,60,60,60,44,20,29,27,21,14,60,60,63,63,67,36,36,36,33,42,52,44,44,57,58,69,67,69,69,69,72,75,75,76,76,76,68,68,78,62,78,78,78,79,81,84,84,84,84],"gold":37,"neow_bonus":"RANDOM_COMMON_RELIC","is_daily":false,"chose_seed":false,"campfire_upgraded":9,"win_rate":0.0,"timestamp":1608734419,"path_taken":["R","M","M","M","M","R","T","M","R","?","E","M","M","$","M","BOSS","R","M","M","M","?","?","T","?","M","R","?","R","M","M","M","BOSS","R","M","?","M","?","M","T","R","?","R","M","?","M","$","M","BOSS","E","$","R","BOSS"],"items_purchased_type":["Relic","Card","Card","Relic","Relic","Card","Card","Relic"],"build_version":"2020-12-22","purchased_purges":0,"victory":true,"max_hp_per_floor":[60,60,60,60,60,60,60,60,60,60,60,60,60,60,60,60,60,60,63,66,72,36,36,36,36,42,52,57,57,57,60,69,69,69,69,72,72,75,75,78,78,78,78,78,78,78,78,78,78,81,81,84,84,84,84],"card_choices":[{"not_picked":["Slimebound:ViciousTackle","Slimebound:FinishingTackle"],"picked":"Slimebound:SplitMire","floor":2.0},{"not_picked":["Slimebound:BestDefense","Slimebound:SplitLeeching"],"picked":"Slimebound:ItLooksTasty","floor":3.0},{"not_picked":["Slimebound:AcidTongue","Slimebound:Schlurp"],"picked":"Slimebound:RejuvenatingLick","floor":4.0},{"not_picked":["Slimebound:AcidTongue","Slimebound:LeechEnergy"],"picked":"Slimebound:GoopSpray","floor":5.0},{"not_picked":["Slimebound:Prepare","Slimebound:SplitMire"],"picked":"Slimebound:SplitLeeching","floor":8.0},{"not_picked":["Slimebound:PressTheAttack","Slimebound:SlimeSpikes"],"picked":"Slimebound:Overexert","floor":11.0},{"not_picked":["Slimebound:BestDefense","Slimebound:PressTheAttack"],"picked":"Slimebound:LeechingTouch","floor":12.0},{"not_picked":["Slimebound:RollThrough","Slimebound:Schlurp"],"picked":"Slimebound:LeadByExample","floor":13.0},{"not_picked":["Slimebound:GoopSpray","Slimebound:Grow"],"picked":"Slimebound:MassFeed","floor":14.0},{"not_picked":["Slimebound:ViciousTackle","Slimebound:BestDefense"],"picked":"Slimebound:MegaLick","floor":15.0},{"not_picked":["Slimebound:MassRepurpose","Slimebound:Teamwork"],"picked":"Slimebound:DouseInSlime","floor":16.0},{"not_picked":["Slimebound:Dissolve","Slimebound:GrowthPunch+1"],"picked":"Slimebound:SplitLeeching","floor":19.0},{"not_picked":["Slimebound:SplitLeeching","Slimebound:ViciousTackle"],"picked":"Slimebound:SplitMire+1","floor":20.0},{"not_picked":["Slimebound:RainOfGoop","Slimebound:FinishingTackle"],"picked":"Slimebound:Schlurp+1","floor":21.0},{"not_picked":["Slimebound:DisruptingSlam","Slimebound:SlimeSpikes"],"picked":"Slimebound:HauntingLick","floor":25.0},{"not_picked":["Slimebound:LeechEnergy","Slimebound:SplitMire"],"picked":"Slimebound:SplitAcid","floor":26.0},{"not_picked":["Slimebound:GrowthPunch+1","Slimebound:ForwardTackle"],"picked":"Slimebound:DuplicatedForm","floor":30.0},{"not_picked":["Slimebound:LeechEnergy","Slimebound:SamplingLick","Slimebound:Equalize"],"picked":"SKIP","floor":31.0},{"not_picked":["Slimebound:RollThrough+1","Slimebound:ViciousTackle"],"picked":"Slimebound:LeechLife","floor":32.0},{"not_picked":["Slimebound:LeechLife","Slimebound:Overexert"],"picked":"Slimebound:MassRepurpose","floor":33.0},{"not_picked":["Slimebound:SplitMire","Slimebound:SlimeSpikes+1","Slimebound:Schlurp"],"picked":"SKIP","floor":36.0},{"not_picked":["Slimebound:SlimeSpikes","Slimebound:RollThrough"],"picked":"Slimebound:LevelUp","floor":38.0},{"not_picked":["Slimebound:ComboTackle+1","Slimebound:Gluttony","Slimebound:ViciousTackle"],"picked":"SKIP","floor":40.0},{"not_picked":["Slimebound:SplitBruiser+1","Slimebound:LeechingTouch+1","Slimebound:Grow+1"],"picked":"SKIP","floor":45.0},{"not_picked":["Slimebound:ComboTackle","Slimebound:BestDefense+1"],"picked":"Slimebound:SplitMire+1","floor":46.0},{"not_picked":["Slimebound:ForwardTackle","Slimebound:BestDefense","Slimebound:SplitMire+1"],"picked":"SKIP","floor":47.0},{"not_picked":["Slimebound:GoopSpray+1","Slimebound:Schlurp"],"picked":"Slimebound:OozeBath","floor":49},{"not_picked":["Slimebound:ViciousTackle","Slimebound:GoopTackle+1"],"picked":"Slimebound:GoopSpray+1","floor":52}],"player_experience":468040,"relics_obtained":[{"floor":7.0,"key":"Dead Branch"},{"floor":11.0,"key":"Old Coin"},{"floor":24.0,"key":"Lantern"},{"floor":37.0,"key":"Turnip"},{"floor":41.0,"key":"Omamori"},{"floor":52,"key":"Centennial Puzzle"}],"event_choices":[{"cards_removed":["Slimebound:Strike_Slimebound"],"damage_healed":0.0,"max_hp_gain":0.0,"max_hp_loss":0.0,"gold_gain":0.0,"event_name":"Living Wall","player_choice":"Forget","floor":10.0,"gold_loss":0.0,"damage_taken":0.0},{"damage_healed":0.0,"max_hp_gain":0.0,"max_hp_loss":36.0,"gold_gain":0.0,"event_name":"Ghosts","player_choice":"Became a Ghost","floor":22.0,"gold_loss":0.0,"damage_taken":0.0,"cards_obtained":["Ghostly","Ghostly","Ghostly","Ghostly","Ghostly"]},{"cards_removed":["Slimebound:Strike_Slimebound"],"damage_healed":0.0,"max_hp_gain":0.0,"max_hp_loss":0.0,"gold_gain":0.0,"event_name":"Falling","player_choice":"Removed Attack","floor":39.0,"gold_loss":0.0,"damage_taken":0.0}],"is_beta":false,"boss_relics":[{"not_picked":["Astrolabe","SlaversCollar"],"picked":"Sozu"},{"not_picked":["SacredBark","Snecko Eye"],"picked":"Runic Pyramid"}],"items_purged_floors":[],"is_endless":false,"potions_floor_spawned":[5,8,11,15,20,31,33,40,45,47],"ascension_level":0}}