{"host":"f5ezd1v29dtbwkzo","time":1608757318,"event":{"mods":["2.2 Compatiblity","BaseMod","Hermit","Minty Spire (QoL Compilation)","Rare Cards Sparkle","Replay The Spire","StSLib"],"gold_per_floor":[118,118,30,40,50,50,63,63,63,63,73,73,86,86,86,181,181,198,41,52,63,97,97,108,108,181,106,116,31,31,55,55,152,202,221,239,253,268,77,108,108,126,153,169,169,187,187,187,187,187],"floor_reached":51,"playtime":3004,"items_purged":[],"score":696,"play_id":"e09b519f-6ca7-4572-b532-618be38eada6","local_time":"20201224000158","is_ascension_mode":false,"campfire_choices":[{"data":"Armaments","floor":6,"key":"SMITH"},{"data":"Swift Strike","floor":10,"key":"SMITH"},{"data":"Thunderclap","floor":12,"key":"SMITH"},{"floor":15,"key":"REST"},{"floor":23,"key":"DIG"},{"data":"Strike_R","floor":25,"key":"PURGE"},{"data":"Looming Evil","floor":41,"key":"PURGE"},{"floor":45,"key":"DIG"},{"data":"Pot Of Greed","floor":47,"key":"PURGE"},{"floor":49,"key":"DIG"}],"circlet_count":0,"master_deck":["Strike_R","Defend_R","Defend_R","Defend_R","Bash+1","Havoc","Swift Strike+1","Armaments+1","Thunderclap+1","Reaper","ReplayTheSpireMod:Muscle Training+1","ReplayTheSpireMod:LeadingStrike+1","ReplayTheSpireMod:Limb From Limb","Life Link+1","Replay:Bootleg Shield Generator","Reaper","Pot Of Greed","Decay"],"relics":["Replay:Drink Me","Garlic","Replay:Multitool","Fusion Hammer","Strawberry","Red Mask","King of Hearts","The Courier","Pen Nib","Dream Catcher","Ring of Misfortune","Ring of Searing","Tiny House","Nunchaku","Happy Flower","ReplayTheSpireMod:Spearhead","Grinning Jar","ReplayTheSpireMod:Ring of Exchange","Ring of Hypnosis","Replay:Bottled Eggs"],"acts_visited":["Exordium","TheCity","TheBeyond"],"potions_floor_usage":[16,16,50,50],"damage_taken":[{"damage":2,"enemies":"Small Slimes","floor":1,"turns":5},{"damage":0,"enemies":"Cultist","floor":4,"turns":3},{"damage":2,"enemies":"Jaw Worm","floor":5,"turns":3},{"damage":0,"enemies":"3 Louse","floor":7,"turns":4},{"damage":3,"enemies":"Exordium Wildlife","floor":11,"turns":6},{"damage":0,"enemies":"Blue Slaver","floor":13,"turns":3},{"damage":14,"enemies":"The Guardian","floor":16,"turns":15},{"damage":0,"enemies":"2 Thieves","floor":18,"turns":3},{"damage":2,"enemies":"Shell Parasite","floor":20,"turns":4},{"damage":5,"enemies":"Centurion and Healer","floor":21,"turns":6},{"damage":7,"enemies":"Masked Bandits","floor":22,"turns":5},{"damage":2,"enemies":"Cultist and Chosen","floor":24,"turns":4},{"damage":13,"enemies":"Chosen and Byrds","floor":28,"turns":6},{"damage":52,"enemies":"Champ","floor":33,"turns":8},{"damage":7,"enemies":"3 Shapes","floor":35,"turns":3},{"damage":5,"enemies":"3 Darklings","floor":36,"turns":3},{"damage":5,"enemies":"Spire Growth","floor":37,"turns":3},{"damage":17,"enemies":"4 Shapes","floor":38,"turns":5},{"damage":11,"enemies":"R_Hoarder","floor":40,"turns":7},{"damage":19,"enemies":"Writhing Mass","floor":42,"turns":4},{"damage":10,"enemies":"Sphere and 2 Shapes","floor":44,"turns":3},{"damage":12,"enemies":"Maw","floor":46,"turns":4},{"damage":35,"enemies":"Donu and Deca","floor":50,"turns":7}],"seed_played":"-2647510298652840283","potions_obtained":[{"floor":1,"key":"Reflective Coating"},{"floor":2,"key":"Doom Potion"},{"floor":2,"key":"FairyPotion"},{"floor":13,"key":"Fruit Juice"},{"floor":21,"key":"Toxic Potion"},{"floor":22,"key":"Elixir"},{"floor":24,"key":"Flashbang"},{"floor":36,"key":"Doom Potion"}],"is_trial":false,"path_per_floor":["M","?","$","M","M","R","M","?","T","R","M","R","M","?","R","B",null,"M","$","M","M","?","R","M","R","T","R","M","?","?","T","R","B",null,"M","M","M","M","$","E","R","M","T","M","R","M","R","?","R","B",null],"character_chosen":"IRONCLAD","items_purchased":["Swift Strike","Strawberry","Nunchaku","Replay:Bootleg Shield Generator"],"campfire_rested":1,"item_purchase_floors":[3,19,39,39],"current_hp_per_floor":[58,58,58,58,56,56,56,61,61,61,58,58,58,16,35,26,70,70,77,77,77,73,73,77,77,77,77,73,73,73,73,73,30,82,75,82,82,67,67,82,82,78,78,82,82,77,77,77,77,57],"gold":187,"neow_bonus":"BOSS_RELIC","is_daily":false,"chose_seed":false,"campfire_upgraded":3,"win_rate":0.0,"timestamp":1608757318,"path_taken":["M","?","$","?","M","R","M","?","T","R","M","R","M","?","R","BOSS","M","$","M","M","?","R","M","R","T","R","M","?","?","?","R","BOSS","M","M","M","M","$","E","R","M","T","M","R","M","R","?","R","BOSS"],"items_purchased_type":["Card","Relic","Relic","Card"],"build_version":"2020-12-22","purchased_purges":0,"victory":true,"max_hp_per_floor":[60,60,60,60,60,60,60,65,65,65,65,65,65,65,65,70,70,70,77,77,77,77,77,77,77,77,77,77,77,77,77,77,77,82,82,82,82,82,82,82,82,82,82,82,82,82,82,82,82,82],"card_choices":[{"not_picked":["Blood for Blood","Burning Pact"],"picked":"Havoc","floor":1},{"not_picked":["ReplayReversal","Ghostly Armor"],"picked":"Armaments","floor":4},{"not_picked":["Shrug It Off","Clash","Pommel Strike"],"picked":"SKIP","floor":5},{"not_picked":["Demonic Infusion","Pummel","Life Link"],"picked":"SKIP","floor":7},{"not_picked":["Headbutt","Twin Strike"],"picked":"Thunderclap","floor":11},{"not_picked":["Metallicize","Iron Wave","Pummel"],"picked":"SKIP","floor":13},{"not_picked":["Eclipse","Impervious"],"picked":"Reaper","floor":16},{"not_picked":["Flex","ReplayReversal"],"picked":"ReplayTheSpireMod:Muscle Training+1","floor":18},{"not_picked":["ReplayTheSpireMod:Muscle Training","Clothesline"],"picked":"ReplayTheSpireMod:LeadingStrike+1","floor":20},{"not_picked":["Iron Wave","Abandon","Warcry"],"picked":"SKIP","floor":21},{"not_picked":["Wild Strike+1","Pummel","Uppercut+1"],"picked":"SKIP","floor":24},{"not_picked":["Evolve","True Grit","Massacre"],"picked":"SKIP","floor":28},{"not_picked":["Clash","Disarm+1","Shrug It Off"],"picked":"SKIP","floor":35},{"not_picked":["Replay:Undeath\u0027s Touch+1","Twin Strike+1","Entrench+1"],"picked":"SKIP","floor":36},{"not_picked":["Searing Blow","Clothesline","ReplayTheSpireMod:Strike From Hell"],"picked":"SKIP","floor":37},{"not_picked":["Shockwave","Clash"],"picked":"Life Link","floor":38},{"not_picked":["Armaments+1","Intimidate+1"],"picked":"Reaper","floor":40},{"not_picked":["Burning Pact+1","Wild Strike","Flex"],"picked":"SKIP","floor":42},{"not_picked":["Twin Strike","Disarm","Fire Breathing"],"picked":"SKIP","floor":44},{"not_picked":["Thunderclap+1","Clash","Flex+1"],"picked":"SKIP","floor":46}],"player_experience":262401,"relics_obtained":[{"floor":9,"key":"Garlic"},{"floor":22,"key":"Red Mask"},{"floor":23,"key":"King of Hearts"},{"floor":26,"key":"The Courier"},{"floor":31,"key":"Dream Catcher"},{"floor":32,"key":"Ring of Misfortune"},{"floor":32,"key":"Ring of Searing"},{"floor":40,"key":"Happy Flower"},{"floor":43,"key":"ReplayTheSpireMod:Spearhead"},{"floor":45,"key":"Grinning Jar"},{"floor":48,"key":"ReplayTheSpireMod:Ring of Exchange"},{"floor":48,"key":"Ring of Hypnosis"},{"floor":49,"key":"Replay:Bottled Eggs"}],"event_choices":[{"damage_healed":0,"gold_gain":0,"player_choice":"Got Potions","damage_taken":0,"max_hp_gain":0,"max_hp_loss":0,"event_name":"Lab","floor":2,"gold_loss":0},{"damage_healed":0,"gold_gain":0,"player_choice":"Donut","damage_taken":0,"max_hp_gain":5,"max_hp_loss":0,"event_name":"Big Fish","floor":8,"gold_loss":0},{"damage_healed":0,"gold_gain":0,"player_choice":"Success","damage_taken":42,"relics_obtained":["Replay:Multitool"],"max_hp_gain":0,"max_hp_loss":0,"event_name":"Scrap Ooze","floor":14,"gold_loss":0},{"damage_healed":0,"gold_gain":0,"player_choice":"Fought Bandits","damage_taken":0,"max_hp_gain":0,"max_hp_loss":0,"event_name":"Masked Bandits","floor":22,"gold_loss":0},{"cards_removed":["Strike_R"],"damage_healed":0,"gold_gain":0,"player_choice":"Gave Gold","damage_taken":0,"max_hp_gain":0,"max_hp_loss":0,"event_name":"Beggar","floor":27,"gold_loss":75},{"damage_healed":0,"gold_gain":0,"player_choice":"Obtained Relic","damage_taken":0,"relics_obtained":["Pen Nib"],"max_hp_gain":0,"max_hp_loss":0,"event_name":"Addict","floor":29,"gold_loss":85},{"damage_healed":0,"gold_gain":0,"player_choice":"Read","damage_taken":0,"max_hp_gain":0,"max_hp_loss":0,"event_name":"The Library","floor":30,"gold_loss":0,"cards_obtained":["ReplayTheSpireMod:Limb From Limb"]}],"is_beta":false,"boss_relics":[{"not_picked":["Cursed Key","Coffee Dripper"],"picked":"Fusion Hammer"},{"not_picked":["Empty Cage","Mark of Pain"],"picked":"Tiny House"}],"items_purged_floors":[],"is_endless":false,"potions_floor_spawned":[1,4,13,21,22,24,33,36,38,40,44],"ascension_level":0}}