{"host":"a1kj1kkwgoo3jtle","time":1608721042,"event":{"mods":["2.2 Compatiblity","AchievementEnabler","AlwaysNeverKeys","BaseMod","Better Synergies","Better Third Choice","Colored Powertips","Communication Mod","Custom Start","Downfall","Faster Ascension Climbing","Filter the Spire","Friendly Minions","GifTheSpireLib","Gremlin Skip","Highlight Path","HololiveMod","Infinite Spire","Luminous","Minty Spire (QoL Compilation)","Quick Restart","Reimu??????","Relic Filter","Relic Sorter","Relic Stats","Remilia??????","Replay The Spire","Reworked Bosses","Shade Mod","StSLib","The Alterego","The Druid","The Exalted","The Runesmith","The Servant 0.9.4","TheSwordswoman","Wandering Minibosses","WarShipGirlsR/????R mod","Yuri Mod"],"gold_per_floor":[109,109,122,139,150,150,150,175,250,250,23,38,69,125,125,230,230,241,241,241,255,271,271,306,306,331,360,360,376,394,405,405,510,510,530,530,547,557,569,569,569,599,646,671,686,686,2,14,14,14],"floor_reached":51,"playtime":3775,"items_purged":[],"score":1093,"play_id":"5dafb67a-1006-48da-ab81-b7e702181e61","local_time":"20201223125722","daily_mods":["Vintage","Uncertain Future"],"is_ascension_mode":true,"campfire_choices":[{"data":"theDruid:BriarArmor","floor":6,"key":"SMITH"},{"data":"theDruid:Resupply","floor":10,"key":"SMITH"},{"data":"theDruid:BristlingDefense","floor":15,"key":"SMITH"},{"data":"theDruid:SurvivalCache","floor":23,"key":"SMITH"},{"data":"theDruid:PrimalStrength","floor":25,"key":"SMITH"},{"floor":32,"key":"REST"},{"floor":40,"key":"REST"},{"data":"theDruid:SurvivalCache","floor":46,"key":"SMITH"},{"data":"1","floor":49,"key":"LIFT"}],"circlet_count":0,"master_deck":["theDruid:Strike_O","theDruid:Strike_O+1","theDruid:Strike_O+1","theDruid:Strike_O","theDruid:Defend_O","theDruid:Defend_O","theDruid:Defend_O","theDruid:BriarArmor+1","theDruid:WildSlash","theDruid:Eclipse","theDruid:ExposingSlash","theDruid:FullMoon","theDruid:ForestsSoul","theDruid:Resupply+1","theDruid:Fortitude","theDruid:BristlingDefense+1","theDruid:ThornStrike","theDruid:LunarScythe","theDruid:SurvivalCache+1","theDruid:PrimalStrength+1","theDruid:Starfall+1","theDruid:Rummage","theDruid:SurvivalCache+1","theDruid:Slingshot+1","theDruid:Starburst","theDruid:ForestsSoul","theDruid:TwilightsCall+1","theDruid:ForestGuard"],"relics":["theDruid:CrownOfTheWilds","Omamori","Hololive_LightStick","ReplayTheSpireMod:Shallot","Happy Flower","Pen Nib","Mastiff:ReiMu","infinitespire:BottledMercury","Akabeko","Replay:WaspNest","theDruid:ArmillarySphere","ReplayTheSpireMod:TigerMarble","expansioncontent:StudyCardRelic","infinitespire:Lucky Rock","Blue Candle","Regal Pillow","Replay:Towering Pillar of Hats","PreservedInsect","hexamod:BolsterEngine","Meat on the Bone","Dream Catcher","Mirror","Painkiller Herb","Darkstone Periapt","RedLine:ReiMu","Replay:Mystery Machine","Vajra","Guardian:PocketSentry","Replay:Baseball","Whetstone","Bronze Scales","Incense Burner","Sling","Girya","Replay:Rubber Ducky","Bromod:ArcaneConsequence"],"acts_visited":["Exordium","TheCity","TheBeyond"],"potions_floor_usage":[8,12,24,33],"damage_taken":[{"damage":6,"enemies":"2 Louse","floor":1,"turns":2},{"damage":0,"enemies":"Jaw Worm","floor":3,"turns":2},{"damage":0,"enemies":"Cultist","floor":4,"turns":2},{"damage":0,"enemies":"2 Fungi Beasts","floor":5,"turns":3},{"damage":5,"enemies":"Lagavulin","floor":8,"turns":7},{"damage":0,"enemies":"Gremlin Gang","floor":12,"turns":4},{"damage":0,"enemies":"Gremlin Nob","floor":13,"turns":3},{"damage":0,"enemies":"Gremlin Nob","floor":14,"turns":3},{"damage":6,"enemies":"Slime Boss","floor":16,"turns":9},{"damage":2,"enemies":"Chosen","floor":18,"turns":5},{"damage":0,"enemies":"2 Thieves","floor":21,"turns":2},{"damage":7,"enemies":"Snecko","floor":22,"turns":3},{"damage":3,"enemies":"Gremlin Leader","floor":24,"turns":6},{"damage":12,"enemies":"Nightmare","floor":27,"turns":5},{"damage":0,"enemies":"Centurion and Healer","floor":29,"turns":4},{"damage":0,"enemies":"Snake Plant","floor":30,"turns":3},{"damage":0,"enemies":"3 Cultists","floor":31,"turns":3},{"damage":12,"enemies":"bossMod:newCollector","floor":33,"turns":7},{"damage":0,"enemies":"3 Darklings","floor":35,"turns":3},{"damage":0,"enemies":"Orb Walker","floor":37,"turns":2},{"damage":0,"enemies":"Spire Growth","floor":38,"turns":3},{"damage":0,"enemies":"Maw","floor":39,"turns":3},{"damage":1,"enemies":"Nightmare","floor":42,"turns":3},{"damage":0,"enemies":"Giant Head","floor":44,"turns":2},{"damage":0,"enemies":"Writhing Mass","floor":45,"turns":2},{"damage":0,"enemies":"3 Darklings","floor":48,"turns":3},{"damage":0,"enemies":"bossMod:newAwakened","floor":50,"turns":7}],"seed_played":"8343256425728514635","potions_obtained":[{"floor":1,"key":"Dexterity Potion"},{"floor":5,"key":"Weak Potion"},{"floor":8,"key":"Swift Potion"},{"floor":12,"key":"ZuzhouPotion:ReiMu"},{"floor":18,"key":"SneckoOil"},{"floor":20,"key":"Strength Potion"},{"floor":33,"key":"Adrenaline Potion"},{"floor":35,"key":"Cursed Concoction"}],"is_trial":true,"path_per_floor":["M","?","M","M","M","R","?","E","T","R","$","M","E","?","R","B",null,"M","AVR","?","M","M","R","E","R","T","NM","?","M","M","M","R","B",null,"?","AVR","?","?","?","T","?","NM","T","E","?","T","T","?","T","B",null],"character_chosen":"DRUID","items_purchased":["theDruid:BristlingDefense","Akabeko","Sling","Girya","Replay:Rubber Ducky","theDruid:ForestGuard"],"campfire_rested":2,"item_purchase_floors":[11,11,47,47,47,47],"current_hp_per_floor":[69,69,69,69,69,69,69,64,64,64,64,64,64,64,64,58,71,69,69,69,69,62,62,59,59,59,47,47,47,47,47,75,63,72,72,72,72,72,72,75,75,74,74,74,74,74,74,74,74,74],"gold":14,"neow_bonus":"","is_daily":false,"chose_seed":false,"campfire_upgraded":6,"win_rate":0.0,"timestamp":1608721042,"path_taken":["M","?","M","M","M","R","?","E","T","R","$","M","E","?","R","BOSS","M","AVR","?","M","?","R","E","R","T","NM","?","M","M","M","R","BOSS","?","AVR","?","?","?","T","?","NM","T","E","?","T","?","?","T","BOSS"],"items_purchased_type":["Card","Relic","Relic","Relic","Relic","Card"],"build_version":"2020-12-22","purchased_purges":0,"victory":true,"max_hp_per_floor":[75,75,75,75,75,75,75,75,75,75,75,75,75,75,75,75,75,75,75,75,75,75,75,75,75,75,75,75,75,75,75,75,75,75,75,75,75,75,75,75,75,75,75,75,75,75,75,75,75,75],"relic_stats":{"Darkstone Periapt":0,"Regal Pillow":6,"Dream Catcher":2,"Happy Flower":[32],"counters":[27,101],"Blue Candle":[0],"Bronze Scales":[27],"Pen Nib":[20],"PreservedInsect":276,"Whetstone":["theDruid:Strike_O","theDruid:Strike_O"],"obtain_stats":[{"Darkstone Periapt":35,"infinitespire:BottledMercury":9,"Regal Pillow":22,"Vajra":38,"Painkiller Herb":34,"expansioncontent:StudyCardRelic":17,"Incense Burner":45,"Whetstone":43,"Replay:Mystery Machine":37,"Sling":47,"theDruid:CrownOfTheWilds":0,"RedLine:ReiMu":36,"Replay:Rubber Ducky":47,"Dream Catcher":30,"Mastiff:ReiMu":8,"theDruid:ArmillarySphere":13,"Girya":47,"Happy Flower":4,"Replay:Towering Pillar of Hats":24,"Blue Candle":21,"Pen Nib":5,"Replay:WaspNest":12,"PreservedInsect":26,"Omamori":1,"Guardian:PocketSentry":39,"infinitespire:Lucky Rock":18,"Akabeko":11,"Bromod:ArcaneConsequence":48,"Hololive_LightStick":2,"Replay:Baseball":42,"ReplayTheSpireMod:Shallot":3,"Bronze Scales":44,"ReplayTheSpireMod:TigerMarble":14,"hexamod:BolsterEngine":27,"Mirror":31,"Meat on the Bone":29},{"Darkstone Periapt":19,"infinitespire:BottledMercury":5,"Regal Pillow":12,"Vajra":21,"Painkiller Herb":18,"expansioncontent:StudyCardRelic":9,"Incense Burner":25,"Whetstone":23,"Replay:Mystery Machine":20,"Sling":25,"theDruid:CrownOfTheWilds":0,"RedLine:ReiMu":19,"Replay:Rubber Ducky":25,"Dream Catcher":16,"Mastiff:ReiMu":5,"theDruid:ArmillarySphere":7,"Girya":25,"Happy Flower":3,"Replay:Towering Pillar of Hats":13,"Blue Candle":11,"Pen Nib":4,"Replay:WaspNest":6,"PreservedInsect":13,"Omamori":1,"Guardian:PocketSentry":22,"infinitespire:Lucky Rock":10,"Akabeko":5,"Bromod:ArcaneConsequence":26,"Hololive_LightStick":1,"Replay:Baseball":23,"ReplayTheSpireMod:Shallot":2,"Bronze Scales":24,"ReplayTheSpireMod:TigerMarble":8,"hexamod:BolsterEngine":14,"Mirror":17,"Meat on the Bone":15},{"Darkstone Periapt":76,"infinitespire:BottledMercury":16,"Regal Pillow":45,"Vajra":81,"Painkiller Herb":73,"expansioncontent:StudyCardRelic":35,"Incense Burner":91,"Whetstone":87,"Replay:Mystery Machine":78,"Sling":91,"theDruid:CrownOfTheWilds":0,"RedLine:ReiMu":76,"Replay:Rubber Ducky":91,"Dream Catcher":63,"Mastiff:ReiMu":16,"theDruid:ArmillarySphere":23,"Girya":91,"Happy Flower":6,"Replay:Towering Pillar of Hats":51,"Blue Candle":42,"Pen Nib":9,"Replay:WaspNest":20,"PreservedInsect":51,"Omamori":2,"Guardian:PocketSentry":84,"infinitespire:Lucky Rock":40,"Akabeko":16,"Bromod:ArcaneConsequence":94,"Hololive_LightStick":2,"Replay:Baseball":87,"ReplayTheSpireMod:Shallot":4,"Bronze Scales":89,"ReplayTheSpireMod:TigerMarble":26,"hexamod:BolsterEngine":56,"Mirror":66,"Meat on the Bone":60}],"Meat on the Bone":0},"card_choices":[{"not_picked":["theDruid:PlagueClaw","theDruid:PrimalStrength"],"picked":"theDruid:Fortitude","floor":8},{"not_picked":["theDruid:ExposingSlash","theDruid:Gore"],"picked":"theDruid:ThornStrike","floor":13},{"not_picked":["theDruid:TwilightsCall","theDruid:FullMoon"],"picked":"theDruid:LunarScythe","floor":14},{"not_picked":["theDruid:WildFrenzy","theDruid:Mutilate"],"picked":"theDruid:SurvivalCache","floor":16},{"not_picked":["theDruid:Thornburst","theDruid:BloodiedFur"],"picked":"theDruid:PrimalStrength","floor":24},{"not_picked":["theDruid:ExposingSlash","theDruid:Slingshot+1"],"picked":"theDruid:Starfall+1","floor":27},{"not_picked":["theDruid:PlagueClaw","theDruid:BrambleLash"],"picked":"theDruid:Rummage","floor":32},{"not_picked":["theDruid:Restoration","theDruid:IronbarkArmor"],"picked":"theDruid:SurvivalCache","floor":33},{"not_picked":["theDruid:Rummage+1","theDruid:TakeShelter"],"picked":"theDruid:Slingshot+1","floor":40},{"not_picked":["theDruid:Recoil+1","theDruid:Eclipse"],"picked":"theDruid:ForestsSoul","floor":42},{"not_picked":["theDruid:Guidance","theDruid:PlagueClaw+1"],"picked":"theDruid:TwilightsCall+1","floor":44}],"player_experience":69124,"relics_obtained":[{"floor":1,"key":"Omamori"},{"floor":2,"key":"Hololive_LightStick"},{"floor":3,"key":"ReplayTheSpireMod:Shallot"},{"floor":4,"key":"Happy Flower"},{"floor":5,"key":"Pen Nib"},{"floor":8,"key":"Mastiff:ReiMu"},{"floor":9,"key":"infinitespire:BottledMercury"},{"floor":12,"key":"Replay:WaspNest"},{"floor":13,"key":"theDruid:ArmillarySphere"},{"floor":14,"key":"ReplayTheSpireMod:TigerMarble"},{"floor":18,"key":"infinitespire:Lucky Rock"},{"floor":21,"key":"Blue Candle"},{"floor":22,"key":"Regal Pillow"},{"floor":24,"key":"Replay:Towering Pillar of Hats"},{"floor":26,"key":"PreservedInsect"},{"floor":27,"key":"hexamod:BolsterEngine"},{"floor":29,"key":"Meat on the Bone"},{"floor":30,"key":"Dream Catcher"},{"floor":31,"key":"Mirror"},{"floor":35,"key":"Darkstone Periapt"},{"floor":37,"key":"Replay:Mystery Machine"},{"floor":38,"key":"Vajra"},{"floor":39,"key":"Guardian:PocketSentry"},{"floor":42,"key":"Replay:Baseball"},{"floor":43,"key":"Whetstone"},{"floor":44,"key":"Bronze Scales"},{"floor":45,"key":"Incense Burner"},{"floor":48,"key":"Bromod:ArcaneConsequence"}],"event_choices":[{"damage_healed":0,"gold_gain":30,"player_choice":"Searched \u00272\u0027 times","damage_taken":0,"max_hp_gain":0,"max_hp_loss":0,"event_name":"Dead Adventurer","floor":14,"gold_loss":0},{"damage_healed":0,"gold_gain":0,"player_choice":"Got Potions","damage_taken":0,"max_hp_gain":0,"max_hp_loss":0,"event_name":"Lab","floor":20,"gold_loss":0},{"damage_healed":0,"gold_gain":0,"cards_transformed":["theDruid:Defend_O"],"player_choice":"Transformed","damage_taken":0,"max_hp_gain":0,"max_hp_loss":0,"event_name":"Transmorgrifier","floor":41,"gold_loss":0,"cards_obtained":["theDruid:Starburst"]}],"is_beta":false,"boss_relics":[{"not_picked":["Astrolabe","Snecko Eye"],"picked":"expansioncontent:StudyCardRelic"},{"not_picked":["Hololive_ChaosS","Bromod:ArcaneEnergize"],"picked":"Painkiller Herb"}],"items_purged_floors":[],"is_endless":false,"potions_floor_spawned":[1,5,8,12,18,21,33,35,38,44,48],"ascension_level":5}}