{"host":"ormi09wwzv7sq47a","time":1608766712,"event":{"mods":["2.2 Compatiblity","AchievementEnabler","Act Like it!","BaseMod","Bestiary","Better Note","Better Sensory Stone","Better Skull","Better Vampires","Colored Map","Colored Powertips","Curses Come First","DeckTracker","Downfall","Highlight Path","Minty Spire (QoL Compilation)","Permanent Neow","Quick Restart","Rare Cards Sparkle","Relic Stats","Shop Mod","StSLib","The Jungle"],"gold_per_floor":[109,59,59,72,84,84,103,103,103,103,114,147,161,173,173,271,271,288,63,74,88,102,134,134,153,153,153,182,182,182,209,209,307,307,327,327,327,377,377,377,377],"floor_reached":39,"playtime":1949,"items_purged":["Slimebound:Strike_Slimebound"],"score":762,"play_id":"b6a232fc-8254-4d8f-89c3-bfdfb98e0e30","local_time":"20201223213832","is_ascension_mode":true,"campfire_choices":[{"data":"Slimebound:SlimeTap","floor":6.0,"key":"SMITH"},{"data":"Slimebound:CorrosiveSpit","floor":8.0,"key":"SMITH"},{"data":"Slimebound:ItLooksTasty","floor":10.0,"key":"SMITH"},{"data":"Slimebound:GoopSpray","floor":15.0,"key":"SMITH"},{"data":"Slimebound:MassFeed","floor":24.0,"key":"SMITH"},{"floor":27.0,"key":"REST"},{"data":"Slimebound:SlimeSpikes","floor":30.0,"key":"SMITH"},{"data":"Slimebound:GrowthPunch","floor":32.0,"key":"SMITH"}],"circlet_count":0,"master_deck":["Slimebound:Strike_Slimebound","Slimebound:Defend_Slimebound+1","Slimebound:Defend_Slimebound","Slimebound:Defend_Slimebound+1","Slimebound:Defend_Slimebound","Slimebound:Split+1","Slimebound:CorrosiveSpit+1","Slimebound:ItLooksTasty+1","Slimebound:LeechingTouch","Slimebound:SlimeTap+1","Slimebound:GoopSpray+1","Slimebound:GrowthPunch+1","Slimebound:Gluttony","Slimebound:MassFeed+1","Slimebound:Grow+1","Slimebound:SlimeSpikes+1","Slimebound:RejuvenatingLick","Slimebound:WasteNot"],"relics":["Slimebound:AbsorbEndCombat","Bottled Flame","Mercury Hourglass","Busted Crown","Bronze Scales","Slimebound:SlimedSkullRelic","Shuriken","Ancient Tea Set","Thread and Needle","War Paint","Snecko Eye","Ice Cream"],"acts_visited":["Exordium","TheCity","TheBeyond"],"potions_floor_usage":[39],"damage_taken":[{"damage":8.0,"enemies":"2 Louse","floor":1.0,"turns":2.0},{"damage":16.0,"enemies":"Small Slimes","floor":4.0,"turns":4.0},{"damage":17.0,"enemies":"Jaw Worm","floor":5.0,"turns":4.0},{"damage":13.0,"enemies":"Lots of Slimes","floor":7.0,"turns":3.0},{"damage":8.0,"enemies":"Red Slaver","floor":11.0,"turns":2.0},{"damage":8.0,"enemies":"Gremlin Nob","floor":12.0,"turns":3.0},{"damage":15.0,"enemies":"Exordium Thugs","floor":13.0,"turns":5.0},{"damage":14.0,"enemies":"3 Louse","floor":14.0,"turns":2.0},{"damage":31.0,"enemies":"Hexaghost","floor":16.0,"turns":8.0},{"damage":54.0,"enemies":"3 Byrds","floor":18.0,"turns":4.0},{"damage":16.0,"enemies":"Spheric Guardian","floor":20.0,"turns":4.0},{"damage":24.0,"enemies":"Centurion and Healer","floor":21.0,"turns":4.0},{"damage":9.0,"enemies":"Sentry and Sphere","floor":22.0,"turns":3.0},{"damage":47.0,"enemies":"Book of Stabbing","floor":23.0,"turns":5.0},{"damage":15.0,"enemies":"Snake Plant","floor":25.0,"turns":3.0},{"damage":60.0,"enemies":"Gremlin Leader","floor":28.0,"turns":6.0},{"damage":16.0,"enemies":"Slavers","floor":31.0,"turns":3.0},{"damage":68.0,"enemies":"Champ","floor":33.0,"turns":10.0},{"damage":25,"enemies":"3 Shapes","floor":35,"turns":3},{"damage":36,"enemies":"Mind Bloom Boss Battle","floor":38,"turns":10},{"damage":75,"enemies":"2 Orb Walkers","floor":39,"turns":3}],"seed_played":"-7764957301302874345","potions_obtained":[{"floor":1.0,"key":"Ancient Potion"},{"floor":5.0,"key":"BlessingOfTheForge"},{"floor":7.0,"key":"BlessingOfTheForge"},{"floor":13.0,"key":"sneckomod:MuddlingPotion"},{"floor":16.0,"key":"Swift Potion"},{"floor":18.0,"key":"SkillPotion"},{"floor":20.0,"key":"Swift Potion"},{"floor":23.0,"key":"PowerPotion"},{"floor":28.0,"key":"hexamod:EctoCoolerPotion"},{"floor":35,"key":"champ:CounterPotion"}],"is_trial":false,"path_per_floor":["M","?","?","M","M","R","M","R","T","R","M","E","M","M","R","B",null,"M","$","M","M","M","E","R","M","T","R","E","T","R","E","R","B",null,"M","?","?","?","?"],"character_chosen":"SLIMEBOUND","items_purchased":["Bronze Scales"],"campfire_rested":1,"item_purchase_floors":[19],"current_hp_per_floor":[56,56,49,47,46,46,49,49,49,49,55,60,59,50,50,53,58,32,32,27,39,49,28,28,29,29,53,33,33,33,47,47,37,74,69,69,69,57,0,0,0],"gold":377,"neow_bonus":"UPGRADE_CARD","is_daily":false,"chose_seed":false,"campfire_upgraded":7,"win_rate":0.0,"timestamp":1608766712,"path_taken":["M","?","?","M","?","R","M","R","T","R","M","E","?","M","R","BOSS","M","$","M","M","M","E","R","M","T","R","E","?","R","E","R","BOSS","M","?","?","?","?"],"items_purchased_type":["Relic"],"build_version":"2020-12-22","purchased_purges":1,"victory":false,"max_hp_per_floor":[60,60,60,60,60,60,60,60,60,60,60,60,60,60,60,60,60,66,66,69,75,78,78,78,82,82,82,82,82,82,86,86,86,86,94,94,94,94,94,94,94],"relic_stats":{"Busted Crown":22,"counters":[21,88],"Shuriken":[1],"Bronze Scales":[156],"Snecko Eye":[20,22,27,27],"War Paint":["Slimebound:Defend_Slimebound","Slimebound:Defend_Slimebound"],"obtain_stats":[{"Ice Cream":38,"Bottled Flame":9,"Busted Crown":17,"Shuriken":26,"Bronze Scales":19,"Snecko Eye":34,"Thread and Needle":29,"Slimebound:AbsorbEndCombat":0,"War Paint":31,"Ancient Tea Set":28,"Slimebound:SlimedSkullRelic":23,"Mercury Hourglass":12},{"Ice Cream":20,"Bottled Flame":4,"Busted Crown":9,"Shuriken":15,"Bronze Scales":10,"Snecko Eye":18,"Thread and Needle":16,"Slimebound:AbsorbEndCombat":0,"War Paint":17,"Ancient Tea Set":16,"Slimebound:SlimedSkullRelic":14,"Mercury Hourglass":6},{"Ice Cream":85,"Bottled Flame":13,"Busted Crown":33,"Shuriken":55,"Bronze Scales":36,"Snecko Eye":74,"Thread and Needle":61,"Slimebound:AbsorbEndCombat":0,"War Paint":64,"Ancient Tea Set":61,"Slimebound:SlimedSkullRelic":52,"Mercury Hourglass":18}],"Mercury Hourglass":[272]},"card_choices":[{"not_picked":["Slimebound:AcidTongue","Slimebound:ComboTackle"],"picked":"Slimebound:ItLooksTasty","floor":1.0},{"not_picked":["Slimebound:LevelUp","Slimebound:Chomp"],"picked":"Slimebound:LeechingTouch","floor":4.0},{"not_picked":["Slimebound:SplitAcid","Slimebound:RollThrough"],"picked":"Slimebound:SlimeTap","floor":5.0},{"not_picked":["Slimebound:ViciousTackle","Slimebound:GrowthPunch"],"picked":"Slimebound:Recycling","floor":7.0},{"not_picked":["Slimebound:PressTheAttack","Slimebound:SplitLeeching"],"picked":"Slimebound:GoopSpray","floor":11.0},{"not_picked":["Slimebound:SplitAcid","Slimebound:HungryTackle","Slimebound:GoopSpray"],"picked":"SKIP","floor":12.0},{"not_picked":["Slimebound:Schlurp","Slimebound:AcidTongue"],"picked":"Slimebound:GrowthPunch","floor":13.0},{"not_picked":["Slimebound:LeechingTouch","Slimebound:GrowthPunch"],"picked":"Slimebound:Gluttony","floor":14.0},{"not_picked":["Slimebound:CheckThePlaybook","Slimebound:RallyTheTroops"],"picked":"Slimebound:MassFeed","floor":16.0},{"not_picked":[],"picked":"Slimebound:Grow+1","floor":18.0},{"not_picked":["Slimebound:RollThrough"],"picked":"SKIP","floor":20.0},{"not_picked":[],"picked":"Slimebound:SlimeSpikes","floor":21.0},{"not_picked":["Slimebound:Replication"],"picked":"SKIP","floor":22.0},{"not_picked":["Slimebound:PressTheAttack"],"picked":"SKIP","floor":23.0},{"not_picked":["Slimebound:SplitLeeching"],"picked":"SKIP","floor":25.0},{"not_picked":["Slimebound:FlameTackle"],"picked":"SKIP","floor":28.0},{"not_picked":[],"picked":"Slimebound:RejuvenatingLick","floor":31.0},{"not_picked":[],"picked":"Slimebound:WasteNot","floor":33.0},{"not_picked":["Slimebound:FinishingTackle+1"],"picked":"SKIP","floor":35}],"player_experience":720895,"relics_obtained":[{"floor":9.0,"key":"Bottled Flame"},{"floor":12.0,"key":"Mercury Hourglass"},{"floor":23.0,"key":"Slimebound:SlimedSkullRelic"},{"floor":26.0,"key":"Shuriken"},{"floor":28.0,"key":"Ancient Tea Set"},{"floor":29.0,"key":"Thread and Needle"},{"floor":31.0,"key":"War Paint"},{"floor":38,"key":"Ice Cream"}],"event_choices":[{"cards_removed":["Slimebound:Tackle"],"damage_healed":0.0,"max_hp_gain":0.0,"max_hp_loss":0.0,"gold_gain":0.0,"event_name":"The Cleric","player_choice":"Card Removal","floor":2.0,"gold_loss":50.0,"damage_taken":0.0},{"cards_removed":["Slimebound:Strike_Slimebound"],"damage_healed":0.0,"max_hp_gain":0.0,"max_hp_loss":0.0,"gold_gain":0.0,"event_name":"Golden Wing","player_choice":"Card Removal","floor":3.0,"gold_loss":0.0,"damage_taken":7.0},{"cards_removed":["Slimebound:Recycling"],"damage_healed":0,"gold_gain":0,"player_choice":"Removed Power","damage_taken":0,"max_hp_gain":0,"max_hp_loss":0,"event_name":"Falling","floor":36,"gold_loss":0},{"damage_healed":0,"gold_gain":0,"player_choice":"Ignored","damage_taken":0,"max_hp_gain":0,"max_hp_loss":0,"event_name":"Tomb of Lord Red Mask","floor":37,"gold_loss":0},{"damage_healed":0,"gold_gain":0,"player_choice":"Fight","damage_taken":0,"max_hp_gain":0,"max_hp_loss":0,"event_name":"MindBloom","floor":38,"gold_loss":0},{"damage_healed":0,"gold_gain":0,"player_choice":"Fight","damage_taken":0,"max_hp_gain":0,"max_hp_loss":0,"event_name":"Mysterious Sphere","floor":39,"gold_loss":0}],"is_beta":false,"boss_relics":[{"not_picked":["SlaversCollar","Black Star"],"picked":"Busted Crown"},{"not_picked":["Astrolabe","Pandora\u0027s Box"],"picked":"Snecko Eye"}],"items_purged_floors":[19],"is_endless":false,"potions_floor_spawned":[1,5,7,13,16,18,20,23,28,35],"killed_by":"2 Orb Walkers","ascension_level":9}}