{"host":"5j53u3d72gsce0fe","time":1608682369,"event":{"mods":["2.2 Compatiblity","AchievementEnabler","Aspiration","BaseMod","Beaked The Cultist","Better Altar","Better Match","Better Note","Better Sensory Stone","Better Skull","Better Third Choice","Better Vampires","Block Reminder","CCEM","Card Forge","Colored Map","Colored Powertips","Colorless Booster Pack","Conspire","Defuse TimeMaze Blight","Dio Mod","Dota2Spire","Downfall","Emptier Cage","Energized Spire","Friendly Minions","GifTheSpireLib","Hermit","HexUI Lib","Hubris","Humility","Infinite Spire","Marked Mod","Mimic Mod","Minty Spire (QoL Compilation)","Relic Filter","Replay The Spire","Retaliation","Shade Mod","Small Relic Pack","StSLib","Stuff the Spire","The Animator","The Bug Knight","Transform Curses","Unceasing Turn Reminder","???Mod??????Boss"],"gold_per_floor":[99,119,119,119,139,174,174,174,24,56,56,56,56,49,71,194,194,194,194,227,261,288,334,361,399,399,399,399,399,443,239,264,375,375,375,375,375,398,425,459,459,509,525,525,525],"floor_reached":43,"playtime":3724,"items_purged":[],"score":637,"play_id":"f20f6e53-3c49-4e2f-b5a3-7f720f8c3cb8","local_time":"20201222161249","is_ascension_mode":false,"campfire_choices":[{"floor":1,"key":"RECALL"},{"floor":9,"key":"REST"},{"data":"champ:Strike","floor":12,"key":"SMITH"},{"floor":35,"key":"REST"}],"circlet_count":0,"master_deck":["champ:Execute+1","champ:Taunt+1","champ:RapidStrikes+1","champ:BringItOn+1","champ:IronFortress+1","champ:BringItOn+1","champ:FlashCut+1","champ:FlashCut+1","champ:CrownThrow+1","champ:BringItOn+1","champ:DefensiveStyle+1","champ:RisingSlash+1","champ:Circumvent+1","champ:DancingMaster+1","champ:StrikeOfGenius+1","champ:FocusedDefense+1","champ:CrownThrow+1","champ:TornadoPunch+1","champ:CalledShot+1"],"relics":["champ:ChampionCrown","Hammer of Thor","Seething Fire","Anvil of the Gods","StuffTheSpire:RedRose","hubris:Towel","Replay:Bandana","infinitespire:EmpoweringShard","downfall:HeartBlessingRed","downfall:HeartBlessingGreen","champ:LiftRelic","Membership Card","hubris:CuriousFeather","Oddly Smooth Stone","hubris:Backtick","CCEMRelics:WhiteRose","CCEMRelics:OverlyComfyChair","Regal Pillow","Lantern","Replay:Wax Seal","Dota2Spire:BattleFury","infinitespire:Lucky Rock","sneckomod:SneckoTalon","relicPack:DSword","Nunchaku","hubris:64BitClover"],"acts_visited":["Exordium","TheCity","TheBeyond"],"potions_floor_usage":[6,6,14,25,42,43,43],"damage_taken":[{"damage":15,"enemies":"Small Slimes","floor":2,"turns":5},{"damage":5,"enemies":"2 Louse","floor":5,"turns":2},{"damage":17,"enemies":"Gremlin Nob","floor":6,"turns":1},{"damage":0,"enemies":"Cultist","floor":10,"turns":3},{"damage":0,"enemies":"downfall:FleeingMerchant","floor":14,"turns":4},{"damage":0,"enemies":"Exordium Wildlife","floor":15,"turns":2},{"damage":16,"enemies":"downfall:Watcher","floor":16,"turns":5},{"damage":8,"enemies":"3 Byrds","floor":20,"turns":3},{"damage":0,"enemies":"conspire:FuzzyDice","floor":21,"turns":3},{"damage":1,"enemies":"Centurion and Healer","floor":22,"turns":4},{"damage":18,"enemies":"Nightmare","floor":23,"turns":4},{"damage":7,"enemies":"Slavers","floor":25,"turns":4},{"damage":0,"enemies":"Gremlin Leader","floor":30,"turns":5},{"damage":5,"enemies":"downfall:FleeingMerchant","floor":31,"turns":4},{"damage":0,"enemies":"Snake Plant","floor":32,"turns":2},{"damage":0,"enemies":"downfall:Silent","floor":33,"turns":4},{"damage":1,"enemies":"3 Shapes","floor":38,"turns":2},{"damage":0,"enemies":"3 Darklings","floor":39,"turns":3},{"damage":0,"enemies":"Writhing Mass","floor":40,"turns":3},{"damage":27,"enemies":"Nightmare","floor":42,"turns":4},{"damage":0,"enemies":"infinitespire:Three Voidlings","floor":43,"turns":2},{"damage":30,"enemies":"Nightmare_Alpha","floor":43,"turns":1}],"seed_played":"-901775684657057474","potions_obtained":[{"floor":2,"key":"Death Potion"},{"floor":5,"key":"ColorlessPotion"},{"floor":6,"key":"Elixir"},{"floor":8,"key":"Flashbang"},{"floor":8,"key":"Adrenaline Potion"},{"floor":15,"key":"Swift Potion"},{"floor":20,"key":"Swift Potion"},{"floor":33,"key":"champ:OpenerPotion"},{"floor":40,"key":"champ:CounterPotion"}],"is_trial":false,"path_per_floor":["R","M","?","?","M","E","T","?","R","M","?","R","$","$","M","B",null,"R","?","M","M","M","NM","T","E","?","R","?","R","E","$","M","B",null,"R","?","?","M","M","M","T","NM","?"],"character_chosen":"THE_CHAMP","items_purchased":["Membership Card","hubris:CuriousFeather","Oddly Smooth Stone","Dota2Spire:BattleFury","infinitespire:Lucky Rock"],"campfire_rested":2,"item_purchase_floors":[13,13,13,31,31],"current_hp_per_floor":[99,89,89,89,89,77,77,77,99,99,99,99,60,60,60,54,99,99,99,91,91,90,77,77,70,70,70,70,70,76,81,81,83,99,99,64,56,55,56,57,57,30,0,0,0],"gold":525,"neow_bonus":"TEN_PERCENT_HP_BONUS","is_daily":false,"chose_seed":false,"campfire_upgraded":1,"win_rate":0.0,"timestamp":1608682369,"path_taken":["R","M","?","?","M","E","T","?","R","?","?","R","?","$","M","BOSS","R","?","?","M","M","NM","T","E","?","R","?","R","E","$","M","BOSS","R","?","?","?","M","M","T","NM","?"],"items_purchased_type":["Relic","Relic","Relic","Relic","Relic"],"build_version":"2020-12-13","purchased_purges":0,"victory":false,"max_hp_per_floor":[99,99,99,99,99,99,99,99,99,99,99,99,99,99,99,99,99,99,99,99,99,99,99,99,99,99,99,99,99,99,99,99,99,99,99,99,99,99,99,99,99,99,99,99,99],"card_choices":[{"not_picked":["champ:Haymaker","champ:PreciseThrust"],"picked":"champ:RapidStrikes","floor":2},{"not_picked":["champ:Encircle","champ:BladeFlurry"],"picked":"champ:BringItOn","floor":5},{"not_picked":["champ:FightOn","champ:PerfectedStrike"],"picked":"champ:IronFortress","floor":6},{"not_picked":["champ:Haymaker","champ:Riposte"],"picked":"champ:BringItOn","floor":10},{"not_picked":["champ:Backstep","champ:Lariat"],"picked":"champ:FlashCut","floor":14},{"not_picked":["champ:Circumvent","champ:FightOn"],"picked":"champ:FlashCut","floor":15},{"not_picked":["champ:PerfectForm","champ:MurderStrike"],"picked":"champ:CrownThrow","floor":16},{"not_picked":["champ:Lariat+1","champ:GladiatorsShout"],"picked":"champ:DefensiveStyle+1","floor":20},{"not_picked":["champ:FocusedBerserking","champ:PerfectedStrike+1"],"picked":"champ:Backstep","floor":21},{"not_picked":["champ:Haymaker","champ:FanOfKnives"],"picked":"champ:RisingSlash","floor":22},{"not_picked":["champ:BladeFlurry","champ:FlashCut"],"picked":"champ:Circumvent+1","floor":23},{"not_picked":["champ:GladiatorsShout","champ:Encircle"],"picked":"champ:DancingMaster","floor":25},{"not_picked":["champ:FlashCut+1","champ:PerfectedStrike"],"picked":"champ:StrikeOfGenius","floor":30},{"not_picked":["champ:FocusedBerserking","champ:Lariat"],"picked":"champ:FocusedDefense+1","floor":31},{"not_picked":["champ:CrookedStrike","champ:Shatter","champ:AdrenalArmor"],"picked":"SKIP","floor":32},{"not_picked":["champ:PerfectForm","champ:LastStand"],"picked":"champ:CrownThrow","floor":33},{"not_picked":["champ:FaceSlap","champ:CrookedStrike","champ:GladiatorsShout+1"],"picked":"SKIP","floor":38},{"not_picked":["champ:ArenaPreparation","champ:SkillfulDodge"],"picked":"champ:TornadoPunch","floor":39},{"not_picked":["champ:GladiatorsShout","champ:BringItOn+1","champ:SwordThrow"],"picked":"SKIP","floor":40},{"not_picked":["champ:Duel","champ:IronFortress"],"picked":"champ:CalledShot+1","floor":42}],"player_experience":1207402,"relics_obtained":[{"floor":6,"key":"Replay:Bandana"},{"floor":7,"key":"infinitespire:EmpoweringShard"},{"floor":23,"key":"CCEMRelics:OverlyComfyChair"},{"floor":24,"key":"Regal Pillow"},{"floor":25,"key":"Lantern"},{"floor":30,"key":"Replay:Wax Seal"},{"floor":41,"key":"Nunchaku"},{"floor":42,"key":"hubris:64BitClover"}],"event_choices":[{"damage_healed":0,"gold_gain":0,"player_choice":"Got Potions","damage_taken":0,"max_hp_gain":0,"max_hp_loss":0,"event_name":"Lab","floor":8,"gold_loss":0},{"damage_healed":0,"gold_gain":0,"player_choice":"Copied","damage_taken":0,"max_hp_gain":0,"max_hp_loss":0,"event_name":"Duplicator","floor":19,"gold_loss":0,"cards_obtained":["champ:BringItOn"]},{"cards_removed":["champ:DefensiveStyle"],"damage_healed":0,"gold_gain":0,"player_choice":"Give","damage_taken":0,"max_hp_gain":0,"max_hp_loss":0,"event_name":"betterNote:BetterNote","floor":26,"gold_loss":0,"cards_obtained":["Shade:OminousRitual"]},{"damage_healed":0,"gold_gain":0,"player_choice":"Punched","damage_taken":8,"max_hp_gain":0,"max_hp_loss":0,"event_name":"Designer","floor":37,"gold_loss":0}],"is_beta":false,"boss_relics":[{"not_picked":["aspiration:BeakedSkillbook","CCEMRelics:GreenEgg"],"picked":"hubris:Backtick"},{"not_picked":["beaked:SacredDeck","aspiration:SilentSkillbook"],"picked":"sneckomod:SneckoTalon"}],"items_purged_floors":[],"is_endless":true,"potions_floor_spawned":[2,5,6,15,20,22,23,33,39,40,43],"killed_by":"Nightmare_Alpha","ascension_level":0}}