{"host":"newqdrzxfhh2im9e","time":1608693410,"event":{"mods":["AchievementEnabler","BaseMod","BetterRewards","Block Reminder","Colored Map","Jorbs\u0027s Wanderer Trilogy","Minty Spire (QoL Compilation)","Rare Cards Sparkle","Shop Mod","StSLib"],"gold_per_floor":[113,32,46,46,46,46,60,80,107,132,146,7,30,42,42,137,137,149,60,78,91,91,91],"floor_reached":22,"playtime":579,"items_purged":[],"score":207,"play_id":"e25f7275-ad53-4bf2-85be-319a79ee44e4","local_time":"20201222191650","is_ascension_mode":true,"campfire_choices":[{"data":"Hello World","floor":6,"key":"SMITH"},{"floor":15,"key":"REST"}],"circlet_count":0,"master_deck":["Strike_B","Strike_B","Strike_B","Strike_B","Defend_B","Defend_B","Defend_B","Defend_B","Zap","Dualcast","Hello World+1","Storm+1","Auto Shields","Scrape","Loop","Sunder","Electrodynamics","Doom and Gloom","Capacitor","Rip and Tear","Echo Form","Storm","Loop","Static Discharge"],"relics":["Cracked Core","NeowsBlessing","DataDisk","Lantern","Bag of Marbles","Inserter"],"acts_visited":["Exordium","TheCity"],"potions_floor_usage":[10,18,21,22,22],"damage_taken":[{"damage":0,"enemies":"Cultist","floor":1,"turns":1},{"damage":0,"enemies":"Jaw Worm","floor":3,"turns":1},{"damage":0,"enemies":"Small Slimes","floor":7,"turns":1},{"damage":15,"enemies":"Looter","floor":8,"turns":3},{"damage":14,"enemies":"Gremlin Nob","floor":10,"turns":4},{"damage":16,"enemies":"2 Fungi Beasts","floor":11,"turns":4},{"damage":9,"enemies":"Red Slaver","floor":14,"turns":3},{"damage":35,"enemies":"The Guardian","floor":16,"turns":8},{"damage":14,"enemies":"Spheric Guardian","floor":18,"turns":4},{"damage":12,"enemies":"Chosen","floor":20,"turns":3},{"damage":20,"enemies":"Sentry and Sphere","floor":21,"turns":3},{"damage":34,"enemies":"Centurion and Healer","floor":22,"turns":2}],"seed_played":"-9211255720090987420","potions_obtained":[{"floor":8,"key":"DuplicationPotion"},{"floor":10,"key":"EssenceOfDarkness"},{"floor":11,"key":"PotionOfCapacity"},{"floor":14,"key":"Block Potion"}],"is_trial":false,"path_per_floor":["M","$","M","$","?","R","M","M","T","E","M","$","T","M","R","B",null,"M","$","M","M","M"],"character_chosen":"DEFECT","items_purchased":["Storm","Doom and Gloom","Capacitor","Storm","Explosive Potion"],"campfire_rested":1,"item_purchase_floors":[2,12,12,19,19],"current_hp_per_floor":[75,75,75,75,75,75,75,60,60,46,30,30,30,21,43,8,75,61,61,49,29,0,0],"gold":91,"neow_bonus":"THREE_ENEMY_KILL","is_daily":false,"chose_seed":false,"campfire_upgraded":1,"win_rate":0.0,"timestamp":1608693410,"path_taken":["M","$","M","$","?","R","M","M","T","E","M","?","?","M","R","BOSS","M","$","M","M","?"],"items_purchased_type":["Card","Card","Card","Card","Potion"],"build_version":"2020-12-13","purchased_purges":0,"victory":false,"max_hp_per_floor":[75,75,75,75,75,75,75,75,75,75,75,75,75,75,75,75,75,75,75,75,75,75,75],"card_choices":[{"not_picked":["Cold Snap","Go for the Eyes"],"picked":"Hello World","floor":1},{"not_picked":["Rebound","Beam Cell"],"picked":"Auto Shields","floor":3},{"not_picked":["Leap","Gash"],"picked":"Scrape","floor":7},{"not_picked":["Leap","Consume"],"picked":"Loop","floor":8},{"not_picked":["Streamline","Go for the Eyes"],"picked":"Sunder","floor":10},{"not_picked":["Beam Cell","Force Field"],"picked":"Electrodynamics","floor":11},{"not_picked":["Barrage","Streamline"],"picked":"Rip and Tear","floor":14},{"not_picked":["Biased Cognition","All For One"],"picked":"Echo Form","floor":16},{"not_picked":["Aggregate","Turbo+1","Cold Snap"],"picked":"SKIP","floor":18},{"not_picked":["Steam","Skim"],"picked":"Loop","floor":20},{"not_picked":["Coolheaded","Redo"],"picked":"Static Discharge","floor":21}],"player_experience":634375,"relics_obtained":[{"floor":9,"key":"DataDisk"},{"floor":10,"key":"Lantern"},{"floor":13,"key":"Bag of Marbles"}],"event_choices":[{"damage_healed":0,"gold_gain":0,"player_choice":"Upgraded","damage_taken":0,"max_hp_gain":0,"max_hp_loss":0,"event_name":"Upgrade Shrine","floor":5,"gold_loss":0,"cards_upgraded":["Storm"]}],"is_beta":false,"boss_relics":[{"not_picked":["Velvet Choker","SlaversCollar"],"picked":"Inserter"}],"items_purged_floors":[],"is_endless":false,"potions_floor_spawned":[8,10,11,14],"killed_by":"Centurion and Healer","ascension_level":2}}