{"host":"ztybcxz2ghc2dwwi","time":1608743905,"event":{"mods":["BaseMod","Best Route Mod","Bestiary","Better Vampires","Block Reminder","Colored Map","Colored Powertips","Curses Come First","DeckTracker","Displayed Cursed Tome","Highlight Path","Minty Spire (QoL Compilation)","Quick Restart","StSLib"],"gold_per_floor":[111,61,136,136,24,56,68,68,93,93,103,120,150,164,164,259,259,279,279,307,330,13,44,44,44,67,67,87,99,127,42,42,143,143,158,158,26,41,64,64,94,94,94,94,128,138,138,155,155,155],"floor_reached":51,"playtime":4701,"items_purged":["Strike_R","Strike_R"],"score":774,"play_id":"774942ec-d4b0-479a-a31f-033261a1cf03","local_time":"20201223121825","is_ascension_mode":false,"campfire_choices":[{"floor":8.0,"key":"REST"},{"data":"Shockwave","floor":10.0,"key":"SMITH"},{"data":"Evolve","floor":15.0,"key":"SMITH"},{"floor":24.0,"key":"REST"},{"floor":27.0,"key":"REST"},{"data":"Pommel Strike","floor":32.0,"key":"SMITH"},{"data":"Inflame","floor":40,"key":"SMITH"},{"floor":42,"key":"REST"},{"floor":44,"key":"REST"},{"floor":49,"key":"REST"}],"circlet_count":0,"master_deck":["Defend_R","Defend_R","Defend_R","Defend_R","Bash","Shockwave+1","Reckless Charge+1","Evolve+1","Combust","Hemokinesis+1","Heavy Blade","Pommel Strike+1","Iron Wave+1","Flame Barrier+1","Wild Strike+1","Whirlwind+1","Disarm+1","True Grit+1","Dual Wield+1","Inflame+1","Headbutt+1","Body Slam+1","Discovery","Iron Wave+1","Rage"],"relics":["Burning Blood","Nunchaku","Tiny Chest","Dream Catcher","HornCleat","Empty Cage","White Beast Statue","Red Mask","Red Skull","Pantograph","Smiling Mask","Vajra","Pen Nib","Potion Belt","Busted Crown","Whetstone","Happy Flower","Bottled Tornado","Bronze Scales"],"acts_visited":["Exordium","TheCity","TheBeyond"],"potions_floor_usage":[41,46,50,50,50],"damage_taken":[{"damage":0.0,"enemies":"Small Slimes","floor":1.0,"turns":3.0},{"damage":25.0,"enemies":"3 Sentries","floor":6.0,"turns":10.0},{"damage":14.0,"enemies":"Jaw Worm","floor":7.0,"turns":5.0},{"damage":7.0,"enemies":"2 Louse","floor":11.0,"turns":3.0},{"damage":15.0,"enemies":"Red Slaver","floor":12.0,"turns":4.0},{"damage":13.0,"enemies":"Lagavulin","floor":13.0,"turns":5.0},{"damage":5.0,"enemies":"Looter","floor":14.0,"turns":2.0},{"damage":10.0,"enemies":"Hexaghost","floor":16.0,"turns":7.0},{"damage":9.0,"enemies":"Shell Parasite","floor":18.0,"turns":5.0},{"damage":30.0,"enemies":"Masked Bandits","floor":20.0,"turns":5.0},{"damage":26.0,"enemies":"Slavers","floor":23.0,"turns":5.0},{"damage":14.0,"enemies":"2 Thieves","floor":28.0,"turns":2.0},{"damage":12.0,"enemies":"Snecko","floor":29.0,"turns":4.0},{"damage":17.0,"enemies":"Book of Stabbing","floor":30.0,"turns":4.0},{"damage":52.0,"enemies":"Automaton","floor":33.0,"turns":9.0},{"damage":8.0,"enemies":"Orb Walker","floor":35.0,"turns":2.0},{"damage":20.0,"enemies":"3 Darklings","floor":38.0,"turns":5.0},{"damage":46,"enemies":"Nemesis","floor":41,"turns":9},{"damage":27,"enemies":"Giant Head","floor":45,"turns":9},{"damage":17,"enemies":"Transient","floor":46,"turns":5},{"damage":3,"enemies":"Sphere and 2 Shapes","floor":48,"turns":3},{"damage":56,"enemies":"Awakened One","floor":50,"turns":10}],"seed_played":"3216356474845737618","potions_obtained":[{"floor":1.0,"key":"SkillPotion"},{"floor":7.0,"key":"DistilledChaos"},{"floor":13.0,"key":"Energy Potion"},{"floor":18.0,"key":"LiquidBronze"},{"floor":20.0,"key":"AttackPotion"},{"floor":23.0,"key":"BlessingOfTheForge"},{"floor":28.0,"key":"SneckoOil"},{"floor":29.0,"key":"PowerPotion"},{"floor":30.0,"key":"EssenceOfSteel"},{"floor":33.0,"key":"SneckoOil"},{"floor":35.0,"key":"SteroidPotion"},{"floor":38.0,"key":"LiquidMemories"},{"floor":41,"key":"AttackPotion"},{"floor":45,"key":"Swift Potion"},{"floor":46,"key":"BlessingOfTheForge"},{"floor":48,"key":"BlessingOfTheForge"}],"is_trial":false,"path_per_floor":["M","?","?","?","$","E","M","R","T","R","M","M","E","M","R","B",null,"M","?","?","T","$","E","R","?","T","R","M","M","E","?","R","B",null,"M","?","$","M","T","R","E","R","T","R","E","M","?","M","R","B",null],"character_chosen":"IRONCLAD","items_purchased":["Reckless Charge","Evolve","Pantograph","Inflame"],"campfire_rested":6,"item_purchase_floors":[5,5,22,37],"current_hp_per_floor":[80,80,69,69,69,50,42,66,66,66,65,56,49,50,50,46,80,77,77,53,53,53,33,57,42,42,67,59,53,42,42,42,21,85,83,81,81,67,67,67,27,51,51,75,54,43,43,46,70,31],"gold":155,"neow_bonus":"RANDOM_COMMON_RELIC","is_daily":false,"chose_seed":false,"campfire_upgraded":4,"win_rate":0.0,"timestamp":1608743905,"path_taken":["M","?","?","?","$","E","?","R","T","R","M","M","E","M","R","BOSS","M","?","?","?","$","E","R","?","T","R","M","M","E","?","R","BOSS","M","?","$","M","?","R","E","R","T","R","E","M","?","M","R","BOSS"],"items_purchased_type":["Card","Card","Relic","Card"],"build_version":"2020-12-22","purchased_purges":2,"victory":true,"max_hp_per_floor":[80,80,80,80,80,80,80,80,80,80,80,80,80,80,80,80,80,80,80,80,80,80,80,80,85,85,85,85,85,85,85,85,85,85,85,81,81,81,81,81,81,81,81,81,81,81,81,81,81,81],"card_choices":[{"not_picked":["Burning Pact","Entrench"],"picked":"Shockwave","floor":1.0},{"not_picked":["Metallicize","True Grit"],"picked":"Combust","floor":6.0},{"not_picked":["Second Wind","Havoc"],"picked":"Hemokinesis","floor":7.0},{"not_picked":["Second Wind","True Grit"],"picked":"Heavy Blade","floor":11.0},{"not_picked":["Clothesline","Second Wind","Hemokinesis"],"picked":"SKIP","floor":12.0},{"not_picked":["Limit Break","Havoc","Evolve"],"picked":"SKIP","floor":13.0},{"not_picked":["Iron Wave","Flame Barrier"],"picked":"Pommel Strike","floor":14.0},{"not_picked":["Pummel","Body Slam+1"],"picked":"Iron Wave+1","floor":18.0},{"not_picked":["Iron Wave","Clothesline"],"picked":"Flame Barrier+1","floor":20.0},{"not_picked":["Havoc+1","Armaments","Headbutt"],"picked":"SKIP","floor":23.0},{"not_picked":["Thunderclap","Reaper"],"picked":"Wild Strike+1","floor":24.0},{"not_picked":["Metallicize","Carnage"],"picked":"Whirlwind+1","floor":27.0},{"not_picked":["Entrench+1","Wild Strike+1"],"picked":"Disarm+1","floor":28.0},{"not_picked":["Thunderclap","Havoc+1"],"picked":"True Grit+1","floor":29.0},{"not_picked":["Flex","Clothesline"],"picked":"Dual Wield+1","floor":30.0},{"not_picked":["Clash+1"],"picked":"SKIP","floor":35.0},{"not_picked":[],"picked":"Headbutt+1","floor":38.0},{"not_picked":["Clothesline"],"picked":"SKIP","floor":41},{"not_picked":[],"picked":"Body Slam+1","floor":45},{"not_picked":["Thunderclap"],"picked":"SKIP","floor":46},{"not_picked":[],"picked":"Discovery","floor":47},{"not_picked":[],"picked":"Iron Wave+1","floor":48},{"not_picked":[],"picked":"Rage","floor":49}],"player_experience":84479,"relics_obtained":[{"floor":6.0,"key":"Tiny Chest"},{"floor":9.0,"key":"Dream Catcher"},{"floor":13.0,"key":"HornCleat"},{"floor":20.0,"key":"Red Mask"},{"floor":21.0,"key":"Red Skull"},{"floor":23.0,"key":"Smiling Mask"},{"floor":26.0,"key":"Vajra"},{"floor":30.0,"key":"Pen Nib"},{"floor":39.0,"key":"Whetstone"},{"floor":41,"key":"Happy Flower"},{"floor":43,"key":"Bottled Tornado"},{"floor":45,"key":"Bronze Scales"}],"event_choices":[{"cards_removed":["Strike_R"],"damage_healed":0.0,"max_hp_gain":0.0,"max_hp_loss":0.0,"gold_gain":0.0,"event_name":"The Cleric","player_choice":"Card Removal","floor":2.0,"gold_loss":50.0,"damage_taken":0.0},{"damage_healed":0.0,"max_hp_gain":0.0,"max_hp_loss":0.0,"gold_gain":75.0,"event_name":"World of Goop","player_choice":"Gather Gold","floor":3.0,"gold_loss":0.0,"damage_taken":11.0},{"damage_healed":0.0,"max_hp_gain":0.0,"max_hp_loss":0.0,"gold_gain":0.0,"event_name":"NoteForYourself","player_choice":"Ignored","floor":4.0,"gold_loss":0.0,"damage_taken":0.0},{"damage_healed":0.0,"max_hp_gain":0.0,"max_hp_loss":0.0,"gold_gain":0.0,"event_name":"The Mausoleum","player_choice":"Opened","floor":19.0,"gold_loss":0.0,"damage_taken":0.0,"relics_obtained":["White Beast Statue"]},{"damage_healed":0.0,"max_hp_gain":0.0,"max_hp_loss":0.0,"gold_gain":0.0,"event_name":"Masked Bandits","player_choice":"Fought Bandits","floor":20.0,"gold_loss":0.0,"damage_taken":0.0},{"damage_healed":0.0,"max_hp_gain":5.0,"max_hp_loss":0.0,"gold_gain":0.0,"event_name":"Forgotten Altar","player_choice":"Shed Blood","floor":25.0,"gold_loss":0.0,"damage_taken":20.0},{"damage_healed":0.0,"max_hp_gain":0.0,"max_hp_loss":0.0,"gold_gain":0.0,"event_name":"Addict","player_choice":"Obtained Relic","floor":31.0,"gold_loss":85.0,"damage_taken":0.0,"relics_obtained":["Potion Belt"]},{"damage_healed":0.0,"max_hp_gain":0.0,"max_hp_loss":4.0,"gold_gain":0.0,"event_name":"Winding Halls","player_choice":"Max HP","floor":36.0,"gold_loss":0.0,"damage_taken":0.0},{"damage_healed":0,"gold_gain":0,"player_choice":"Memory 1","damage_taken":0,"max_hp_gain":0,"max_hp_loss":0,"event_name":"SensoryStone","floor":47,"gold_loss":0}],"is_beta":false,"boss_relics":[{"not_picked":["Runic Pyramid","Runic Cube"],"picked":"Empty Cage"},{"not_picked":["Astrolabe","Velvet Choker"],"picked":"Busted Crown"}],"items_purged_floors":[22,37],"is_endless":false,"potions_floor_spawned":[1,7,13,18,20,23,28,29,30,33,35,38,41,45,46,48],"ascension_level":0}}