{"host":"w4b7hmige5bnqipq","time":1608687789,"event":{"mods":["BaseMod","Minty Spire (QoL Compilation)","Rare Cards Sparkle","SuperFastMode","everything is the same but u backflip on backflip","slay the spire mod where everything is the same but ironclad has a cowboy hat"],"gold_per_floor":[112,112,37,52,52,82,82,114,114,114,126,201,29,46,46,117,117,128,142,155,155,155],"floor_reached":21,"playtime":566,"items_purged":["Strike_R"],"score":421,"play_id":"808ae088-00df-4710-8da8-c727e53868e5","local_time":"20201223104309","is_ascension_mode":true,"campfire_choices":[{"data":"Bash","floor":7.0,"key":"SMITH"},{"data":"Uppercut","floor":15,"key":"SMITH"}],"circlet_count":0,"master_deck":["AscendersBane","Strike_R","Strike_R","Strike_R","Defend_R","Defend_R","Defend_R","Defend_R","Bash+1","Evolve","Metallicize","Fire Breathing","Blood for Blood","Uppercut+1","Corruption","Feel No Pain"],"relics":["Burning Blood","NeowsBlessing","FaceOfCleric","Paper Frog","Oddly Smooth Stone","Mango","White Beast Statue","PreservedInsect","Black Star"],"acts_visited":["Exordium","TheCity"],"potions_floor_usage":[11,14,16,18,19,20,21],"damage_taken":[{"damage":0.0,"enemies":"Cultist","floor":1.0,"turns":1.0},{"damage":0.0,"enemies":"2 Louse","floor":4.0,"turns":1.0},{"damage":0.0,"enemies":"Lagavulin","floor":6.0,"turns":1.0},{"damage":21.0,"enemies":"3 Sentries","floor":8.0,"turns":4.0},{"damage":3,"enemies":"Small Slimes","floor":11,"turns":4},{"damage":8,"enemies":"3 Louse","floor":14,"turns":4},{"damage":32,"enemies":"Hexaghost","floor":16,"turns":8},{"damage":32,"enemies":"2 Thieves","floor":18,"turns":4},{"damage":27,"enemies":"Shell Parasite","floor":19,"turns":6},{"damage":36,"enemies":"Sentry and Sphere","floor":20,"turns":8},{"damage":14,"enemies":"Chosen and Byrds","floor":21,"turns":5}],"seed_played":"-3885619347168759885","potions_obtained":[{"floor":1.0,"key":"LiquidMemories"},{"floor":6.0,"key":"SneckoOil"},{"floor":8.0,"key":"PowerPotion"},{"floor":11,"key":"ColorlessPotion"},{"floor":14,"key":"Ancient Potion"},{"floor":16,"key":"LiquidMemories"},{"floor":18,"key":"FearPotion"},{"floor":19,"key":"SpeedPotion"},{"floor":20,"key":"DistilledChaos"}],"is_trial":false,"path_per_floor":["M","?","$","M","T","E","R","E","T","?","M","?","$","M","R","B",null,"M","M","M","M"],"character_chosen":"IRONCLAD","items_purchased":["PreservedInsect"],"campfire_rested":0,"item_purchase_floors":[13],"current_hp_per_floor":[74,74,74,76,76,77,77,77,77,77,81,70,70,69,69,44,82,57,37,8,0,0],"gold":155,"neow_bonus":"THREE_ENEMY_KILL","is_daily":false,"chose_seed":false,"campfire_upgraded":2,"win_rate":0.0,"timestamp":1608687789,"path_taken":["M","?","$","?","?","E","R","E","T","?","M","?","?","M","R","BOSS","M","?","M","M"],"items_purchased_type":["Relic"],"build_version":"2020-12-13","purchased_purges":1,"victory":false,"max_hp_per_floor":[75,75,75,76,76,77,77,92,92,92,93,93,93,94,94,95,95,96,97,98,98,98],"card_choices":[{"not_picked":["Reckless Charge","Carnage"],"picked":"Evolve","floor":1.0},{"not_picked":["Rupture","Reckless Charge"],"picked":"Metallicize","floor":4.0},{"not_picked":["Sword Boomerang","Bloodletting"],"picked":"Fire Breathing","floor":6.0},{"not_picked":["Flex","Heavy Blade","Clothesline"],"picked":"SKIP","floor":8.0},{"not_picked":["Sword Boomerang","Heavy Blade"],"picked":"Blood for Blood","floor":11},{"not_picked":["Blood for Blood","Shrug It Off"],"picked":"Uppercut","floor":14},{"not_picked":["Impervious","Feed"],"picked":"Corruption","floor":16},{"not_picked":["Disarm","Dark Embrace"],"picked":"Feel No Pain","floor":18},{"not_picked":["Heavy Blade","Wild Strike","True Grit"],"picked":"SKIP","floor":19},{"not_picked":["Whirlwind","Thunderclap","Anger"],"picked":"SKIP","floor":20}],"player_experience":416124,"relics_obtained":[{"floor":5.0,"key":"Paper Frog"},{"floor":6.0,"key":"Oddly Smooth Stone"},{"floor":8.0,"key":"Mango"},{"floor":9.0,"key":"White Beast Statue"}],"event_choices":[{"damage_healed":0.0,"max_hp_gain":0.0,"max_hp_loss":0.0,"gold_gain":0.0,"event_name":"FaceTrader","player_choice":"Trade","floor":2.0,"gold_loss":0.0,"damage_taken":0.0,"relics_obtained":["FaceOfCleric"]},{"cards_removed":["Strike_R"],"damage_healed":0,"gold_gain":0,"player_choice":"Forget","damage_taken":0,"max_hp_gain":0,"max_hp_loss":0,"event_name":"Living Wall","floor":10,"gold_loss":0},{"damage_healed":0,"gold_gain":75,"player_choice":"Gather Gold","damage_taken":11,"max_hp_gain":0,"max_hp_loss":0,"event_name":"World of Goop","floor":12,"gold_loss":0}],"is_beta":false,"boss_relics":[{"not_picked":["Coffee Dripper","Runic Pyramid"],"picked":"Black Star"}],"items_purged_floors":[3],"is_endless":false,"potions_floor_spawned":[1,6,8,11,14,16,18,19,20],"killed_by":"Chosen and Byrds","ascension_level":17}}