{"host":"1hv1kueuvc4r3rdp","time":1608701869,"event":{"mods":["AchievementEnabler","BaseMod","DeckTracker","Highlight Path","Minty Spire (QoL Compilation)","Permanent Neow","StSLib"],"gold_per_floor":[119,137,147,45,59,59,85,85,85,118,129,155,166,166,166,263,263,273,290,308,323,323,323],"floor_reached":22,"playtime":812,"items_purged":[],"score":284,"play_id":"afbdb626-8403-4457-9d10-650faa3cb976","local_time":"20201222233749","is_ascension_mode":true,"campfire_choices":[{"data":"Defragment","floor":6,"key":"SMITH"},{"floor":8,"key":"REST"},{"floor":15,"key":"REST"}],"circlet_count":0,"master_deck":["Strike_B","Strike_B","Strike_B","Defend_B","Defend_B","Defend_B","Defend_B","Zap+1","Dualcast","Steam","Defragment+1","Ball Lightning","Ball Lightning","Conserve Battery","Compile Driver","Defragment","Biased Cognition","Defragment","Cold Snap+1","Leap"],"relics":["Cracked Core","Ginger","Darkstone Periapt","Singing Bowl","Akabeko","Nuclear Battery"],"acts_visited":["Exordium","TheCity"],"potions_floor_usage":[10,12,21,22],"damage_taken":[{"damage":0,"enemies":"Cultist","floor":1,"turns":3},{"damage":0,"enemies":"2 Louse","floor":2,"turns":2},{"damage":0,"enemies":"Small Slimes","floor":3,"turns":3},{"damage":11,"enemies":"Blue Slaver","floor":5,"turns":4},{"damage":24,"enemies":"Lagavulin","floor":7,"turns":6},{"damage":20,"enemies":"3 Sentries","floor":10,"turns":5},{"damage":6,"enemies":"Red Slaver","floor":11,"turns":3},{"damage":8,"enemies":"Gremlin Nob","floor":12,"turns":3},{"damage":9,"enemies":"Gremlin Gang","floor":13,"turns":4},{"damage":7,"enemies":"Slime Boss","floor":16,"turns":6},{"damage":21,"enemies":"3 Byrds","floor":18,"turns":4},{"damage":6,"enemies":"Spheric Guardian","floor":19,"turns":3},{"damage":18,"enemies":"Snake Plant","floor":20,"turns":3},{"damage":20,"enemies":"Shelled Parasite and Fungi","floor":21,"turns":5},{"damage":4,"enemies":"3 Cultists","floor":22,"turns":2}],"seed_played":"-7478689219534202056","potions_obtained":[{"floor":3,"key":"Explosive Potion"},{"floor":5,"key":"Strength Potion"},{"floor":10,"key":"FocusPotion"},{"floor":13,"key":"EssenceOfSteel"},{"floor":21,"key":"Dexterity Potion"}],"is_trial":false,"path_per_floor":["M","M","M","$","M","R","E","R","T","E","M","E","M","?","R","B",null,"M","M","M","M","M"],"character_chosen":"DEFECT","items_purchased":["Ball Lightning","Fire Potion"],"campfire_rested":2,"item_purchase_floors":[4,4],"current_hp_per_floor":[68,68,68,68,57,57,33,55,55,37,31,23,16,9,32,25,66,47,41,23,3,0,0],"gold":323,"neow_bonus":"UPGRADE_CARD","is_daily":false,"chose_seed":false,"campfire_upgraded":1,"win_rate":0.0,"timestamp":1608701869,"path_taken":["M","M","M","$","M","R","E","R","T","E","M","E","?","?","R","BOSS","M","M","M","M","M"],"items_purchased_type":["Card","Potion"],"build_version":"2020-12-22","purchased_purges":0,"victory":false,"max_hp_per_floor":[75,75,75,75,75,75,75,75,75,77,77,77,79,79,79,79,79,81,81,81,81,81,81],"card_choices":[{"not_picked":["Turbo","Fusion","Tempest"],"picked":"SKIP","floor":1},{"not_picked":["Coolheaded","Hologram"],"picked":"Steam","floor":2},{"not_picked":["Self Repair","Redo"],"picked":"Defragment","floor":3},{"not_picked":["Sweeping Beam","Hologram"],"picked":"Ball Lightning","floor":5},{"not_picked":["Hyperbeam","Ball Lightning"],"picked":"Conserve Battery","floor":7},{"not_picked":["Redo","Double Energy","Beam Cell"],"picked":"Singing Bowl","floor":10},{"not_picked":["Aggregate","Leap"],"picked":"Compile Driver","floor":11},{"not_picked":["Reinforced Body","Multi-Cast"],"picked":"Defragment","floor":12},{"not_picked":["Static Discharge","Compile Driver","Conserve Battery"],"picked":"Singing Bowl","floor":13},{"not_picked":["Amplify","Thunder Strike"],"picked":"Biased Cognition","floor":16},{"not_picked":["Heatsinks+1","Barrage+1","Double Energy"],"picked":"Singing Bowl","floor":18},{"not_picked":["Hello World+1","Barrage+1"],"picked":"Defragment","floor":19},{"not_picked":["Reprogram+1","Reinforced Body"],"picked":"Cold Snap+1","floor":20},{"not_picked":["Genetic Algorithm+1","Chaos"],"picked":"Leap","floor":21}],"player_experience":1094084,"relics_obtained":[{"floor":7,"key":"Ginger"},{"floor":9,"key":"Darkstone Periapt"},{"floor":10,"key":"Singing Bowl"},{"floor":12,"key":"Akabeko"}],"event_choices":[{"cards_removed":["Strike_B"],"damage_healed":0,"gold_gain":0,"player_choice":"Card Removal","damage_taken":7,"max_hp_gain":0,"max_hp_loss":0,"event_name":"Golden Wing","floor":14,"gold_loss":0}],"is_beta":false,"boss_relics":[{"not_picked":["Tiny House","Velvet Choker"],"picked":"Nuclear Battery"}],"items_purged_floors":[],"is_endless":false,"potions_floor_spawned":[3,5,10,13,20,21],"killed_by":"3 Cultists","ascension_level":7}}