{"host":"qxeepl7ydvsgmfdb","time":1608726183,"event":{"mods":["AchievementEnabler","BaseMod","Colored Powertips","Minty Spire (QoL Compilation)","Quick Restart","slay the spire mod where everything is the same but ironclad has a cowboy hat"],"gold_per_floor":[119,139,45,45,64,64,80,80,80,80,93,71,88,121,121,225,225,241,331,348,270,270,270,270,270],"floor_reached":24,"playtime":1020,"items_purged":[],"score":196,"play_id":"80ad80a4-0df7-4cd0-8d25-3301a5d36de5","local_time":"20201223072303","is_ascension_mode":false,"campfire_choices":[{"floor":10.0,"key":"RECALL"},{"floor":15.0,"key":"REST"},{"floor":23,"key":"REST"}],"circlet_count":0,"master_deck":["Strike_B","Strike_B","Strike_B","Strike_B","Defend_B","Defend_B","Defend_B","Zap+1","Dualcast","Cold Snap","Coolheaded","BootSequence","Cold Snap","Ball Lightning","Sweeping Beam","Gash","Coolheaded","Redo","Electrodynamics","BootSequence","Loop+1","Defragment"],"relics":["Cracked Core","NeowsBlessing","Gremlin Horn","Black Star"],"acts_visited":["Exordium","TheCity"],"potions_floor_usage":[18,18],"damage_taken":[{"damage":0.0,"enemies":"Cultist","floor":1.0,"turns":1.0},{"damage":0.0,"enemies":"2 Louse","floor":2.0,"turns":1.0},{"damage":0.0,"enemies":"Jaw Worm","floor":5.0,"turns":1.0},{"damage":15.0,"enemies":"Gremlin Gang","floor":7.0,"turns":4.0},{"damage":0.0,"enemies":"Lots of Slimes","floor":11.0,"turns":2.0},{"damage":0.0,"enemies":"Exordium Thugs","floor":13.0,"turns":3.0},{"damage":12.0,"enemies":"Gremlin Nob","floor":14.0,"turns":3.0},{"damage":48.0,"enemies":"Hexaghost","floor":16.0,"turns":12.0},{"damage":7,"enemies":"3 Byrds","floor":18,"turns":4},{"damage":16,"enemies":"Spheric Guardian","floor":20,"turns":4},{"damage":64,"enemies":"Slavers","floor":24,"turns":3}],"seed_played":"-8757220649497596627","potions_obtained":[{"floor":1.0,"key":"Swift Potion"},{"floor":2.0,"key":"Regen Potion"},{"floor":5.0,"key":"SteroidPotion"},{"floor":18,"key":"Fruit Juice"}],"is_trial":false,"path_per_floor":["M","M","$","?","M","?","M","$","T","R","M","$","M","E","R","B",null,"M","?","M","$","?","R","E"],"character_chosen":"DEFECT","items_purchased":["BootSequence","Cold Snap","Coolheaded","Defragment"],"campfire_rested":2,"item_purchase_floors":[3,3,12,21],"current_hp_per_floor":[75,75,75,68,68,68,53,53,53,53,53,53,53,41,63,15,75,73,55,39,39,39,63,0,0],"gold":270,"neow_bonus":"THREE_ENEMY_KILL","is_daily":false,"chose_seed":false,"campfire_upgraded":0,"win_rate":0.0,"timestamp":1608726183,"path_taken":["M","M","?","?","M","?","?","$","T","R","?","?","M","E","R","BOSS","M","?","?","?","?","R","E"],"items_purchased_type":["Card","Card","Card","Card"],"build_version":"2020-12-22","purchased_purges":0,"victory":false,"max_hp_per_floor":[75,75,75,75,75,75,75,75,75,75,75,75,75,75,75,75,75,80,80,80,80,80,80,80,80],"card_choices":[{"not_picked":["Stack","Conserve Battery"],"picked":"Cold Snap","floor":1.0},{"not_picked":["Rebound","Force Field"],"picked":"Coolheaded","floor":2.0},{"not_picked":["Double Energy","Redo"],"picked":"Ball Lightning","floor":5.0},{"not_picked":["Turbo","Auto Shields"],"picked":"Sweeping Beam","floor":7.0},{"not_picked":["Reprogram","Conserve Battery"],"picked":"Gash","floor":11.0},{"not_picked":["Glacier","Coolheaded","Lockon"],"picked":"SKIP","floor":13.0},{"not_picked":["Leap","Double Energy"],"picked":"Redo","floor":14.0},{"not_picked":["Fission","Creative AI"],"picked":"Electrodynamics","floor":16.0},{"not_picked":["Compile Driver+1","Consume"],"picked":"BootSequence","floor":18},{"not_picked":["Self Repair","Double Energy"],"picked":"Loop+1","floor":20}],"player_experience":334762,"relics_obtained":[{"floor":14.0,"key":"Gremlin Horn"}],"event_choices":[{"cards_removed":["Defend_B"],"damage_healed":0.0,"max_hp_gain":0.0,"max_hp_loss":0.0,"gold_gain":0.0,"event_name":"Golden Wing","player_choice":"Card Removal","floor":4.0,"gold_loss":0.0,"damage_taken":7.0},{"damage_healed":0.0,"max_hp_gain":0.0,"max_hp_loss":0.0,"gold_gain":0.0,"event_name":"Accursed Blacksmith","player_choice":"Forge","floor":6.0,"gold_loss":0.0,"damage_taken":0.0,"cards_upgraded":["Zap"]},{"damage_healed":0,"gold_gain":90,"player_choice":"GOLD POTION ","damage_taken":18,"max_hp_gain":0,"max_hp_loss":0,"event_name":"Knowing Skull","floor":19,"potions_obtained":["DuplicationPotion"],"gold_loss":0,"cards_obtained":[]},{"damage_healed":0,"gold_gain":0,"player_choice":"Ignored","damage_taken":0,"max_hp_gain":0,"max_hp_loss":0,"event_name":"Ghosts","floor":22,"gold_loss":0}],"is_beta":false,"boss_relics":[{"not_picked":["FrozenCore","Fusion Hammer"],"picked":"Black Star"}],"items_purged_floors":[],"is_endless":false,"potions_floor_spawned":[1,2,5,18],"killed_by":"Slavers","ascension_level":0}}