{"host":"hz7oro4zaett5eh9","time":1608737218,"event":{"mods":["BaseMod","BetterRewards","Marisa????????","Minty Spire (QoL Compilation)","Remilia??????","Shade Mod","StSLib","The Animator","The Construct","The Cursed","The Disciple","The Marked","The Mystic","The Runesmith","The Senshi","The Servant 0.9.4","TheSwordswoman"],"gold_per_floor":[110,127,139,139,159,201,222,222,249,289,289,254,274,295,295,400,400,428,437,463,482,506,506,606,606,606,629,671,697,180,204,204,317,317,336,277,306,326,102,124,47,47,47,66,66,66,121,151,151,151,151,151,11,46,46,46],"floor_reached":55,"playtime":7763,"items_purged":[],"score":781,"play_id":"68b28259-4043-425c-b456-e5f1eef571dc","local_time":"20201223152658","is_ascension_mode":false,"campfire_choices":[{"data":"Shade:CallOfTheGrave","floor":8,"key":"SMITH"},{"floor":15,"key":"RECALL"},{"floor":23,"key":"REST"},{"floor":25,"key":"REST"},{"data":"Shade:Putrefaction","floor":32,"key":"SMITH"},{"floor":42,"key":"REST"},{"floor":45,"key":"REST"},{"floor":49,"key":"REST"},{"data":"Shade:Strike_Shade","floor":52,"key":"PURGE"}],"circlet_count":0,"master_deck":["Shade:Strike_Shade","Shade:Strike_Shade+1","Shade:Defend_Shade","Shade:Defend_Shade","Shade:Defend_Shade","Shade:Defend_Shade","Shade:AnimateDead","Shade:CarefulCut","Shade:Bonestorm","Sadistic Nature","Shade:Brains+1","Shade:Brains+1","Shade:FleshOffering+1","Shade:CallOfTheGrave+1","Shade:SanguineRitual+1","Shade:StitchTogether+1","Shade:Consume","Shade:SkeletonArmy+1","Shade:Premonition+1","Shade:Putrefaction+1","Shade:FleshToFlesh+1","Pride","Shade:FleshToFlesh+1","Shade:FuneraryArmor+1","Shade:Trample","Shade:FuneraryArmor+1","Shade:RitualOffering+1","Shade:AblativeArmor+1","Shade:FreshBones+1","Good Instincts+1","Shade:Premonition+1","Shade:OfferingToTheBeyond+1","Shade:FleshLikeOak+1","Shade:WallOfFlesh+1","Dark Shackles+1","Shade:CommandSoldier+1","Shade:Bonestorm+1","Shade:GraveStillness+1","Shade:Putrefaction+1","Finesse+1","Shade:Excise+1","Shade:FleshToFlesh+1","Shade:SoulPierce+1","Shade:OpenGraves+1"],"relics":["Shade:YorickSkull","Toxic Egg 2","Lee\u0027s Waffle","CeramicFish","Tiny Chest","SlaversCollar","GreatHeart","Ancient Tea Set","Frozen Egg 2","Bag of Preparation","Blue Candle","Membership Card","Fusion Hammer","Pantograph","DollysMirror","HandDrill","Runesmith:AutoHammer","Singing Bowl","Peace Pipe","The Courier","Anchor","Strawberry","Pen Nib"],"acts_visited":["Exordium","TheCity","TheBeyond","TheEnding"],"potions_floor_usage":[16,18,21,21,22,31,35,38,47,50,55],"damage_taken":[{"damage":0,"enemies":"2 Louse","floor":1,"turns":3},{"damage":0,"enemies":"Jaw Worm","floor":2,"turns":3},{"damage":0,"enemies":"Cultist","floor":3,"turns":5},{"damage":0,"enemies":"Red Slaver","floor":5,"turns":3},{"damage":6,"enemies":"3 Sentries","floor":6,"turns":6},{"damage":0,"enemies":"3 Louse","floor":7,"turns":2},{"damage":22,"enemies":"Lagavulin","floor":10,"turns":9},{"damage":2,"enemies":"Large Slime","floor":13,"turns":4},{"damage":4,"enemies":"Exordium Thugs","floor":14,"turns":2},{"damage":10,"enemies":"Slime Boss","floor":16,"turns":7},{"damage":35,"enemies":"2 Thieves","floor":18,"turns":4},{"damage":13,"enemies":"Shell Parasite","floor":21,"turns":6},{"damage":13,"enemies":"Centurion and Healer","floor":22,"turns":6},{"damage":0,"enemies":"Snecko","floor":27,"turns":5},{"damage":13,"enemies":"Book of Stabbing","floor":28,"turns":6},{"damage":2,"enemies":"Cultist and Chosen","floor":29,"turns":6},{"damage":4,"enemies":"Snake Plant","floor":31,"turns":4},{"damage":43,"enemies":"Collector","floor":33,"turns":10},{"damage":20,"enemies":"3 Shapes","floor":35,"turns":2},{"damage":1,"enemies":"3 Darklings","floor":37,"turns":4},{"damage":4,"enemies":"Transient","floor":38,"turns":5},{"damage":1,"enemies":"Spire Growth","floor":40,"turns":5},{"damage":1,"enemies":"Sphere and 2 Shapes","floor":44,"turns":5},{"damage":10,"enemies":"2 Orb Walkers","floor":47,"turns":4},{"damage":11,"enemies":"Nemesis","floor":48,"turns":9},{"damage":30,"enemies":"Awakened One","floor":50,"turns":10},{"damage":4,"enemies":"Shield and Spear","floor":54,"turns":6},{"damage":116,"enemies":"The Heart","floor":55,"turns":8}],"seed_played":"7759408702794997135","potions_obtained":[{"floor":2,"key":"Fire Potion"},{"floor":5,"key":"EntropicBrew"},{"floor":6,"key":"Block Potion"},{"floor":18,"key":"Fruit Juice"},{"floor":28,"key":"Weak Potion"},{"floor":29,"key":"DuplicationPotion"},{"floor":35,"key":"Block Potion"},{"floor":38,"key":"AttackPotion"},{"floor":47,"key":"Block Potion"}],"is_trial":false,"path_per_floor":["M","M","M","?","M","E","M","R","T","E","?","?","M","M","R","B",null,"M","?","T","M","M","R","?","R","T","M","E","M","$","M","R","B",null,"M","$","M","M","$","M","$","R","T","M","R","T","?","E","R","B",null,"R","$","E","B"],"character_chosen":"SHADE","items_purchased":["Toxic Egg 2","Lee\u0027s Waffle","Shade:Bonestorm","Sadistic Nature","Blue Candle","Shade:AblativeArmor+1","Membership Card","Shade:FreshBones+1","Good Instincts+1","Shade:WallOfFlesh+1","Dark Shackles+1","Shade:CommandSoldier+1","Pantograph","DollysMirror","Finesse+1","HandDrill","Anchor","Shade:OpenGraves+1","Strawberry"],"campfire_rested":5,"item_purchase_floors":[0,0,0,0,30,30,30,30,30,36,36,36,39,39,39,41,53,53,53],"current_hp_per_floor":[72,72,72,58,58,52,52,52,52,37,34,52,60,56,56,56,72,42,42,42,39,36,59,59,77,77,77,64,72,72,77,77,42,77,57,57,66,62,62,61,61,77,77,76,77,77,67,68,79,59,79,79,86,84,0,0],"gold":46,"neow_bonus":"","is_daily":false,"chose_seed":false,"campfire_upgraded":2,"win_rate":0.0,"timestamp":1608737218,"path_taken":["M","M","M","?","M","E","M","R","T","E","?","?","M","M","R","BOSS","M","?","?","M","M","R","?","R","T","M","E","M","$","M","R","BOSS","M","$","M","?","$","M","?","R","T","M","R","?","?","E","R","BOSS","R","$","E","BOSS"],"items_purchased_type":["Relic","Relic","Card","Card","Relic","Card","Relic","Card","Card","Card","Card","Card","Relic","Relic","Card","Relic","Relic","Card","Relic"],"build_version":"2020-12-22","purchased_purges":0,"victory":false,"max_hp_per_floor":[72,72,72,72,72,72,72,72,72,72,72,72,72,72,72,72,72,77,77,77,77,77,77,77,77,77,77,77,77,77,77,77,77,77,77,77,77,77,77,77,77,77,77,77,77,77,77,79,79,79,79,79,86,88,88,88],"card_choices":[{"not_picked":["Shade:AncientSpear","Shade:Frenzy+1"],"picked":"Shade:Brains+1","floor":1},{"not_picked":["Shade:FeralStrike","Shade:SkeletonHug"],"picked":"Shade:Brains+1","floor":2},{"not_picked":["Shade:FeralStrike","Shade:FuneraryArmor+1"],"picked":"Shade:FleshOffering+1","floor":3},{"not_picked":["Shade:PoundOfFlesh","Shade:SoulToxin+1"],"picked":"Shade:CallOfTheGrave","floor":5},{"not_picked":["Shade:Awaken+1","Shade:SkeletonHug"],"picked":"Shade:SanguineRitual+1","floor":6},{"not_picked":["Shade:ClawBack","Shade:FreshBones+1"],"picked":"Shade:StitchTogether","floor":7},{"not_picked":["Shade:FleshOffering+1","Shade:TouchOfTheGrave"],"picked":"Shade:Consume","floor":10},{"not_picked":["Shade:CoffinDance","Shade:AuraOfUnlife"],"picked":"Shade:SkeletonArmy+1","floor":13},{"not_picked":["Shade:Frenzy+1","Shade:WallOfFlesh+1"],"picked":"Shade:Premonition+1","floor":14},{"not_picked":["Shade:OneIsEnough","Shade:LastGasp+1"],"picked":"Shade:Putrefaction","floor":16},{"not_picked":["Shade:FuneraryJewels+1","Shade:CommandSoldier+1"],"picked":"Shade:FleshToFlesh+1","floor":18},{"not_picked":["Shade:FingerOfDeath+1","Shade:CoffinDance"],"picked":"Shade:FleshToFlesh+1","floor":21},{"not_picked":["Shade:Trample","Shade:GreyBargain+1"],"picked":"Shade:FuneraryArmor+1","floor":22},{"not_picked":["Shade:SanguineRitual+1","Shade:SkeletonHug"],"picked":"Shade:Trample","floor":27},{"not_picked":["Shade:BoneShards","Shade:PotionOfRestlessness+1"],"picked":"Shade:FuneraryArmor+1","floor":28},{"not_picked":["Shade:CoffinDance","Shade:FeralStrike"],"picked":"Shade:RitualOffering+1","floor":29},{"not_picked":["Shade:AncientSpear+1","Shade:DarkOfNight+1"],"picked":"Shade:Premonition+1","floor":31},{"not_picked":["Shade:UnbarTheGrave+1","Shade:DarkOfNight+1"],"picked":"Shade:OfferingToTheBeyond+1","floor":33},{"not_picked":["Shade:LyeBath+1","Shade:SoulToxin+1"],"picked":"Shade:FleshLikeOak+1","floor":35},{"not_picked":["Shade:BoneShards+1","Shade:SpectralStrikes+1"],"picked":"Shade:Bonestorm+1","floor":37},{"not_picked":["Shade:ScuttlingHand+1","Shade:FreshBones+1"],"picked":"Shade:GraveStillness+1","floor":38},{"not_picked":["Shade:FingerOfDeath+1","Shade:FeralStrike+1"],"picked":"Shade:Excise+1","floor":40},{"not_picked":["Shade:SoulToxin+1","Shade:CoffinDance"],"picked":"Shade:FleshToFlesh+1","floor":44},{"not_picked":["Shade:AuraOfUnlife+1","Shade:GraveStillness+1"],"picked":"Shade:SoulPierce+1","floor":47},{"not_picked":["Shade:Brains+1","Shade:FeralStrike+1","Shade:FuneraryArmor+1"],"picked":"Singing Bowl","floor":48},{"not_picked":["Shade:CoffinDance","Shade:Excise+1","Shade:PoundOfFlesh"],"picked":"Singing Bowl","floor":54}],"player_experience":627561,"relics_obtained":[{"floor":6,"key":"CeramicFish"},{"floor":10,"key":"Tiny Chest"},{"floor":20,"key":"Ancient Tea Set"},{"floor":26,"key":"Frozen Egg 2"},{"floor":28,"key":"Bag of Preparation"},{"floor":43,"key":"Runesmith:AutoHammer"},{"floor":46,"key":"Singing Bowl"},{"floor":47,"key":"Peace Pipe"},{"floor":48,"key":"The Courier"},{"floor":54,"key":"Pen Nib"}],"event_choices":[{"damage_healed":0,"gold_gain":0,"player_choice":"Entered Light","damage_taken":14,"max_hp_gain":0,"max_hp_loss":0,"event_name":"Shining Light","floor":4,"gold_loss":0,"cards_upgraded":["Shade:Strike_Shade","Shade:Strike_Shade"]},{"damage_healed":18,"gold_gain":0,"player_choice":"Healed","damage_taken":0,"max_hp_gain":0,"max_hp_loss":0,"event_name":"The Cleric","floor":12,"gold_loss":35},{"damage_healed":0,"gold_gain":100,"player_choice":"Pray","damage_taken":0,"max_hp_gain":0,"max_hp_loss":0,"event_name":"Golden Shrine","floor":24,"gold_loss":0},{"damage_healed":0,"gold_gain":0,"player_choice":"Fight","damage_taken":0,"max_hp_gain":0,"max_hp_loss":0,"event_name":"Mysterious Sphere","floor":47,"gold_loss":0}],"is_beta":false,"boss_relics":[{"not_picked":["Velvet Choker","Busted Crown"],"picked":"SlaversCollar"},{"not_picked":["construct:ClawGrip","Astrolabe"],"picked":"Fusion Hammer"}],"items_purged_floors":[],"is_endless":false,"potions_floor_spawned":[2,5,6,14,18,28,29,35,38,47],"killed_by":"The Heart","ascension_level":0}}