{"host":"shj73c3v1g2nb25k","time":1608687920,"event":{"mods":["AchievementEnabler","Act Like it!","Ascension Reborn","Aspiration","BaseMod","Better Third Choice","BetterRewards","Colored Map","Conspire","Downfall","Energized Spire","Hubris","Koishi","Lobotomy","Mimic Mod","Minty Spire (QoL Compilation)","Pale of the Ancients","Quarter Circle Forward PUNCH!","Replay The Spire","RumiaBox-????????","Shop Mod","StSLib","Treasure Hunter","Wandering Minibosses","vexMod"],"gold_per_floor":[138,138,158,158,158,158,178,178,178,23,50,50,78,88,88,88,88],"floor_reached":16,"playtime":1282,"items_purged":[],"score":152,"play_id":"f8a2b705-dcb3-4771-bf5f-181cc38032a8","local_time":"20201223024520","is_ascension_mode":true,"campfire_choices":[{"floor":6,"key":"REST"},{"data":"1","floor":12,"key":"LIFT"},{"data":"2","floor":15,"key":"LIFT"}],"circlet_count":0,"master_deck":["AscendersBane","Strike_R","Strike_R","Strike_R","Strike_R","Strike_R","Defend_R+1","Defend_R","Defend_R+1","Defend_R","Bash","Fiend Fire","Infernal Blade+1","Battle Trance","Iron Wave","Clothesline","Warcry","Cleave"],"relics":["Burning Blood","Replay:Baseball","Ccalipers","Girya","Potion Belt"],"acts_visited":["Exordium"],"potions_floor_usage":[11,16,16],"damage_taken":[{"damage":12,"enemies":"Jaw Worm","floor":1,"turns":3},{"damage":6,"enemies":"Cultist","floor":3,"turns":3},{"damage":1,"enemies":"conspire:RoseBush","floor":7,"turns":2},{"damage":33,"enemies":"conspire:MimicChest","floor":11,"turns":6},{"damage":19,"enemies":"Lagavulin","floor":13,"turns":10},{"damage":3,"enemies":"Blue Slaver","floor":14,"turns":3},{"damage":62,"enemies":"Fading Forest","floor":16,"turns":9}],"seed_played":"-1998155065360823048","potions_obtained":[{"floor":2,"key":"BlessingOfTheForge"},{"floor":2,"key":"SkillPotion"},{"floor":7,"key":"EssenceOfSteel"},{"floor":11,"key":"GamblersBrew"},{"floor":13,"key":"champ:CounterPotion"}],"is_trial":false,"path_per_floor":["M","?","M","?","?","R","M","?","T","$","?","R","E","M","R","B"],"character_chosen":"IRONCLAD","items_purchased":["Ccalipers"],"campfire_rested":1,"item_purchase_floors":[10],"current_hp_per_floor":[45,45,45,29,29,53,58,66,66,66,39,39,26,29,29,0,0],"gold":88,"neow_bonus":"THREE_RARE_CARDS","is_daily":false,"chose_seed":false,"campfire_upgraded":0,"win_rate":0.0,"timestamp":1608687920,"path_taken":["M","?","?","?","?","R","M","?","T","$","?","R","E","?","R","BOSS"],"items_purchased_type":["Relic"],"build_version":"2020-12-13","purchased_purges":0,"victory":false,"max_hp_per_floor":[80,80,80,80,80,80,80,80,80,80,80,80,80,80,80,80,80],"card_choices":[{"not_picked":["Berserk","conspire:HitWhereItHurts"],"picked":"Fiend Fire","floor":0},{"not_picked":["Anger","ReplayTheSpireMod:Strike From Hell"],"picked":"Infernal Blade","floor":1},{"not_picked":["ReplayTheSpireMod:Strike From Hell","Warcry"],"picked":"Battle Trance","floor":3},{"not_picked":["ReplayTheSpireMod:LeadingStrike","Thunderclap"],"picked":"Iron Wave","floor":7},{"not_picked":["TH:ArmorSpikes","TH:EnergyPotion"],"picked":"SKIP","floor":9},{"not_picked":["True Grit","Blood for Blood"],"picked":"Clothesline","floor":11},{"not_picked":["Run Through","Sentinel"],"picked":"Warcry","floor":13},{"not_picked":["TH:PixieDust","TH:CursedSword"],"picked":"SKIP","floor":13},{"not_picked":["Replay:Undeath\u0027s Touch","Infernal Blade"],"picked":"Cleave","floor":14}],"player_experience":623450,"relics_obtained":[{"floor":9,"key":"Replay:Baseball"},{"floor":11,"key":"Girya"},{"floor":13,"key":"Potion Belt"}],"event_choices":[{"damage_healed":0,"gold_gain":0,"player_choice":"Got Potions","damage_taken":0,"max_hp_gain":0,"max_hp_loss":0,"event_name":"Lab","floor":2,"gold_loss":0},{"damage_healed":45,"gold_gain":0,"player_choice":"Upgrade","damage_taken":16,"max_hp_gain":0,"max_hp_loss":80,"event_name":"betterThird:BetterShining","floor":4,"gold_loss":0,"cards_upgraded":["Defend_R","Defend_R"]},{"damage_healed":0,"gold_gain":0,"player_choice":"Grow","damage_taken":0,"max_hp_gain":0,"max_hp_loss":0,"event_name":"Living Wall","floor":5,"gold_loss":0,"cards_upgraded":["Infernal Blade"]}],"is_beta":false,"boss_relics":[],"items_purged_floors":[],"is_endless":false,"potions_floor_spawned":[7,11,13],"killed_by":"Fading Forest","ascension_level":11}}