{"host":"557iavmgkmyrqkcw","time":1608742945,"event":{"mods":["2.2 Compatiblity","AchievementEnabler","BaseMod","Better Note","Better Sensory Stone","Better Third Choice","Downfall","Friendly Minions","HololiveMod","Marisa????????","Minty Spire (QoL Compilation)","Replay The Spire","StSLib","The Alterego","The Fake Hero","The IronCluck","The Servant 0.9.4","Waifu the Spire"],"gold_per_floor":[99,118,118,293,48,48,75,109,119,29,29,29,29,47,58,159,159,159,175,189,202,254,254,306,156,41,41,41,41,41,61,80,80,80],"floor_reached":33,"playtime":1783,"items_purged":["Doubt","Pain"],"score":267,"play_id":"dd33b43f-8623-468a-ac34-355919166cb9","local_time":"20201223090225","is_ascension_mode":true,"campfire_choices":[{"data":"Moonlight","floor":1,"key":"SMITH"},{"data":"Luminosity","floor":6,"key":"SMITH"},{"data":"Luminosity","floor":11,"key":"SMITH"},{"data":"MurderousAura","floor":18,"key":"SMITH"},{"floor":25,"key":"RECALL"},{"data":"FloweringNight","floor":28,"key":"SMITH"}],"circlet_count":0,"master_deck":["Strike_S","Strike_S","Strike_S","Strike_S","Defend_S","Defend_S","Defend_S","Defend_S","KidneyShot","Exchange","Moonlight+1","Potential","expansioncontent:PolyBeam","SpecialFormula","Luminosity+1","FloweringNight+1","Luminosity+1","Rearm","Contraction","Collapse","BottledTime","ShiftingGears","BottledTime","Solidify","MurderousAura+1","Advance"],"relics":["Uniform","ClockworkSouvenir","Bag of Preparation","Meat on the Bone","WarpedTongs","MysterySword","Omamori","Necronomicon","downfall:HeartBlessingGreen","downfall:HeartBlessingBlue","alterego_mod:SomeoneToFightFor","Hololive_LightStick"],"acts_visited":["Exordium","TheCity"],"potions_floor_usage":[16,26,26],"damage_taken":[{"damage":2,"enemies":"Jaw Worm","floor":2,"turns":2},{"damage":0,"enemies":"downfall:FleeingMerchant","floor":5,"turns":4},{"damage":39,"enemies":"Lagavulin","floor":8,"turns":6},{"damage":8,"enemies":"Small Slimes","floor":9,"turns":3},{"damage":0,"enemies":"downfall:FleeingMerchant","floor":10,"turns":4},{"damage":6,"enemies":"Cultist","floor":14,"turns":3},{"damage":5,"enemies":"2 Fungi Beasts","floor":15,"turns":3},{"damage":27,"enemies":"downfall:Ironclad","floor":16,"turns":6},{"damage":14,"enemies":"Chosen","floor":19,"turns":3},{"damage":27,"enemies":"Snecko","floor":20,"turns":4},{"damage":28,"enemies":"Chosen and Byrds","floor":21,"turns":3},{"damage":23,"enemies":"downfall:FleeingMerchant","floor":26,"turns":4},{"damage":4,"enemies":"Cultist and Chosen","floor":31,"turns":5},{"damage":19,"enemies":"Centurion and Healer","floor":32,"turns":3},{"damage":47,"enemies":"downfall:Silent","floor":33,"turns":4}],"seed_played":"-558904743336877038","potions_obtained":[{"floor":8,"key":"SpeedPotion"},{"floor":9,"key":"SteroidPotion"},{"floor":14,"key":"Block Potion"},{"floor":21,"key":"Elixir"},{"floor":31,"key":"Swift Potion"}],"is_trial":false,"path_per_floor":["R","M","?","?","$","R","T","E","M","$","R","?","?","M","M","B",null,"R","M","M","M","T","?","T","R","$","?","R","?","?","M","M","B"],"character_chosen":"THE_SERVANT","items_purchased":["ClockworkSouvenir","Luminosity"],"campfire_rested":0,"item_purchase_floors":[5,5],"current_hp_per_floor":[65,63,63,63,63,63,63,29,33,38,38,38,38,40,40,30,65,65,51,41,30,30,14,14,24,18,18,18,18,18,45,38,0,0],"gold":80,"neow_bonus":"THREE_CARDS","is_daily":false,"chose_seed":false,"campfire_upgraded":5,"win_rate":0.0,"timestamp":1608742945,"path_taken":["R","M","?","?","$","R","T","E","M","$","R","?","?","M","M","BOSS","R","M","M","M","?","?","T","R","$","?","R","?","?","?","M","BOSS"],"items_purchased_type":["Relic","Card"],"build_version":"2020-12-22","purchased_purges":2,"victory":false,"max_hp_per_floor":[65,65,65,65,65,65,65,65,65,65,65,65,65,65,65,65,65,65,65,65,65,65,65,65,75,75,75,75,75,75,75,75,75,75],"card_choices":[{"not_picked":["DoubleEdge","Spin"],"picked":"Moonlight","floor":0},{"not_picked":["DoubleEdge","Advance"],"picked":"Potential","floor":2},{"not_picked":["ReplayTheSpireMod:Uncanny Aura","Dark Shackles"],"picked":"expansioncontent:PolyBeam","floor":3},{"not_picked":["Foresight","Unruled"],"picked":"SpecialFormula","floor":5},{"not_picked":["Replace","Revamp"],"picked":"FloweringNight","floor":8},{"not_picked":["ShatteredReality","Deadline"],"picked":"Luminosity","floor":9},{"not_picked":["Collapse","Potential"],"picked":"Rearm","floor":10},{"not_picked":["Revamp","Ricochet"],"picked":"Solidify","floor":14},{"not_picked":["Potential","Spin","TimeWarp"],"picked":"SKIP","floor":15},{"not_picked":["PendulumOfEternity","LightFlow"],"picked":"MurderousAura","floor":16},{"not_picked":["Gouge","Replace"],"picked":"Advance","floor":19},{"not_picked":["Gouge","Replace","DoubleEdge"],"picked":"SKIP","floor":20},{"not_picked":["FastForward","TimeWarp","Rearm"],"picked":"SKIP","floor":21},{"not_picked":["DoubleEdge","BestPractice","Alleviate"],"picked":"SKIP","floor":26},{"not_picked":["ShiftingGears+1","Collapse","Advance"],"picked":"SKIP","floor":31},{"not_picked":["Starlight","Revamp","Barrier"],"picked":"SKIP","floor":32}],"player_experience":580267,"relics_obtained":[{"floor":7,"key":"Bag of Preparation"},{"floor":8,"key":"Meat on the Bone"},{"floor":22,"key":"Omamori"},{"floor":23,"key":"Necronomicon"}],"event_choices":[{"damage_healed":0,"gold_gain":1,"player_choice":"1","damage_taken":0,"max_hp_gain":0,"max_hp_loss":0,"event_name":"betterStone:BetterStone","floor":3,"gold_loss":0},{"damage_healed":0,"gold_gain":0,"player_choice":"Rummage","damage_taken":0,"relics_obtained":["WarpedTongs"],"max_hp_gain":0,"max_hp_loss":0,"event_name":"Accursed Blacksmith","floor":13,"gold_loss":0,"cards_obtained":["Pain"]},{"damage_healed":0,"gold_gain":0,"player_choice":"Choice 2","damage_taken":0,"relics_obtained":["alterego_mod:SomeoneToFightFor"],"max_hp_gain":0,"max_hp_loss":0,"event_name":"Secret Garden","floor":29,"gold_loss":0},{"damage_healed":0,"gold_gain":0,"player_choice":"Stole Relic","damage_taken":0,"relics_obtained":["Hololive_LightStick"],"max_hp_gain":0,"max_hp_loss":0,"event_name":"Addict","floor":30,"gold_loss":0,"cards_obtained":["Shame"]}],"is_beta":false,"boss_relics":[{"not_picked":["ChewingGum","Replay:Ancient Bell"],"picked":"MysterySword"}],"items_purged_floors":[10,26],"is_endless":false,"potions_floor_spawned":[8,9,14,21,31],"killed_by":"downfall:Silent","ascension_level":2}}