{"host":"i0dcpa89fcfo7o2v","time":1608755726,"event":{"mods":["2.2 Compatiblity","AchievementEnabler","Alarm Clock","AlwaysNeverKeys","BaseMod","Better Altar","Better Match","Better Note","Better Sensory Stone","Better Skull","Better Third Choice","Better Vampires","BetterRewards","Block Reminder","Colored Map","Colored Powertips","Conspire","Curses Come First","Defuse TimeMaze Blight","Displayed Cursed Tome","Downfall","Energized Spire","Gold Saver","Grow up Mod","Halation","Hubris","Infinite Spire","Keyboard Shortcuts","Minty Spire (QoL Compilation)","Quick Restart","Relic Sorter","Relic Stats","Replay The Spire","Shop Mod","Spicy Shops","StSLib","SuperFastMode","Synergy Search","The Blue Laboratory","The Cursed","The Factory","The Jungle","Transform Curses","Uncapped","Wandering Minibosses","everything is the same but u backflip on backflip","vexMod"],"gold_per_floor":[674,694,130,180,455,455,455,482,508,508,508,522,1321,1321,1336,1336,1432,1432,1450,1450,1460,1213,1213,1213,1213,1226,1226,1239,1249,1249,1277,1277,1277,1375,1375,1388,1388,1388,1388,1401,1430,1446,1480,1480,1480,1513,1549,1562,1575,1575,1575,1575,1575,1575,1675,3376,3376],"floor_reached":58,"playtime":5668,"items_purged":["Sickly","hexamod:Haunted","Regret","TheCursedMod:Strike_TheCursed"],"score":2224,"play_id":"17e7730b-ecb6-461f-ae93-2ebb52f45e09","local_time":"20201223213526","is_ascension_mode":true,"campfire_choices":[{"data":"TheCursedMod:CircleOfFlame","floor":6,"key":"SMITH"},{"data":"TheCursedMod:CleanUpWorkshop","floor":7,"key":"SMITH"},{"data":"TheCursedMod:EmpowerCircles","floor":11,"key":"SMITH"},{"data":"TheCursedMod:CollectTribute","floor":14,"key":"SMITH"},{"data":"infinitespire:Pacifist","floor":16,"key":"PURGE"},{"data":"infinitespire:NeuralNetwork","floor":24,"key":"SMITH"},{"floor":25,"key":"RECALL"},{"data":"TheCursedMod:CircleOfCorruption","floor":33,"key":"SMITH"},{"data":"TheCursedMod:SoulReap","floor":50,"key":"SMITH"},{"data":"TheCursedMod:CursedShiv","floor":51,"key":"SMITH"},{"data":"TheCursedMod:CursedWand","floor":54,"key":"SMITH"}],"circlet_count":0,"master_deck":["TheCursedMod:Strike_TheCursed","TheCursedMod:Strike_TheCursed","TheCursedMod:Strike_TheCursed","TheCursedMod:Defend_TheCursed","TheCursedMod:Defend_TheCursed","TheCursedMod:Defend_TheCursed","TheCursedMod:Defend_TheCursed","TheCursedMod:CursedWand+1","TheCursedMod:CleanUpWorkshop+1","TheCursedMod:Dregs","TheCursedMod:CircleOfFlame+1","TheCursedMod:CursedShiv+1","TheCursedMod:FuryStrike","TheCursedMod:CircleOfCorruption+1","TheCursedMod:EmpowerCircles+1","hubris:Sloth","Regret","TheCursedMod:CollectTribute+1","TheCursedMod:Obscuration+1","TheCursedMod:SpitefulStrike","ReplayTheSpireMod:Faulty Equipment","Spreading Infection","hubris:Wrath","TheCursedMod:SoulReap+1","TheCursedMod:TacticalStrike","TheCursedMod:NeowsMight+1","infinitespire:NeuralNetwork+1","TheCursedMod:BlessingInDisguise+1","Apotheosis+1","TheCursedMod:BloodBarrier+1","TheCursedMod:ReleasedKnowledge+1","Delirium","Clumsy","TheCursedMod:CircleOfBlood+1","TheCursedMod:SurpriseAttack+1","Shame","TheCursedMod:ReleasedKnowledge+1","TheCursedMod:AshesToAshes+1","TheCursedMod:RapidMovement+1","Regret","TheCursedMod:TroublousMinions+1","TheCursedMod:CircleOfAbyss+1","TheCursedMod:CursedBlade+1","ReplayTheSpireMod:IOU","Amnesia","Amnesia","TheCursedMod:Dregs","Overencumbered","Doubt","Pain","Spreading Infection","Sickly","Pain","Writhe","Guardian:Aged","hubris:Gluttony","TheCursedMod:BlessingInDisguise+1"],"relics":["TheCursedMod:BlackMagic101","halation:QuantumPhysicsTextbook","Bottled Lightning","hubris:SlimyHat","ReplayTheSpireMod:Ring of Exchange","Ring of Greed","Smiling Mask","Replay:Wax Seal","hubris:TinFlute","Toxic Egg 2","vexMod:InvisibilityCloak","wanderingMiniBosses:MasterThiefsPresence","halation:BottledHappiness","Pet Ghost","Replay:Baseball","MerchantsRug","hubris:NiceRug","Replay:Mystery Machine","Art of War","hubris:EmptyBottle","hubris:ToyBattleship","Sling","theJungle:PaperFaux","Letter Opener","conspire:RoyalGoblet","theFactory:ChargeChargeCharge","conspire:SlowCooker","Spirit Poop","vexMod:FocusSash","Molten Egg 2","Garlic","ReplayFunnel","Turnip"],"acts_visited":[],"potions_floor_usage":[9,22,22,36,36,56,56,57,57,57,57,57,57,57,57,57,57,57,57,57,57],"damage_taken":[{"damage":0,"enemies":"Small Slimes","floor":1,"turns":2},{"damage":6,"enemies":"Cultist","floor":2,"turns":3},{"damage":20,"enemies":"Replay:BlueRogue","floor":8,"turns":5},{"damage":82,"enemies":"Lagavulin","floor":9,"turns":9},{"damage":0,"enemies":"2 Louse","floor":12,"turns":1},{"damage":65,"enemies":"Gremlin Gang","floor":13,"turns":4},{"damage":0,"enemies":"Blue Slaver","floor":15,"turns":1},{"damage":46,"enemies":"Slime Boss","floor":17,"turns":10},{"damage":22,"enemies":"Shell Parasite","floor":19,"turns":6},{"damage":62,"enemies":"theJungle:GiantWrat","floor":21,"turns":8},{"damage":460,"enemies":"hubris:Merchant","floor":22,"turns":12},{"damage":0,"enemies":"theJungle:JungleHuntersEncounter","floor":26,"turns":3},{"damage":5,"enemies":"theJungle:2_Flameangoes","floor":28,"turns":5},{"damage":4,"enemies":"theJungle:Snecko_Cultist_And_Trap","floor":29,"turns":5},{"damage":0,"enemies":"theJungle:MamaSnecko","floor":31,"turns":6},{"damage":0,"enemies":"theJungle:QueenSpyder","floor":34,"turns":6},{"damage":24,"enemies":"theFactory:2_Experiment_Personnel","floor":36,"turns":4},{"damage":0,"enemies":"theFactory:BigBot","floor":40,"turns":5},{"damage":6,"enemies":"theFactory:SmogElemental","floor":41,"turns":5},{"damage":0,"enemies":"theFactory:DecayingSentinel","floor":42,"turns":4},{"damage":2,"enemies":"theFactory:Manservantes","floor":43,"turns":6},{"damage":8,"enemies":"theFactory:SmogElemental","floor":46,"turns":5},{"damage":0,"enemies":"conspire:MimicChest","floor":47,"turns":5},{"damage":0,"enemies":"theFactory:ShrapnelTosser","floor":48,"turns":6},{"damage":0,"enemies":"theFactory:DefectiveSentry","floor":49,"turns":4},{"damage":1,"enemies":"theFactory:Experiment01","floor":52,"turns":6},{"damage":30,"enemies":"Shield and Spear","floor":56,"turns":14},{"damage":34,"enemies":"The Heart","floor":57,"turns":10}],"seed_played":"6772353891479102390","potions_obtained":[{"floor":8,"key":"blueLaboratory:AbyssPotion"},{"floor":13,"key":"PowerPotion"},{"floor":17,"key":"SkillPotion"},{"floor":21,"key":"BlessingOfTheForge"},{"floor":22,"key":"blueLaboratory:BubblePotion"},{"floor":22,"key":"Dexterity Potion"},{"floor":22,"key":"EntropicBrew"},{"floor":22,"key":"Death Potion"},{"floor":40,"key":"Energy Potion"}],"is_trial":false,"path_per_floor":["M","M","$","?","?","R","R","E","E","T","R","M","M","R","M","R_BF","B",null,"M","AVR","M","$","?","R","R","M","T","M","M","?","E","$","R","B",null,"M","?","AVR","?","M","E","M","E","T","?","E","?","M","M","R","R","B",null,"R","$","E","B",null],"character_chosen":"THE_CURSED","items_purchased":["TheCursedMod:CircleOfFlame","halation:QuantumPhysicsTextbook","TheCursedMod:CursedShiv","TheCursedMod:EmpowerCircles","Bottled Lightning","hubris:SlimyHat","halation:Diary","Replay:Baseball","Apotheosis+1","MerchantsRug"],"campfire_rested":0,"item_purchase_floors":[0,0,0,3,3,3,3,22,22,22],"current_hp_per_floor":[95,99,109,119,129,139,149,139,67,77,87,97,42,52,62,72,41,265,253,263,217,40,50,60,70,82,92,104,136,146,183,193,203,233,435,437,447,457,467,485,494,505,515,525,535,537,555,565,575,585,595,604,615,625,635,617,620],"gold":3376,"neow_bonus":"","is_daily":false,"chose_seed":false,"campfire_upgraded":9,"win_rate":0.0,"timestamp":1608755726,"path_taken":["M","M","$","?","?","R","R","E","E","T","R","M","?","R","M","R_BF","BOSS","M","AVR","M","$","?","R","R","M","T","?","M","?","E","?","R","BOSS","M","?","AVR","?","?","E","M","E","T","?","E","?","M","M","R","R","BOSS","R","$","E","BOSS"],"items_purchased_type":["Card","Relic","Card","Card","Relic","Relic","Relic","Relic","Card","Relic"],"build_version":"2020-12-22","purchased_purges":4,"victory":true,"max_hp_per_floor":[95,105,115,125,135,145,155,165,175,185,195,205,215,225,235,245,255,265,275,285,295,305,315,325,335,345,355,365,375,385,395,405,415,425,435,445,455,465,475,485,495,505,515,525,535,545,555,565,575,585,595,605,615,625,635,645,659],"relic_stats":{"counters":[64,330],"Turnip":[2],"Art of War":[8],"Letter Opener":[310],"Smiling Mask":75,"obtain_stats":[{"Replay:Accelerometer":11,"vexMod:MemoryStick":8,"conspire:RoyalGoblet":35,"Vampiric Spirits":19,"TheCursedMod:Tack":20,"Spirit Poop":39,"Boot":9,"Sling":22,"halation:HeavySnake":8,"hubris:TerracottaHorce":21,"Replay:Ringing Soul":41,"vexMod:InvisibilityCloak":10,"hubris:AstralHammer":0,"Strawberry":27,"infinitespire:Golems Mask":34,"Vampire_Amulet":0,"halation:KoshaPiece":18,"Toxic Egg 2":7,"Replay:Wax Seal":4,"hubris:TinFlute":8,"MerchantsRug":29,"TheCursedMod:BlackMagic101":1,"hubris:MobiusCoin":14,"halation:QuantumPhysicsTextbook":0,"vexMod:ScavengeHelm":13,"hubris:SphereOfDissonance":23,"wanderingMiniBosses:MasterThiefsPresence":13,"infinitespire:Beetle Shell":20,"Pen Nib":15,"ReplayTheSpireMod:SealedPack":17,"halation:BottledHappiness":18,"conspire:SlowCooker":38,"Replay:Ancient Bell":34,"infinitespire:Magic Flask":38,"Letter Opener":31,"theFactory:ChargeChargeCharge":37,"Replay:Baseball":22,"halation:Jellyphish":0,"Molten Egg 2":43,"hubris:ToyBattleship":22,"ReplayFunnel":47,"halation:Diary":3,"ReplayTheSpireMod:Ring of Exchange":4,"Lantern":25,"Regal Pillow":12,"Bag of Preparation":19,"hubris:SlimyHat":3,"Replay:Mystery Machine":22,"hubris:EmptyBottle":22,"theJungle:PaperFaux":30,"Ancient Tea Set":4,"Smiling Mask":4,"Pet Ghost":20,"conspire:InfiniteJournal":16,"Dream Catcher":40,"Nunchaku":13,"hubris:Backtick":19,"Mummified Hand":5,"hubris:Stopwatch":17,"Pantograph":0,"Replay:Bottled Snecko":43,"hubris:DisguiseKit":3,"Lee\u0027s Waffle":29,"NeowsBlessing":0,"Replay:Towering Pillar of Hats":1,"hubris:64BitClover":3,"Quantum Egg":19,"Thread and Needle":10,"Omamori":29,"Ring of Greed":4,"vexMod:FocusSash":41,"MawBank":34,"halation:SelfBoilingWater":6,"vexMod:BarristanHead":46,"Turnip":56,"Art of War":6,"Garlic":46,"Bottled Lightning":3,"infinitespire:Midas Blood":34,"hubris:NiceRug":22},{"Replay:Accelerometer":4,"vexMod:MemoryStick":28,"conspire:RoyalGoblet":52,"Vampiric Spirits":8,"TheCursedMod:Tack":35,"Spirit Poop":53,"Boot":3,"Sling":47,"halation:HeavySnake":27,"hubris:TerracottaHorce":35,"Replay:Ringing Soul":18,"vexMod:InvisibilityCloak":40,"hubris:AstralHammer":23,"Strawberry":13,"infinitespire:Golems Mask":15,"Vampire_Amulet":0,"halation:KoshaPiece":33,"Toxic Egg 2":26,"Replay:Wax Seal":38,"hubris:TinFlute":39,"MerchantsRug":13,"TheCursedMod:BlackMagic101":24,"hubris:MobiusCoin":31,"halation:QuantumPhysicsTextbook":36,"vexMod:ScavengeHelm":31,"hubris:SphereOfDissonance":11,"wanderingMiniBosses:MasterThiefsPresence":42,"infinitespire:Beetle Shell":9,"Pen Nib":32,"ReplayTheSpireMod:SealedPack":33,"halation:BottledHappiness":44,"conspire:SlowCooker":53,"Replay:Ancient Bell":15,"infinitespire:Magic Flask":16,"Letter Opener":51,"theFactory:ChargeChargeCharge":53,"Replay:Baseball":46,"halation:Jellyphish":23,"Molten Egg 2":57,"hubris:ToyBattleship":47,"ReplayFunnel":59,"halation:Diary":38,"ReplayTheSpireMod:Ring of Exchange":38,"Lantern":12,"Regal Pillow":29,"Bag of Preparation":34,"hubris:SlimyHat":38,"Replay:Mystery Machine":47,"hubris:EmptyBottle":47,"theJungle:PaperFaux":50,"Ancient Tea Set":1,"Smiling Mask":38,"Pet Ghost":45,"conspire:InfiniteJournal":32,"Dream Catcher":18,"Nunchaku":30,"hubris:Backtick":8,"Mummified Hand":24,"hubris:Stopwatch":7,"Pantograph":23,"Replay:Bottled Snecko":18,"hubris:DisguiseKit":24,"Lee\u0027s Waffle":13,"NeowsBlessing":0,"Replay:Towering Pillar of Hats":23,"hubris:64BitClover":1,"Quantum Egg":8,"Thread and Needle":28,"Omamori":13,"Ring of Greed":38,"vexMod:FocusSash":55,"MawBank":15,"halation:SelfBoilingWater":25,"vexMod:BarristanHead":20,"Turnip":63,"Art of War":26,"Garlic":58,"Bottled Lightning":38,"infinitespire:Midas Blood":15,"hubris:NiceRug":47},{"Replay:Accelerometer":8,"vexMod:MemoryStick":131,"conspire:RoyalGoblet":256,"Vampiric Spirits":26,"TheCursedMod:Tack":168,"Spirit Poop":260,"Boot":3,"Sling":231,"halation:HeavySnake":122,"hubris:TerracottaHorce":168,"Replay:Ringing Soul":81,"vexMod:InvisibilityCloak":189,"hubris:AstralHammer":111,"Strawberry":54,"infinitespire:Golems Mask":67,"Vampire_Amulet":0,"halation:KoshaPiece":155,"Toxic Egg 2":120,"Replay:Wax Seal":175,"hubris:TinFlute":180,"MerchantsRug":54,"TheCursedMod:BlackMagic101":113,"hubris:MobiusCoin":143,"halation:QuantumPhysicsTextbook":170,"vexMod:ScavengeHelm":143,"hubris:SphereOfDissonance":42,"wanderingMiniBosses:MasterThiefsPresence":194,"infinitespire:Beetle Shell":31,"Pen Nib":146,"ReplayTheSpireMod:SealedPack":155,"halation:BottledHappiness":205,"conspire:SlowCooker":260,"Replay:Ancient Bell":67,"infinitespire:Magic Flask":71,"Letter Opener":250,"theFactory:ChargeChargeCharge":260,"Replay:Baseball":219,"halation:Jellyphish":111,"Molten Egg 2":280,"hubris:ToyBattleship":231,"ReplayFunnel":290,"halation:Diary":175,"ReplayTheSpireMod:Ring of Exchange":175,"Lantern":47,"Regal Pillow":136,"Bag of Preparation":161,"hubris:SlimyHat":175,"Replay:Mystery Machine":231,"hubris:EmptyBottle":231,"theJungle:PaperFaux":244,"Ancient Tea Set":1,"Smiling Mask":175,"Pet Ghost":211,"conspire:InfiniteJournal":146,"Dream Catcher":81,"Nunchaku":138,"hubris:Backtick":26,"Mummified Hand":113,"hubris:Stopwatch":21,"Pantograph":111,"Replay:Bottled Snecko":81,"hubris:DisguiseKit":113,"Lee\u0027s Waffle":54,"NeowsBlessing":0,"Replay:Towering Pillar of Hats":111,"hubris:64BitClover":1,"Quantum Egg":26,"Thread and Needle":131,"Omamori":54,"Ring of Greed":175,"vexMod:FocusSash":270,"MawBank":67,"halation:SelfBoilingWater":116,"vexMod:BarristanHead":90,"Turnip":320,"Art of War":120,"Garlic":285,"Bottled Lightning":175,"infinitespire:Midas Blood":67,"hubris:NiceRug":231}]},"card_choices":[{"not_picked":["TheCursedMod:RavingStaff","TheCursedMod:CursedMace"],"picked":"TheCursedMod:FuryStrike","floor":1},{"not_picked":["TheCursedMod:Mangle","TheCursedMod:CircleOfFlame"],"picked":"TheCursedMod:CircleOfCorruption","floor":2},{"not_picked":["TheCursedMod:CircleOfFocus","TheCursedMod:CursedBlade"],"picked":"TheCursedMod:CollectTribute","floor":8},{"not_picked":["TheCursedMod:TroublousMinions+1","TheCursedMod:StingEye"],"picked":"TheCursedMod:Obscuration+1","floor":9},{"not_picked":["TheCursedMod:SpitefulPlan","TheCursedMod:CircleOfFlame+1"],"picked":"TheCursedMod:SpitefulStrike","floor":12},{"not_picked":["TheCursedMod:LuckyCharm","TheCursedMod:AbyssShockwave"],"picked":"TheCursedMod:SoulReap","floor":13},{"not_picked":["TheCursedMod:CursedAmulet+1","TheCursedMod:Stigma"],"picked":"TheCursedMod:TacticalStrike","floor":15},{"not_picked":["TheCursedMod:OutForBlood","TheCursedMod:ParallelWorld+1"],"picked":"TheCursedMod:NeowsMight+1","floor":17},{"not_picked":["TheCursedMod:SpitefulStrike","TheCursedMod:VitalStrike","TheCursedMod:Stretching+1"],"picked":"SKIP","floor":19},{"not_picked":["TheCursedMod:ReleasedStrength+1","TheCursedMod:Stigma"],"picked":"TheCursedMod:BlessingInDisguise+1","floor":21},{"not_picked":[],"picked":"TheCursedMod:BloodBarrier+1","floor":22},{"not_picked":[],"picked":"TheCursedMod:ReleasedKnowledge+1","floor":22},{"not_picked":["TheCursedMod:TacticalStrike"],"picked":"SKIP","floor":22},{"not_picked":["TheCursedMod:FuryStrike"],"picked":"SKIP","floor":22},{"not_picked":["TheCursedMod:LuckyCharm"],"picked":"SKIP","floor":22},{"not_picked":["Dark Shackles+1"],"picked":"SKIP","floor":22},{"not_picked":["TheCursedMod:FleshFromBone+1","TheCursedMod:Stretching+1","TheCursedMod:CursedShiv+1"],"picked":"SKIP","floor":26},{"not_picked":["TheCursedMod:CursedShiv+1","TheCursedMod:CircleOfWindfury+1"],"picked":"TheCursedMod:CircleOfBlood+1","floor":28},{"not_picked":["TheCursedMod:RapidMovement+1","TheCursedMod:CursedMace+1"],"picked":"TheCursedMod:SurpriseAttack+1","floor":29},{"not_picked":["TheCursedMod:ReleasedStrength+1","TheCursedMod:CursedShiv","TheCursedMod:SurpriseAttack"],"picked":"SKIP","floor":31},{"not_picked":["TheCursedMod:Stigma+1","TheCursedMod:CircleOfAmplification+1"],"picked":"TheCursedMod:ReleasedKnowledge+1","floor":36},{"not_picked":["TheCursedMod:Grudge+1","TheCursedMod:Hemoplague+1"],"picked":"TheCursedMod:AshesToAshes+1","floor":40},{"not_picked":["TheCursedMod:PrepareRite+1","TheCursedMod:FleshFromBone+1","TheCursedMod:Stretching+1"],"picked":"SKIP","floor":41},{"not_picked":["TheCursedMod:PrepareRite+1","TheCursedMod:TacticalStrike","TheCursedMod:Obscuration+1"],"picked":"SKIP","floor":42},{"not_picked":["TheCursedMod:SpreadPlague+1","TheCursedMod:HellsGateOpen+1","TheCursedMod:StunningStrike+1"],"picked":"SKIP","floor":43},{"not_picked":["TheCursedMod:FleshFromBone+1","TheCursedMod:CircleOfBlood+1","TheCursedMod:SaltUponWound+1"],"picked":"SKIP","floor":46},{"not_picked":["TheCursedMod:CursedBlade+1","TheCursedMod:CircleOfCorruption+1"],"picked":"TheCursedMod:TroublousMinions+1","floor":47},{"not_picked":["TheCursedMod:BloodBarrier+1","TheCursedMod:RavingStaff+1"],"picked":"TheCursedMod:CircleOfAbyss+1","floor":48},{"not_picked":["TheCursedMod:CursedShiv+1","TheCursedMod:SurpriseAttack+1"],"picked":"TheCursedMod:CursedBlade+1","floor":49},{"not_picked":["TheCursedMod:CursedBoomerang+1","TheCursedMod:SmokeScreen+1"],"picked":"TheCursedMod:BlessingInDisguise+1","floor":56}],"player_experience":234393,"relics_obtained":[{"floor":4,"key":"ReplayTheSpireMod:Ring of Exchange"},{"floor":4,"key":"Ring of Greed"},{"floor":4,"key":"Smiling Mask"},{"floor":4,"key":"Replay:Wax Seal"},{"floor":8,"key":"hubris:TinFlute"},{"floor":9,"key":"Toxic Egg 2"},{"floor":10,"key":"vexMod:InvisibilityCloak"},{"floor":13,"key":"wanderingMiniBosses:MasterThiefsPresence"},{"floor":22,"key":"Replay:Mystery Machine"},{"floor":22,"key":"Art of War"},{"floor":22,"key":"hubris:EmptyBottle"},{"floor":22,"key":"hubris:ToyBattleship"},{"floor":22,"key":"Sling"},{"floor":31,"key":"Letter Opener"},{"floor":41,"key":"vexMod:FocusSash"},{"floor":43,"key":"Molten Egg 2"},{"floor":46,"key":"Garlic"},{"floor":47,"key":"ReplayFunnel"},{"floor":56,"key":"Turnip"}],"event_choices":[{"damage_healed":0,"gold_gain":275,"player_choice":"Desecrate","damage_taken":0,"max_hp_gain":0,"max_hp_loss":0,"event_name":"Golden Shrine","floor":5,"gold_loss":0,"cards_obtained":["Regret"]},{"cards_removed":["infinitespire:Pacifist"],"damage_healed":0,"gold_gain":0,"player_choice":"Purged","damage_taken":0,"max_hp_gain":0,"max_hp_loss":0,"event_name":"Purifier","floor":23,"gold_loss":0},{"cards_removed":["Voices"],"damage_healed":0,"gold_gain":0,"player_choice":"Offered Curse","damage_taken":0,"relics_obtained":["Spirit Poop"],"max_hp_gain":0,"max_hp_loss":0,"event_name":"Bonfire Elementals","floor":39,"gold_loss":0}],"is_beta":false,"boss_relics":[{"not_picked":["Medical Kit","Snecko Eye"],"picked":"halation:BottledHappiness"},{"not_picked":["Cauldron","Fusion Hammer"],"picked":"conspire:RoyalGoblet"}],"items_purged_floors":[20,22,22,38],"is_endless":false,"potions_floor_spawned":[8,13,17,21,28,29,34,40,46,48,52,56],"ascension_level":4}}