{"host":"684z1xpuwaoqmmh1","time":1608740406,"event":{"mods":["BaseMod","Downfall","Hermit","Jorbs\u0027s Wanderer Trilogy","Marisa????????","Minty Spire (QoL Compilation)","StSLib","The Hierophant","The Mystic"],"gold_per_floor":[99,109,129,229,242,242,294,294,322,335,365,376,226,226,240,240,240,240],"floor_reached":16,"playtime":582,"items_purged":[],"score":189,"play_id":"1c19b066-eda0-40b1-8cbb-d4f5c5eaca0a","local_time":"20201223182006","is_ascension_mode":true,"campfire_choices":[{"data":"champ:Taunt","floor":1.0,"key":"SMITH"},{"floor":8.0,"key":"RECALL"},{"floor":13,"key":"REST"}],"circlet_count":0,"master_deck":["AscendersBane","champ:Strike","champ:Strike","champ:Strike","champ:Strike","champ:Defend","champ:Defend","champ:Defend","champ:Execute","champ:Taunt+1","champ:RecklessLeap","champ:AdrenalArmor","champ:StrikeOfGenius+1","champ:Haymaker","champ:DefensiveStyle","champ:EndlessRage","champ:DefensiveShout","champ:Balance"],"relics":["champ:ChampionCrown","Bag of Preparation","Odd Mushroom","Centennial Puzzle","downfall:HeartBlessingRed","downfall:HeartBlessingGreen"],"acts_visited":["Exordium"],"potions_floor_usage":[11,12],"damage_taken":[{"damage":0.0,"enemies":"2 Louse","floor":2.0,"turns":3.0},{"damage":17.0,"enemies":"Small Slimes","floor":3.0,"turns":4.0},{"damage":15.0,"enemies":"Cultist","floor":5.0,"turns":3.0},{"damage":66.0,"enemies":"The Mushroom Lair","floor":9.0,"turns":7.0},{"damage":13.0,"enemies":"Blue Slaver","floor":10.0,"turns":5.0},{"damage":38,"enemies":"Lagavulin","floor":11,"turns":6},{"damage":42,"enemies":"Lots of Slimes","floor":12,"turns":6},{"damage":28,"enemies":"Large Slime","floor":15,"turns":3},{"damage":40,"enemies":"downfall:Silent","floor":16,"turns":2}],"seed_played":"3262835477623681360","potions_obtained":[{"floor":2.0,"key":"PowerPotion"},{"floor":5.0,"key":"FearPotion"},{"floor":9.0,"key":"champ:CounterPotion"}],"is_trial":false,"path_per_floor":["R","M","M","?","M","?","T","R","?","M","E","M","R","?","M","B"],"character_chosen":"THE_CHAMP","items_purchased":[],"campfire_rested":1,"item_purchase_floors":[],"current_hp_per_floor":[81,81,79,79,79,79,79,79,48,47,43,27,53,53,40,0,0,0],"gold":240,"neow_bonus":"TEN_PERCENT_HP_BONUS","is_daily":false,"chose_seed":false,"campfire_upgraded":1,"win_rate":0.0,"timestamp":1608740406,"path_taken":["R","M","M","?","M","?","T","R","?","M","E","M","R","?","M","BOSS"],"items_purchased_type":[],"build_version":"2020-12-22","purchased_purges":0,"victory":false,"max_hp_per_floor":[89,89,89,89,89,89,89,89,89,89,89,89,89,89,89,89,89,89],"card_choices":[{"not_picked":["champ:Circumvent","champ:FightOn"],"picked":"champ:RecklessLeap","floor":2.0},{"not_picked":["champ:Shatter","champ:BladeFlurry"],"picked":"champ:AdrenalArmor","floor":3.0},{"not_picked":["champ:BerserkersShout","champ:DefensiveShout"],"picked":"champ:StrikeOfGenius","floor":5.0},{"not_picked":["champ:Shatter","champ:PreciseThrust"],"picked":"champ:Haymaker","floor":9.0},{"not_picked":["champ:BladeFlurry","champ:FlashCut"],"picked":"champ:DefensiveStyle","floor":10.0},{"not_picked":["champ:BladeFlurry","champ:FlashCut"],"picked":"champ:EndlessRage","floor":11},{"not_picked":["champ:RageSigil","champ:StanceDance"],"picked":"champ:DefensiveShout","floor":12},{"not_picked":["champ:GladiatorsShout","champ:FanOfKnives"],"picked":"champ:Balance","floor":15}],"player_experience":2389274,"relics_obtained":[{"floor":7.0,"key":"Bag of Preparation"},{"floor":9.0,"key":"Odd Mushroom"},{"floor":11,"key":"Centennial Puzzle"}],"event_choices":[{"damage_healed":0.0,"max_hp_gain":0.0,"max_hp_loss":0.0,"gold_gain":0.0,"event_name":"Living Wall","player_choice":"Grow","floor":6.0,"gold_loss":0.0,"damage_taken":0.0,"cards_upgraded":["champ:StrikeOfGenius"]},{"damage_healed":0.0,"max_hp_gain":0.0,"max_hp_loss":0.0,"gold_gain":0.0,"event_name":"Mushrooms","player_choice":"Fought Mushrooms","floor":9.0,"gold_loss":0.0,"damage_taken":0.0},{"cards_removed":["champ:Defend"],"damage_healed":0,"gold_gain":0,"player_choice":"Card Removal","damage_taken":0,"max_hp_gain":0,"max_hp_loss":0,"event_name":"The Cleric","floor":14,"gold_loss":0}],"is_beta":false,"boss_relics":[],"items_purged_floors":[],"is_endless":false,"potions_floor_spawned":[2,5,9],"killed_by":"downfall:Silent","ascension_level":17}}