{"host":"6s2g4ctvxbrgoc4e","time":1608719911,"event":{"mods":["BaseMod","Minty Spire (QoL Compilation)"],"gold_per_floor":[116,116,116,116,191,191,203,203,249,261,271,46,58,75,75,174,174,194,14,33,33,46,77,97,97,124,141,152,152,163,182,182,281,281,296,346,103,13,30,30,81,81,106,0,12,12,12,32,32,32],"floor_reached":51,"playtime":4213,"items_purged":["Strike_G","Strike_G"],"score":636,"play_id":"75cf8e5e-ad4a-4168-a3ee-d3f788a60b78","local_time":"20201223113831","is_ascension_mode":false,"campfire_choices":[{"data":"Tools of the Trade","floor":6,"key":"SMITH"},{"data":"Terror","floor":8,"key":"SMITH"},{"floor":15,"key":"REST"},{"floor":25,"key":"REST"},{"floor":29,"key":"REST"},{"floor":32,"key":"REST"},{"floor":40,"key":"REST"},{"floor":42,"key":"REST"},{"floor":49,"key":"REST"}],"circlet_count":0,"master_deck":["Defend_G","Defend_G+1","Defend_G","Defend_G","Defend_G","Survivor","Neutralize","Tools of the Trade+1","Blade Dance+1","Terror+1","Catalyst","Dash","Bouncing Flask","Footwork","Crippling Poison","Bouncing Flask","Adrenaline","Acrobatics+1","Mayhem","Crippling Poison","Noxious Fumes","Deadly Poison+1","Prepared","Tools of the Trade","Prepared+1","Prepared","Bane","Crippling Poison+1","Bane+1","Sadistic Nature"],"relics":["Ring of the Snake","Snake Skull","Philosopher\u0027s Stone","Orichalcum","Pen Nib","Sozu","Lizard Tail","TwistedFunnel","Ice Cream","Strawberry","Red Mask"],"acts_visited":["Exordium","TheCity","TheBeyond"],"potions_floor_usage":[14,23,28,33,39],"damage_taken":[{"damage":0,"enemies":"2 Louse","floor":1,"turns":3},{"damage":0,"enemies":"Jaw Worm","floor":7,"turns":3},{"damage":0,"enemies":"Cultist","floor":10,"turns":3},{"damage":13,"enemies":"Lots of Slimes","floor":11,"turns":5},{"damage":11,"enemies":"Exordium Wildlife","floor":13,"turns":3},{"damage":4,"enemies":"Large Slime","floor":14,"turns":4},{"damage":20,"enemies":"The Guardian","floor":16,"turns":6},{"damage":3,"enemies":"Shell Parasite","floor":18,"turns":3},{"damage":0,"enemies":"Spheric Guardian","floor":20,"turns":3},{"damage":2,"enemies":"Snecko","floor":22,"turns":3},{"damage":33,"enemies":"Slavers","floor":23,"turns":4},{"damage":18,"enemies":"Snake Plant","floor":24,"turns":4},{"damage":14,"enemies":"Cultist and Chosen","floor":27,"turns":5},{"damage":9,"enemies":"Sentry and Sphere","floor":28,"turns":4},{"damage":13,"enemies":"3 Cultists","floor":30,"turns":5},{"damage":0,"enemies":"Snecko","floor":31,"turns":3},{"damage":9,"enemies":"Automaton","floor":33,"turns":8},{"damage":13,"enemies":"3 Shapes","floor":35,"turns":4},{"damage":12,"enemies":"Mind Bloom Boss Battle","floor":36,"turns":7},{"damage":13,"enemies":"3 Darklings","floor":39,"turns":3},{"damage":43,"enemies":"2 Orb Walkers","floor":41,"turns":5},{"damage":0,"enemies":"Transient","floor":45,"turns":5},{"damage":0,"enemies":"Sphere and 2 Shapes","floor":48,"turns":2},{"damage":56,"enemies":"Donu and Deca","floor":50,"turns":7}],"seed_played":"731333766067402369","potions_obtained":[{"floor":10,"key":"LiquidBronze"},{"floor":11,"key":"Weak Potion"},{"floor":14,"key":"Explosive Potion"},{"floor":22,"key":"EssenceOfSteel"},{"floor":23,"key":"LiquidMemories"},{"floor":27,"key":"Block Potion"},{"floor":31,"key":"Block Potion"},{"floor":33,"key":"FearPotion"}],"is_trial":false,"path_per_floor":["M","?","$","?","?","R","M","R","T","M","M","$","M","M","R","B",null,"M","$","M","?","M","E","M","R","T","M","M","R","M","M","R","B",null,"M","?","$","?","M","R","?","R","T","?","M","$","?","M","R","B",null],"character_chosen":"THE_SILENT","items_purchased":["Bouncing Flask","Footwork","Mayhem","TwistedFunnel"],"campfire_rested":7,"item_purchase_floors":[12,12,19,37],"current_hp_per_floor":[70,56,56,61,54,54,54,54,54,54,41,41,30,26,48,28,75,72,72,72,72,70,37,19,41,41,27,18,40,27,27,49,40,75,62,50,50,50,37,59,16,38,45,45,45,45,45,45,69,13],"gold":32,"neow_bonus":"TRANSFORM_CARD","is_daily":false,"chose_seed":false,"campfire_upgraded":2,"win_rate":0.0,"timestamp":1608719911,"path_taken":["M","?","$","?","?","R","M","R","T","M","M","$","M","M","R","BOSS","M","?","?","?","M","E","M","R","T","M","M","R","?","M","R","BOSS","M","?","$","?","?","R","?","R","T","?","M","$","?","?","R","BOSS"],"items_purchased_type":["Card","Card","Card","Relic"],"build_version":"2020-12-22","purchased_purges":2,"victory":true,"max_hp_per_floor":[70,70,70,75,75,75,75,75,75,75,75,75,75,75,75,75,75,75,75,75,75,75,75,75,75,75,75,75,75,75,75,75,75,75,75,75,75,75,75,75,75,75,82,82,82,82,82,82,82,82],"card_choices":[{"not_picked":["PiercingWail","Dagger Throw"],"picked":"Blade Dance","floor":1},{"not_picked":["Underhanded Strike","PiercingWail"],"picked":"Terror","floor":7},{"not_picked":["Eviscerate","Underhanded Strike"],"picked":"Catalyst","floor":10},{"not_picked":["Terror","Underhanded Strike"],"picked":"Dash","floor":11},{"not_picked":["Caltrops","Dagger Throw"],"picked":"Crippling Poison","floor":13},{"not_picked":["Finisher","Tactician"],"picked":"Bouncing Flask","floor":14},{"not_picked":["Doppelganger","Venomology"],"picked":"Adrenaline","floor":16},{"not_picked":["Sucker Punch","Dagger Spray"],"picked":"Acrobatics","floor":18},{"not_picked":["Sucker Punch+1","Masterful Stab+1","Dodge and Roll"],"picked":"SKIP","floor":20},{"not_picked":["Outmaneuver","Quick Slash"],"picked":"Crippling Poison","floor":22},{"not_picked":["Tactician","Blade Dance"],"picked":"Noxious Fumes","floor":23},{"not_picked":["Expertise","Slice+1"],"picked":"Deadly Poison+1","floor":24},{"not_picked":["Flying Knee","Sucker Punch","Expertise"],"picked":"SKIP","floor":27},{"not_picked":["A Thousand Cuts","Sucker Punch"],"picked":"Prepared","floor":28},{"not_picked":["Flying Knee+1","Eviscerate","Dagger Spray"],"picked":"SKIP","floor":30},{"not_picked":["Dagger Spray","Acrobatics","Underhanded Strike"],"picked":"SKIP","floor":31},{"not_picked":["After Image","Phantasmal Killer"],"picked":"Tools of the Trade","floor":33},{"not_picked":["Flying Knee+1","Bane"],"picked":"Prepared+1","floor":35},{"not_picked":["Backflip","Sucker Punch+1"],"picked":"Prepared","floor":36},{"not_picked":["PiercingWail+1","Quick Slash+1"],"picked":"Bane","floor":39},{"not_picked":["Venomology","Underhanded Strike+1"],"picked":"Crippling Poison+1","floor":41},{"not_picked":["Acrobatics+1","Infinite Blades"],"picked":"Bane+1","floor":45},{"not_picked":["Good Instincts","PanicButton"],"picked":"Sadistic Nature","floor":47},{"not_picked":["Masterful Stab","PiercingWail+1","Leg Sweep"],"picked":"SKIP","floor":48}],"player_experience":14630,"relics_obtained":[{"floor":9,"key":"Snake Skull"},{"floor":23,"key":"Orichalcum"},{"floor":26,"key":"Pen Nib"},{"floor":36,"key":"Lizard Tail"},{"floor":41,"key":"Ice Cream"},{"floor":43,"key":"Strawberry"}],"event_choices":[{"damage_healed":0,"gold_gain":0,"player_choice":"Entered Light","damage_taken":14,"max_hp_gain":0,"max_hp_loss":0,"event_name":"Shining Light","floor":2,"gold_loss":0,"cards_upgraded":["Defend_G","Blade Dance"]},{"damage_healed":0,"gold_gain":0,"player_choice":"Donut","damage_taken":0,"max_hp_gain":5,"max_hp_loss":0,"event_name":"Big Fish","floor":4,"gold_loss":0},{"damage_healed":0,"gold_gain":75,"player_choice":"Touch","damage_taken":7,"max_hp_gain":0,"max_hp_loss":0,"event_name":"FaceTrader","floor":5,"gold_loss":0},{"cards_removed":["Strike_G"],"damage_healed":0,"gold_gain":0,"player_choice":"Purged","damage_taken":0,"max_hp_gain":0,"max_hp_loss":0,"event_name":"Purifier","floor":21,"gold_loss":0},{"damage_healed":0,"gold_gain":0,"player_choice":"Fight","damage_taken":0,"max_hp_gain":0,"max_hp_loss":0,"event_name":"MindBloom","floor":36,"gold_loss":0},{"cards_removed":["Strike_G"],"damage_healed":0,"gold_gain":0,"player_choice":"Upgrade and Remove","damage_taken":0,"max_hp_gain":0,"max_hp_loss":0,"event_name":"Designer","floor":38,"gold_loss":90,"cards_upgraded":["Acrobatics"]},{"damage_healed":0,"gold_gain":0,"player_choice":"Fight","damage_taken":0,"max_hp_gain":0,"max_hp_loss":0,"event_name":"Mysterious Sphere","floor":41,"gold_loss":0},{"damage_healed":0,"gold_gain":0,"player_choice":"Paid","damage_taken":0,"relics_obtained":["Red Mask"],"max_hp_gain":0,"max_hp_loss":0,"event_name":"Tomb of Lord Red Mask","floor":44,"gold_loss":106},{"damage_healed":0,"gold_gain":0,"player_choice":"Memory 1","damage_taken":0,"max_hp_gain":0,"max_hp_loss":0,"event_name":"SensoryStone","floor":47,"gold_loss":0}],"is_beta":false,"boss_relics":[{"not_picked":["Tiny House","Busted Crown"],"picked":"Philosopher\u0027s Stone"},{"not_picked":["Ring of the Serpent","Calling Bell"],"picked":"Sozu"}],"items_purged_floors":[12,37],"is_endless":false,"potions_floor_spawned":[10,11,14,22,23,24,27,31,33,35,39,41],"ascension_level":0}}