{"host":"2e3z4r48quhw80cc","time":1608720033,"event":{"mods":["BaseMod","Minty Spire (QoL Compilation)","Quick Restart","StSLib","SuperFastMode"],"gold_per_floor":[118,135,210,210,113,147,147,162,185,221,33,77,77,108,108,229,229,243,274,293,208,208,208],"floor_reached":22,"playtime":476,"items_purged":[],"score":364,"play_id":"b172460f-2d85-4518-86a3-b9f7fd6fae9d","local_time":"20201223194033","is_ascension_mode":true,"campfire_choices":[{"data":"Zap","floor":7.0,"key":"SMITH"},{"floor":13.0,"key":"REST"},{"data":"Apotheosis","floor":15.0,"key":"SMITH"}],"circlet_count":0,"master_deck":["AscendersBane","Strike_B","Strike_B","Strike_B","Strike_B","Defend_B+1","Defend_B","Defend_B","Defend_B","Zap+1","Dualcast+1","Loop","Capacitor","Conserve Battery","FTL","Thunder Strike","Apotheosis+1","Consume","Electrodynamics","Core Surge","White Noise","Barrage"],"relics":["FrozenCore","NeowsBlessing","Golden Idol","Nunchaku","War Paint","Art of War","Lantern","Bronze Scales","Red Mask","Tiny Chest"],"acts_visited":["Exordium","TheCity"],"potions_floor_usage":[22],"damage_taken":[{"damage":0.0,"enemies":"Jaw Worm","floor":1.0,"turns":1.0},{"damage":0.0,"enemies":"2 Louse","floor":2.0,"turns":1.0},{"damage":0.0,"enemies":"Gremlin Nob","floor":6.0,"turns":1.0},{"damage":0.0,"enemies":"Small Slimes","floor":8.0,"turns":4.0},{"damage":4.0,"enemies":"Lagavulin","floor":10.0,"turns":9.0},{"damage":30.0,"enemies":"Gremlin Nob","floor":12.0,"turns":4.0},{"damage":13.0,"enemies":"3 Sentries","floor":14.0,"turns":7.0},{"damage":4.0,"enemies":"Hexaghost","floor":16.0,"turns":7.0},{"damage":23.0,"enemies":"2 Thieves","floor":18.0,"turns":4.0},{"damage":32.0,"enemies":"Masked Bandits","floor":19.0,"turns":4.0},{"damage":0.0,"enemies":"Chosen","floor":20.0,"turns":5.0},{"damage":4,"enemies":"Shelled Parasite and Fungi","floor":22,"turns":2}],"seed_played":"-1212265247889616336","potions_obtained":[{"floor":1.0,"key":"SkillPotion"},{"floor":2.0,"key":"FearPotion"},{"floor":12.0,"key":"ColorlessPotion"},{"floor":14.0,"key":"EntropicBrew"},{"floor":19.0,"key":"Block Potion"}],"is_trial":false,"path_per_floor":["M","M","?","?","$","E","R","M","T","E","$","E","R","E","R","B",null,"M","?","M","?","M"],"character_chosen":"DEFECT","items_purchased":["Capacitor","Conserve Battery","Apotheosis"],"campfire_rested":1,"item_purchase_floors":[5,5,11],"current_hp_per_floor":[68,68,57,39,39,39,39,39,39,35,35,5,27,14,14,10,59,36,4,4,4,0,0],"gold":208,"neow_bonus":"THREE_ENEMY_KILL","is_daily":false,"chose_seed":false,"campfire_upgraded":2,"win_rate":0.0,"timestamp":1608720033,"path_taken":["M","M","?","?","$","E","R","M","T","E","$","E","R","E","R","BOSS","M","?","M","?","?"],"items_purchased_type":["Card","Card","Card"],"build_version":"2020-12-22","purchased_purges":0,"victory":false,"max_hp_per_floor":[75,75,75,75,75,75,75,75,75,75,75,75,75,75,75,75,75,75,75,75,75,75,75],"card_choices":[{"not_picked":["Gash","Steam"],"picked":"Loop","floor":1.0},{"not_picked":["Hologram","Barrage","Turbo"],"picked":"SKIP","floor":2.0},{"not_picked":["Meteor Strike","Rebound","Stack"],"picked":"SKIP","floor":6.0},{"not_picked":["Meteor Strike","Rebound","Stack"],"picked":"SKIP","floor":6.0},{"not_picked":["Barrage","Turbo"],"picked":"FTL","floor":8.0},{"not_picked":["Undo","Sweeping Beam"],"picked":"Thunder Strike","floor":10.0},{"not_picked":["Compile Driver","Streamline"],"picked":"Consume","floor":12.0},{"not_picked":["Hologram","Ball Lightning"],"picked":"Electrodynamics","floor":14.0},{"not_picked":["Electrodynamics","Hyperbeam"],"picked":"Core Surge","floor":16.0},{"not_picked":["Streamline","Leap","Conserve Battery"],"picked":"SKIP","floor":18.0},{"not_picked":["Compile Driver","Tempest"],"picked":"White Noise","floor":19.0},{"not_picked":["Steam","Ball Lightning"],"picked":"Barrage","floor":20.0}],"player_experience":76090,"relics_obtained":[{"floor":6.0,"key":"Nunchaku"},{"floor":9.0,"key":"War Paint"},{"floor":10.0,"key":"Art of War"},{"floor":12.0,"key":"Lantern"},{"floor":14.0,"key":"Bronze Scales"},{"floor":19.0,"key":"Red Mask"}],"event_choices":[{"damage_healed":0.0,"max_hp_gain":0.0,"max_hp_loss":0.0,"gold_gain":75.0,"event_name":"World of Goop","player_choice":"Gather Gold","floor":3.0,"gold_loss":0.0,"damage_taken":11.0},{"damage_healed":0.0,"max_hp_gain":0.0,"max_hp_loss":0.0,"gold_gain":0.0,"event_name":"Golden Idol","player_choice":"Take Damage","floor":4.0,"gold_loss":0.0,"damage_taken":18.0,"relics_obtained":["Golden Idol"]},{"damage_healed":0.0,"max_hp_gain":0.0,"max_hp_loss":0.0,"gold_gain":0.0,"event_name":"Masked Bandits","player_choice":"Fought Bandits","floor":19.0,"gold_loss":0.0,"damage_taken":0.0},{"damage_healed":0.0,"max_hp_gain":0.0,"max_hp_loss":0.0,"gold_gain":0.0,"event_name":"Addict","player_choice":"Obtained Relic","floor":21.0,"gold_loss":85.0,"damage_taken":0.0,"relics_obtained":["Tiny Chest"]}],"is_beta":false,"boss_relics":[{"not_picked":["Black Star","Philosopher\u0027s Stone"],"picked":"FrozenCore"}],"items_purged_floors":[],"is_endless":false,"potions_floor_spawned":[1,2,12,14,19],"killed_by":"Shelled Parasite and Fungi","ascension_level":11}}