{"host":"cyiefo55v5hz1ih5","time":1608705455,"event":{"mods":["2.2 Compatiblity","AchievementEnabler","BaseMod","GifTheSpireLib","Hermit","Hubris","Minty Spire (QoL Compilation)","Replay The Spire","Robot Space Explorer","Spicy Shops","StSLib"],"gold_per_floor":[119,138,138,16,30,58,71,88,88,88,88,138,138,154,154,250,350,368,368,467,467,487,487,487,487,511,530,557,569,599,613,613,712,712,729,418,418,433,453,453,453,453,498,510,545,473,473,502,502,502,502,502,425,452,452,452],"floor_reached":55,"playtime":4983,"items_purged":["hermit:Strike_Hermit","hermit:Strike_Hermit","hermit:Strike_Hermit"],"score":765,"play_id":"c4b19c51-d5e3-44a3-8758-8f77f64a2f2e","local_time":"20201223013735","is_ascension_mode":false,"campfire_choices":[{"floor":11,"key":"REST"},{"data":"hermit:Determination","floor":13,"key":"SMITH"},{"data":"hermit:Vantage","floor":15,"key":"SMITH"},{"floor":23,"key":"RECALL"},{"data":"hermit:FatalDesire","floor":25,"key":"SMITH"},{"floor":32,"key":"REST"},{"floor":40,"key":"REST"},{"data":"hermit:ShadowCloak","floor":42,"key":"SMITH"},{"data":"hermit:TakeAim","floor":47,"key":"SMITH"},{"floor":49,"key":"REST"},{"data":"hermit:Roughhouse","floor":52,"key":"SMITH"}],"circlet_count":0,"master_deck":["hermit:Defend_Hermit","hermit:Defend_Hermit","hermit:Defend_Hermit","hermit:Defend_Hermit","hermit:Snapshot","hermit:Covet","hermit:FatalDesire+1","hermit:Headshot","hermit:Magnum","hermit:Determination+1","hermit:Deadeye","hermit:Vantage+1","hermit:Malice","hermit:Roughhouse+1","hermit:ShadowCloak+1","hermit:Gestalt+1","hermit:HoleUp","hermit:Snipe","hermit:TakeAim+1"],"relics":["hermit:ClaspedLocket","MealTicket","Toy Ornithopter","ReplayTheSpireMod:CursedCoin","Replay:Wanted Poster","MutagenicStrength","hubris:Towel","Singing Bowl","Bag of Marbles","Strawberry","Ancient Tea Set","Chameleon Ring","Replay:Rubber Ducky","Bag of Preparation","hubris:DeckOfHolding"],"acts_visited":["Exordium","TheCity","TheBeyond","TheEnding"],"potions_floor_usage":[16,22,28,29,33,33,50,54,55],"damage_taken":[{"damage":2,"enemies":"Small Slimes","floor":1,"turns":5},{"damage":1,"enemies":"Cultist","floor":2,"turns":3},{"damage":1,"enemies":"Jaw Worm","floor":5,"turns":3},{"damage":21,"enemies":"3 Sentries","floor":6,"turns":8},{"damage":10,"enemies":"Exordium Thugs","floor":7,"turns":2},{"damage":5,"enemies":"Looter","floor":8,"turns":3},{"damage":6,"enemies":"Red Slaver","floor":14,"turns":2},{"damage":17,"enemies":"The Guardian","floor":16,"turns":11},{"damage":7,"enemies":"Chosen","floor":18,"turns":4},{"damage":15,"enemies":"2 Thieves","floor":22,"turns":3},{"damage":16,"enemies":"Snake Plant","floor":27,"turns":3},{"damage":1,"enemies":"Gremlin Leader","floor":28,"turns":7},{"damage":18,"enemies":"Shelled Parasite and Fungi","floor":29,"turns":2},{"damage":22,"enemies":"Book of Stabbing","floor":30,"turns":7},{"damage":0,"enemies":"3 Cultists","floor":31,"turns":5},{"damage":32,"enemies":"hubris:MusketHawk","floor":33,"turns":9},{"damage":60,"enemies":"3 Darklings","floor":35,"turns":5},{"damage":0,"enemies":"Orb Walker","floor":38,"turns":2},{"damage":0,"enemies":"Transient","floor":39,"turns":5},{"damage":7,"enemies":"Sphere and 2 Shapes","floor":44,"turns":5},{"damage":12,"enemies":"R_Hoarder","floor":45,"turns":13},{"damage":46,"enemies":"Reptomancer","floor":48,"turns":9},{"damage":65,"enemies":"Donu and Deca","floor":50,"turns":13},{"damage":67,"enemies":"Shield and Spear","floor":54,"turns":12},{"damage":39,"enemies":"The Heart","floor":55,"turns":4}],"seed_played":"-1116096109881525805","potions_obtained":[{"floor":2,"key":"SpeedPotion"},{"floor":6,"key":"Flashbang"},{"floor":8,"key":"SpeedPotion"},{"floor":22,"key":"Ancient Potion"},{"floor":28,"key":"Explosive Potion"},{"floor":31,"key":"hermit:BlackBile"},{"floor":35,"key":"Ancient Potion"},{"floor":39,"key":"LiquidMemories"},{"floor":41,"key":"Death Potion"}],"is_trial":false,"path_per_floor":["M","M","?","$","M","E","M","M","T","?","R","$","R","M","R","B",null,"M","?","?","?","M","R","?","R","T","M","E","M","E","M","R","B",null,"M","$","?","M","M","R","?","R","T","M","E","$","R","E","R","B",null,"R","$","E","B"],"character_chosen":"HERMIT","items_purchased":["hermit:Determination","ReplayTheSpireMod:CursedCoin","Strawberry","hermit:HoleUp","hermit:TakeAim","Bag of Preparation"],"campfire_rested":4,"item_purchase_floors":[4,12,36,36,46,53],"current_hp_per_floor":[73,72,72,72,71,50,40,35,35,35,57,72,72,66,66,54,75,68,68,68,68,58,58,58,58,58,42,48,37,17,19,43,23,85,27,49,49,51,53,82,82,82,82,75,77,92,92,48,78,18,102,102,102,42,8,8],"gold":452,"neow_bonus":"ONE_RANDOM_RARE_CARD","is_daily":false,"chose_seed":false,"campfire_upgraded":6,"win_rate":0.0,"timestamp":1608705455,"path_taken":["M","M","?","?","M","E","M","?","T","?","R","$","R","?","R","BOSS","M","?","?","?","M","R","?","R","T","?","E","M","E","M","R","BOSS","M","$","?","?","M","R","?","R","T","M","E","$","R","E","R","BOSS","R","$","E","BOSS"],"items_purchased_type":["Card","Relic","Relic","Card","Card","Relic"],"build_version":"2020-12-13","purchased_purges":3,"victory":false,"max_hp_per_floor":[75,75,75,75,75,75,75,75,75,75,75,75,75,75,75,75,75,75,75,75,75,75,75,75,75,75,75,77,79,81,83,83,85,85,87,94,94,96,98,98,98,98,98,98,100,100,100,102,102,102,102,102,102,104,104,104],"card_choices":[{"not_picked":["hermit:ItchyTrigger","hermit:CalledShot"],"picked":"hermit:Headshot","floor":1},{"not_picked":["hermit:WideOpen","hermit:Gestalt","hermit:ItchyTrigger"],"picked":"SKIP","floor":2},{"not_picked":["hermit:Combo","hermit:Coalescence"],"picked":"hermit:Deadeye","floor":5},{"not_picked":["hermit:Deadeye","hermit:Coalescence","hermit:TrackingShot"],"picked":"SKIP","floor":6},{"not_picked":["hermit:Spite","hermit:DeadOrAlive"],"picked":"hermit:Vantage","floor":7},{"not_picked":["hermit:WideOpen","hermit:Dive","hermit:Cheat"],"picked":"SKIP","floor":8},{"not_picked":["hermit:BodyArmor","hermit:HighCaliber"],"picked":"hermit:Malice","floor":14},{"not_picked":["hermit:DeadOrAlive","hermit:BlackWind"],"picked":"hermit:Roughhouse","floor":16},{"not_picked":["hermit:Dive","hermit:TakeCover+1"],"picked":"hermit:ShadowCloak","floor":18},{"not_picked":["hermit:Misfire","hermit:Determination","hermit:BlackWind"],"picked":"SKIP","floor":22},{"not_picked":["hermit:Misfire","hermit:WideOpen"],"picked":"hermit:Gestalt+1","floor":27},{"not_picked":["hermit:Roughhouse","hermit:Spite","hermit:SprayPray"],"picked":"Singing Bowl","floor":28},{"not_picked":["hermit:Headshot","hermit:SprayPray","hermit:Roulette"],"picked":"Singing Bowl","floor":29},{"not_picked":["hermit:Cheat","hermit:Roughhouse","hermit:TrackingShot"],"picked":"Singing Bowl","floor":30},{"not_picked":["hermit:FullyLoaded","hermit:Misfire","hermit:BigShot"],"picked":"Singing Bowl","floor":31},{"not_picked":["hermit:Gambit","hermit:FatalDesire","hermit:FromBeyond"],"picked":"Singing Bowl","floor":33},{"not_picked":["hermit:BodyArmor+1","hermit:Quickdraw","hermit:HoleUp"],"picked":"Singing Bowl","floor":35},{"not_picked":["hermit:Showdown+1","hermit:TrackingShot+1","hermit:Ricochet"],"picked":"Singing Bowl","floor":38},{"not_picked":["hermit:Determination+1","hermit:HighCaliber+1","hermit:SprayPray+1"],"picked":"Singing Bowl","floor":39},{"not_picked":["hermit:Vantage","hermit:Enervate"],"picked":"hermit:Snipe","floor":44},{"not_picked":["hermit:Grudge+1","hermit:HighCaliber+1","hermit:BigShot+1"],"picked":"Singing Bowl","floor":45},{"not_picked":["hermit:FatalDesire","hermit:Vantage","hermit:Deadeye+1"],"picked":"Singing Bowl","floor":48},{"not_picked":["hermit:Headshot","hermit:LowProfile","hermit:Snipe"],"picked":"Singing Bowl","floor":54}],"player_experience":717442,"relics_obtained":[{"floor":6,"key":"MealTicket"},{"floor":9,"key":"Toy Ornithopter"},{"floor":28,"key":"Singing Bowl"},{"floor":30,"key":"Bag of Marbles"},{"floor":43,"key":"Ancient Tea Set"},{"floor":45,"key":"Chameleon Ring"},{"floor":48,"key":"Replay:Rubber Ducky"},{"floor":54,"key":"hubris:DeckOfHolding"}],"event_choices":[{"damage_healed":0,"gold_gain":0,"player_choice":"1 cards matched","damage_taken":0,"max_hp_gain":0,"max_hp_loss":0,"event_name":"Match and Keep!","floor":3,"gold_loss":0,"cards_obtained":["hermit:Magnum"]},{"cards_removed":["hermit:Strike_Hermit"],"damage_healed":0,"gold_gain":0,"player_choice":"Purged","damage_taken":0,"max_hp_gain":0,"max_hp_loss":0,"event_name":"Purifier","floor":10,"gold_loss":0},{"damage_healed":0,"gold_gain":0,"player_choice":"Inject Mutagens","damage_taken":0,"relics_obtained":["MutagenicStrength"],"max_hp_gain":0,"max_hp_loss":0,"event_name":"Drug Dealer","floor":19,"gold_loss":0},{"damage_healed":0,"gold_gain":99,"player_choice":"Stole From Cult","damage_taken":0,"max_hp_gain":0,"max_hp_loss":0,"event_name":"Nest","floor":20,"gold_loss":0},{"damage_healed":0,"gold_gain":0,"player_choice":"Ignored","damage_taken":0,"max_hp_gain":0,"max_hp_loss":0,"event_name":"Ghosts","floor":24,"gold_loss":0},{"cards_removed":["CommonCold"],"damage_healed":0,"gold_gain":0,"player_choice":"Removed Curses","damage_taken":0,"max_hp_gain":0,"max_hp_loss":0,"event_name":"Fountain of Cleansing","floor":37,"gold_loss":0},{"damage_healed":0,"gold_gain":0,"player_choice":"Got Potions","damage_taken":0,"max_hp_gain":0,"max_hp_loss":0,"event_name":"Lab","floor":41,"gold_loss":0}],"is_beta":false,"boss_relics":[{"not_picked":["Replay:Bronze Core","Astrolabe"],"picked":"Replay:Wanted Poster"},{"not_picked":["hubris:Backtick","Ring of Chaos"],"picked":"hermit:ClaspedLocket"}],"items_purged_floors":[4,12,36],"is_endless":false,"potions_floor_spawned":[2,6,8,22,28,31,35,39],"killed_by":"The Heart","ascension_level":0}}