{"host":"nox","time":1608746317,"event":{"mods":["Act Like it!","Aspiration","BaseMod","Better Altar","Better Match","Better Note","Better Sensory Stone","Better Skull","Better Third Choice","BetterRewards","Colored Powertips","Conspire","Energized Spire","GifTheSpireLib","Hubris","Infinite Spire","Minty Spire (QoL Compilation)","Pale of the Ancients","Quick Restart","Rare Cards Sparkle","Replay The Spire","Shop Mod","Spikes Relics","StSLib","Stuff the Spire","SuperFastMode","The Alterego","vexMod"],"gold_per_floor":[117,127,52,52,66,99,110,138,218,277,277,303,328,353,353,476,476,499,499,499,519,479,489,489],"floor_reached":23,"playtime":737,"items_purged":["Strike_B","Strike_B"],"score":274,"play_id":"6d68794b-74c6-4c06-98be-faff29e75a2d","local_time":"20201224005837","is_ascension_mode":true,"campfire_choices":[{"floor":11.0,"key":"REST"},{"floor":15.0,"key":"REST"}],"circlet_count":0,"master_deck":["Strike_B","Defend_B+1","Defend_B+1","Defend_B+1","Defend_B+1","Zap+1","Dualcast+1","Gash","Gash","Static Discharge","Rebound","Machine Learning+1","Machine Learning+1","infinitespire:NeuralNetwork"],"relics":["vexMod:ImprovementManual","infinitespire:Freezer","MealTicket","Replay:Bandana","conspire:SpecialSausage","hubris:MobiusCoin"],"acts_visited":["Exordium","TheCity"],"potions_floor_usage":[],"damage_taken":[{"damage":8.0,"enemies":"2 Louse","floor":1.0,"turns":2.0},{"damage":1.0,"enemies":"Cultist","floor":2.0,"turns":3.0},{"damage":0.0,"enemies":"Small Slimes","floor":5.0,"turns":3.0},{"damage":18.0,"enemies":"3 Sentries","floor":6.0,"turns":6.0},{"damage":0.0,"enemies":"Blue Slaver","floor":7.0,"turns":4.0},{"damage":14.0,"enemies":"Gremlin Nob","floor":8.0,"turns":4.0},{"damage":26.0,"enemies":"Gremlin Nob","floor":10.0,"turns":4.0},{"damage":1.0,"enemies":"Looter","floor":12.0,"turns":4.0},{"damage":4.0,"enemies":"3 Louse","floor":13.0,"turns":4.0},{"damage":12.0,"enemies":"Large Slime","floor":14.0,"turns":5.0},{"damage":2.0,"enemies":"Slime Boss","floor":16.0,"turns":6.0},{"damage":8.0,"enemies":"Shell Parasite","floor":18.0,"turns":6.0},{"damage":8.0,"enemies":"3 Byrds","floor":21.0,"turns":2.0},{"damage":58,"enemies":"Slavers","floor":23,"turns":3}],"seed_played":"-908844567125945163","potions_obtained":[{"floor":2.0,"key":"Explosive Potion"},{"floor":6.0,"key":"AttackPotion"},{"floor":7.0,"key":"BlessingOfTheForge"},{"floor":10.0,"key":"PowerPotion"},{"floor":12.0,"key":"Fire Potion"},{"floor":14.0,"key":"GamblersBrew"},{"floor":18.0,"key":"Explosive Potion"}],"is_trial":false,"path_per_floor":["M","M","$","?","M","E","M","E","T","?","R","M","M","M","R","B",null,"M","?","AVR","M","?","E"],"character_chosen":"DEFECT","items_purchased":[],"campfire_rested":2,"item_purchase_floors":[],"current_hp_per_floor":[60,59,59,59,59,41,41,27,27,1,23,22,18,6,28,26,63,55,55,55,47,47,0,0],"gold":489,"neow_bonus":"BOSS_RELIC","is_daily":false,"chose_seed":false,"campfire_upgraded":0,"win_rate":0.0,"timestamp":1608746317,"path_taken":["M","M","$","?","M","E","?","E","T","?","R","M","M","M","R","BOSS","M","?","AVR","?","?","E"],"items_purchased_type":[],"build_version":"2020-11-17","purchased_purges":2,"victory":false,"max_hp_per_floor":[75,75,75,75,75,75,75,75,75,75,75,75,75,75,75,75,75,75,75,75,75,75,75,75],"card_choices":[{"not_picked":["Scrape","BasicCrystalCard","Streamline"],"picked":"SKIP","floor":1.0},{"not_picked":["Ball Lightning","Consume"],"picked":"Gash","floor":2.0},{"not_picked":["Crystallizer","Reinforced Body"],"picked":"Gash","floor":5.0},{"not_picked":["Rip and Tear","conspire:Rain"],"picked":"Static Discharge","floor":6.0},{"not_picked":["Steam","Compile Driver"],"picked":"Rebound","floor":7.0},{"not_picked":["Chaos","Ball Lightning"],"picked":"Machine Learning","floor":8.0},{"not_picked":["Beam Cell","Thunder Strike","Go for the Eyes"],"picked":"SKIP","floor":12.0},{"not_picked":["Genetic Algorithm","Lockon","Sweeping Beam"],"picked":"SKIP","floor":13.0},{"not_picked":["Sweeping Beam","Streamline","conspire:SharedLibrary"],"picked":"SKIP","floor":14.0},{"not_picked":["Fission","Biased Cognition"],"picked":"Machine Learning","floor":16.0},{"not_picked":["Streamline","Auto Shields","Steam"],"picked":"SKIP","floor":18.0},{"not_picked":["Loop","Barrage","Panic Button+1"],"picked":"SKIP","floor":21.0}],"player_experience":251324,"relics_obtained":[{"floor":6.0,"key":"infinitespire:Freezer"},{"floor":8.0,"key":"MealTicket"},{"floor":10.0,"key":"Replay:Bandana"}],"event_choices":[{"damage_healed":0.0,"max_hp_gain":0.0,"max_hp_loss":0.0,"gold_gain":0.0,"event_name":"Accursed Blacksmith","player_choice":"Forge","floor":4.0,"gold_loss":0.0,"damage_taken":0.0,"cards_upgraded":["Defend_B"]},{"damage_healed":0.0,"max_hp_gain":0.0,"max_hp_loss":0.0,"gold_gain":0.0,"event_name":"Dead Adventurer","player_choice":"Searched \u00271\u0027 times","floor":10.0,"gold_loss":0.0,"damage_taken":0.0},{"cards_removed":["Strike_B"],"damage_healed":0.0,"max_hp_gain":0.0,"max_hp_loss":0.0,"gold_gain":0.0,"event_name":"Purifier","player_choice":"Purged","floor":19.0,"gold_loss":0.0,"damage_taken":0.0},{"damage_healed":0.0,"max_hp_gain":0.0,"max_hp_loss":0.0,"gold_gain":0.0,"event_name":"Designer","player_choice":"Upgraded Two","floor":22.0,"gold_loss":40.0,"damage_taken":0.0,"cards_upgraded":["Machine Learning","Machine Learning"]}],"is_beta":true,"boss_relics":[{"not_picked":["Replay:Grab Bag","Busted Crown"],"picked":"conspire:SpecialSausage"}],"items_purged_floors":[3,20],"is_endless":false,"potions_floor_spawned":[2,6,7,10,12,14,18],"killed_by":"Slavers","ascension_level":7}}