{"host":"lh9qfzqeqctr28d2","time":1608709851,"event":{"mods":["BaseMod","Minty Spire (QoL Compilation)","Quick Restart","Relic Stats","Remilia£®¿Ÿ√◊¿Ú—«£©","StSLib"],"gold_per_floor":[113,113,113,131,81,115,115,128,152,126,151,170,196,234,234,364,364,387,387,52,52,76,76,76,100,125,125,158,158,176,190,190,311,311,326,346,409,427,448,448,448,448,448,464,464,60,87,111,111,111],"floor_reached":51,"playtime":3819,"items_purged":["Envy_TH","Defend_RM"],"score":827,"play_id":"44402fac-3f85-4cde-8cde-868baed6b140","local_time":"20201223155051","is_ascension_mode":false,"campfire_choices":[{"data":"RedMoon","floor":7.0,"key":"SMITH"},{"data":"UnderTheZenith","floor":15.0,"key":"SMITH"},{"data":"TransientEternity","floor":23.0,"key":"SMITH"},{"data":"RedRainbow","floor":32.0,"key":"SMITH"},{"data":"MastersStateliness","floor":40.0,"key":"SMITH"},{"floor":45,"key":"REST"},{"data":"BloodySeventeenLaser","floor":49,"key":"SMITH"}],"circlet_count":0,"master_deck":["Defend_RM+1","RedMoon+1","ScarletShoot","MastersStateliness+1","BombardNight","MillenniumVampire+1","ScarletDevil","UnderTheZenith+1","Stigmanizer","ReincarnationDial","RedRainbow+1","TransientEternity+1","VampireFantasy","ScarletDream+1","AfternoonTea","EquivalentExchange","VampireKiss","Writhe","DiffusionOfMisfortune","BloodySeventeenLaser+1","DemonKingCradle+1","MiserableFate+1","ChainGang+1","ScarletNetherworld+1","BloodHunter+1","NightLord+1","ScarletImprint+1"],"relics":["ScarletHat","NeowsBlessing","Golden Idol","Juzu Bracelet","Bag of Marbles","Pen Nib","Nunchaku","Sozu","Letter Opener","Strawberry","Lantern","Bronze Scales","Bag of Preparation","Tiny Chest","Astrolabe","Calipers","Molten Egg 2","War Paint","HandDrill","Vajra"],"acts_visited":["Exordium","TheCity","TheBeyond"],"potions_floor_usage":[],"damage_taken":[{"damage":0.0,"enemies":"Jaw Worm","floor":1.0,"turns":1.0},{"damage":0.0,"enemies":"2 Louse","floor":4.0,"turns":1.0},{"damage":0.0,"enemies":"Lagavulin","floor":6.0,"turns":1.0},{"damage":0.0,"enemies":"Small Slimes","floor":8.0,"turns":2.0},{"damage":0.0,"enemies":"Looter","floor":11.0,"turns":4.0},{"damage":0.0,"enemies":"Large Slime","floor":12.0,"turns":6.0},{"damage":9.0,"enemies":"Gremlin Nob","floor":14.0,"turns":4.0},{"damage":35.0,"enemies":"The Guardian","floor":16.0,"turns":13.0},{"damage":0.0,"enemies":"2 Thieves","floor":18.0,"turns":1.0},{"damage":0.0,"enemies":"3 Byrds","floor":22.0,"turns":2.0},{"damage":0.0,"enemies":"Cultist and Chosen","floor":25.0,"turns":2.0},{"damage":0.0,"enemies":"Book of Stabbing","floor":28.0,"turns":4.0},{"damage":0.0,"enemies":"Snecko","floor":30.0,"turns":2.0},{"damage":0.0,"enemies":"Snake Plant","floor":31.0,"turns":3.0},{"damage":0.0,"enemies":"Champ","floor":33.0,"turns":9.0},{"damage":12.0,"enemies":"Orb Walker","floor":35.0,"turns":3.0},{"damage":13.0,"enemies":"3 Shapes","floor":36.0,"turns":3.0},{"damage":19.0,"enemies":"Mind Bloom Boss Battle","floor":37.0,"turns":3.0},{"damage":0.0,"enemies":"Sphere and 2 Shapes","floor":38.0,"turns":3.0},{"damage":60.0,"enemies":"Spire Growth","floor":39.0,"turns":4.0},{"damage":0,"enemies":"3 Darklings","floor":44,"turns":5},{"damage":0,"enemies":"Writhing Mass","floor":48,"turns":5},{"damage":90,"enemies":"Time Eater","floor":50,"turns":6}],"seed_played":"-5710385806406527972","potions_obtained":[{"floor":1.0,"key":"Regen Potion"},{"floor":4.0,"key":"BlessingOfTheForge"},{"floor":6.0,"key":"Swift Potion"},{"floor":12.0,"key":"Explosive Potion"}],"is_trial":false,"path_per_floor":["M","?","?","M","?","E","R","M","T","$","M","M","T","E","R","B",null,"M","?","$","?","M","R","T","M","T","?","E","?","M","M","R","B",null,"M","M","?","M","M","R","?","?","T","M","R","$","T","M","R","B",null],"character_chosen":"REMILIA","items_purchased":["UnderTheZenith","Letter Opener","War Paint","HandDrill"],"campfire_rested":1,"item_purchase_floors":[10,20,46,46],"current_hp_per_floor":[75,57,75,75,75,75,75,75,75,75,75,75,75,66,66,38,75,75,75,75,82,82,82,82,82,82,82,82,82,82,82,82,82,82,74,69,66,69,61,61,61,61,61,62,82,82,82,82,82,9],"gold":111,"neow_bonus":"THREE_ENEMY_KILL","is_daily":false,"chose_seed":false,"campfire_upgraded":6,"win_rate":0.0,"timestamp":1608709851,"path_taken":["M","?","?","M","?","E","R","M","T","$","M","M","?","E","R","BOSS","M","?","$","?","M","R","?","M","T","?","E","?","M","M","R","BOSS","M","M","?","M","M","R","?","?","T","M","R","$","?","M","R","BOSS"],"items_purchased_type":["Card","Relic","Relic","Relic"],"build_version":"2020-12-22","purchased_purges":2,"victory":true,"max_hp_per_floor":[75,75,75,75,75,75,75,75,75,75,75,75,75,75,75,75,75,75,75,75,82,82,82,82,82,82,82,82,82,82,82,82,82,82,82,82,82,82,82,82,82,82,82,82,82,82,82,82,82,82],"relic_stats":{"counters":[23,87],"Golden Idol":172,"Astrolabe":["DemonKingCradle","MiserableFate","ChainGang"],"Pen Nib":[16],"Juzu Bracelet":1,"Bag of Preparation":[22],"Letter Opener":[128],"War Paint":["MillenniumVampire","Defend_RM"],"Sozu":4,"Nunchaku":[15],"Bronze Scales":[132],"Tiny Chest":1,"HandDrill":[10],"obtain_stats":[{"Lantern":24,"Calipers":37,"NeowsBlessing":0,"Golden Idol":2,"Astrolabe":34,"Vajra":47,"Pen Nib":13,"Juzu Bracelet":6,"Bag of Preparation":28,"Letter Opener":20,"War Paint":46,"ScarletHat":0,"Sozu":17,"Nunchaku":14,"Strawberry":21,"Bronze Scales":26,"Tiny Chest":29,"Molten Egg 2":43,"Bag of Marbles":9,"HandDrill":46},{"Lantern":10,"Calipers":18,"NeowsBlessing":0,"Golden Idol":1,"Astrolabe":15,"Vajra":21,"Pen Nib":6,"Juzu Bracelet":3,"Bag of Preparation":12,"Letter Opener":9,"War Paint":21,"ScarletHat":0,"Sozu":8,"Nunchaku":7,"Strawberry":9,"Bronze Scales":11,"Tiny Chest":12,"Molten Egg 2":20,"Bag of Marbles":4,"HandDrill":21},{"Lantern":35,"Calipers":64,"NeowsBlessing":0,"Golden Idol":1,"Astrolabe":55,"Vajra":76,"Pen Nib":15,"Juzu Bracelet":3,"Bag of Preparation":41,"Letter Opener":33,"War Paint":76,"ScarletHat":0,"Sozu":32,"Nunchaku":19,"Strawberry":33,"Bronze Scales":37,"Tiny Chest":41,"Molten Egg 2":71,"Bag of Marbles":5,"HandDrill":76}]},"card_choices":[{"not_picked":["StarOfDavid","DevilSight"],"picked":"MastersStateliness","floor":1.0},{"not_picked":["FavorOfDestiny","MastersStateliness"],"picked":"BombardNight","floor":4.0},{"not_picked":["RedMagic","BombardNight"],"picked":"MillenniumVampire","floor":6.0},{"not_picked":["EndlessAdversity","DiffusionOfMisfortune"],"picked":"ScarletDevil","floor":8.0},{"not_picked":["BadLadyScramble","DiffusionOfMisfortune"],"picked":"Stigmanizer","floor":11.0},{"not_picked":["HellCatastrophe","ScarletDevil"],"picked":"ReincarnationDial","floor":12.0},{"not_picked":["CharismaGuard","BombardNight"],"picked":"RedRainbow","floor":14.0},{"not_picked":["CeilingFear","TricksterDevil"],"picked":"TransientEternity","floor":16.0},{"not_picked":["CharismaGuard","MastersStateliness"],"picked":"VampireFantasy","floor":18.0},{"not_picked":["DevilSight+1","BlasphemousPunishment"],"picked":"ScarletDream+1","floor":22.0},{"not_picked":["Ultimatum","DiffusionOfMisfortune+1"],"picked":"AfternoonTea","floor":25.0},{"not_picked":["UnstableMagic","ScarletDevil"],"picked":"VampireKiss","floor":28.0},{"not_picked":["CharismaGuard","VampireKiss","MastersStateliness"],"picked":"SKIP","floor":30.0},{"not_picked":["ScarletImprint","EndlessAdversity"],"picked":"DiffusionOfMisfortune","floor":31.0},{"not_picked":["CurseOfVladTepes","BloodRain"],"picked":"BloodySeventeenLaser","floor":33.0},{"not_picked":["BloodHunter","DevilSight+1"],"picked":"ScarletNetherworld+1","floor":35.0},{"not_picked":["ScarletGensokyo","EndlessAdversity+1"],"picked":"BloodHunter+1","floor":36.0},{"not_picked":["NightDance","CharismaGuard"],"picked":"StarOfDavid","floor":37.0},{"not_picked":["ScarletDevil+1","RedRainbow","StarOfDavid+1"],"picked":"SKIP","floor":38.0},{"not_picked":["RedMagic+1","ChainGang","RedRainbow+1"],"picked":"SKIP","floor":39.0},{"not_picked":["BloodyTrap+1","RedMagic"],"picked":"NightLord+1","floor":44},{"not_picked":["BloodyMagicSquare+1","StarOfDavid+1"],"picked":"ScarletImprint+1","floor":48}],"player_experience":342434,"relics_obtained":[{"floor":6.0,"key":"Juzu Bracelet"},{"floor":9.0,"key":"Bag of Marbles"},{"floor":13.0,"key":"Pen Nib"},{"floor":14.0,"key":"Nunchaku"},{"floor":24.0,"key":"Lantern"},{"floor":26.0,"key":"Bronze Scales"},{"floor":28.0,"key":"Bag of Preparation"},{"floor":37.0,"key":"Calipers"},{"floor":43.0,"key":"Molten Egg 2"},{"floor":47,"key":"Vajra"}],"event_choices":[{"damage_healed":0.0,"max_hp_gain":0.0,"max_hp_loss":0.0,"gold_gain":0.0,"event_name":"Golden Idol","player_choice":"Take Damage","floor":2.0,"gold_loss":0.0,"damage_taken":18.0,"relics_obtained":["Golden Idol"]},{"damage_healed":25.0,"max_hp_gain":0.0,"max_hp_loss":0.0,"gold_gain":0.0,"event_name":"Big Fish","player_choice":"Banana","floor":3.0,"gold_loss":0.0,"damage_taken":0.0},{"cards_removed":["Strike_RM"],"damage_healed":0.0,"max_hp_gain":0.0,"max_hp_loss":0.0,"gold_gain":0.0,"event_name":"The Cleric","player_choice":"Card Removal","floor":5.0,"gold_loss":50.0,"damage_taken":0.0},{"damage_healed":0.0,"max_hp_gain":0.0,"max_hp_loss":0.0,"gold_gain":0.0,"event_name":"The Library","player_choice":"Read","floor":27.0,"gold_loss":0.0,"damage_taken":0.0,"cards_obtained":["EquivalentExchange"]},{"damage_healed":0.0,"max_hp_gain":0.0,"max_hp_loss":0.0,"gold_gain":0.0,"event_name":"The Mausoleum","player_choice":"Opened","floor":29.0,"gold_loss":0.0,"damage_taken":0.0,"relics_obtained":["Tiny Chest"],"cards_obtained":["Writhe"]},{"damage_healed":0.0,"max_hp_gain":0.0,"max_hp_loss":0.0,"gold_gain":0.0,"event_name":"MindBloom","player_choice":"Fight","floor":37.0,"gold_loss":0.0,"damage_taken":0.0},{"cards_removed":["StarOfDavid"],"damage_healed":0.0,"max_hp_gain":0.0,"max_hp_loss":0.0,"gold_gain":0.0,"event_name":"Falling","player_choice":"Removed Attack","floor":41.0,"gold_loss":0.0,"damage_taken":0.0},{"damage_healed":0.0,"max_hp_gain":0.0,"max_hp_loss":0.0,"gold_gain":0.0,"event_name":"SensoryStone","player_choice":"Memory 1","floor":42.0,"gold_loss":0.0,"damage_taken":0.0}],"is_beta":false,"boss_relics":[{"not_picked":["Empty Cage","Velvet Choker"],"picked":"Sozu"},{"not_picked":["Snecko Eye","Calling Bell"],"picked":"Astrolabe"}],"items_purged_floors":[20,46],"is_endless":false,"potions_floor_spawned":[1,4,6,12,25,28,36,44],"ascension_level":0}}