{"host":"640uue19m79c7wbt","time":1608758116,"event":{"mods":["BaseMod","Colored Map","Googly Eyes","Highlight Path","Minty Spire (QoL Compilation)","Quick Restart","StSLib"],"gold_per_floor":[109,109,186,186,207,207,242,242,242,260,284,9,9,29,29,154,154,169,129,147,147,161,161,48,48,48,48,48],"floor_reached":27,"playtime":926,"items_purged":["Strike_G"],"score":342,"play_id":"03818050-9ac8-4483-afac-51b970fcedb0","local_time":"20201223161516","is_ascension_mode":true,"campfire_choices":[{"data":"Tools of the Trade","floor":6.0,"key":"SMITH"},{"floor":15.0,"key":"REST"},{"floor":23,"key":"REST"}],"circlet_count":0,"master_deck":["Strike_G","Strike_G","Strike_G","Strike_G+1","Defend_G","Defend_G","Defend_G","Defend_G+1","Defend_G","Survivor","Neutralize","Skewer","Tools of the Trade+1","Bouncing Flask","Cloak And Dagger","Heel Hook","Backstab","Venomology+1","Terror+1","Adrenaline","Blade Dance","Infinite Blades"],"relics":["NeowsBlessing","Pen Nib","Singing Bowl","Golden Idol","FossilizedHelix","Sundial","Pantograph","SacredBark","MutagenicStrength","Nloth\u0027s Gift"],"acts_visited":["Exordium","TheCity"],"potions_floor_usage":[22],"damage_taken":[{"damage":0.0,"enemies":"Jaw Worm","floor":1.0,"turns":1.0},{"damage":0.0,"enemies":"Small Slimes","floor":5.0,"turns":1.0},{"damage":0.0,"enemies":"Lagavulin","floor":7.0,"turns":1.0},{"damage":0.0,"enemies":"2 Louse","floor":10.0,"turns":3.0},{"damage":4.0,"enemies":"Large Slime","floor":11.0,"turns":4.0},{"damage":0.0,"enemies":"Red Slaver","floor":14.0,"turns":4.0},{"damage":22.0,"enemies":"Hexaghost","floor":16.0,"turns":7.0},{"damage":0.0,"enemies":"Shell Parasite","floor":18.0,"turns":1.0},{"damage":7.0,"enemies":"3 Byrds","floor":20.0,"turns":5.0},{"damage":23,"enemies":"Shelled Parasite and Fungi","floor":22,"turns":7},{"damage":57,"enemies":"Book of Stabbing","floor":27,"turns":4}],"seed_played":"1265637971177835146","potions_obtained":[{"floor":1.0,"key":"SmokeBomb"},{"floor":10.0,"key":"Energy Potion"},{"floor":13.0,"key":"CunningPotion"},{"floor":13.0,"key":"LiquidBronze"},{"floor":13.0,"key":"ColorlessPotion"},{"floor":14.0,"key":"LiquidMemories"},{"floor":16.0,"key":"BlessingOfTheForge"}],"is_trial":false,"path_per_floor":["M","?","T","?","M","R","E","?","T","M","M","$","?","M","R","B",null,"M","?","M","?","M","R","$","?","T","E"],"character_chosen":"THE_SILENT","items_purchased":["Pantograph","Backstab","Infinite Blades"],"campfire_rested":2,"item_purchase_floors":[12,12,24],"current_hp_per_floor":[63,56,56,39,39,39,39,25,25,25,21,21,21,23,44,47,66,66,66,59,59,36,57,57,57,57,0,0],"gold":48,"neow_bonus":"THREE_ENEMY_KILL","is_daily":false,"chose_seed":false,"campfire_upgraded":1,"win_rate":0.0,"timestamp":1608758116,"path_taken":["M","?","?","?","M","R","E","?","T","M","M","$","?","M","R","BOSS","M","?","?","?","M","R","$","?","T","E"],"items_purchased_type":["Relic","Card","Card"],"build_version":"2020-12-22","purchased_purges":1,"victory":false,"max_hp_per_floor":[70,70,70,70,70,70,70,70,70,70,70,70,70,72,72,72,72,72,72,72,72,72,72,72,72,72,72,72],"card_choices":[{"not_picked":["Acrobatics","Prepared"],"picked":"Skewer","floor":1.0},{"not_picked":["Deflect","PiercingWail"],"picked":"Tools of the Trade","floor":5.0},{"not_picked":["Dagger Spray","Glass Knife"],"picked":"Bouncing Flask","floor":7.0},{"not_picked":["PiercingWail","Leg Sweep"],"picked":"Cloak And Dagger","floor":10.0},{"not_picked":["Dagger Throw","Dagger Spray"],"picked":"Heel Hook","floor":11.0},{"not_picked":["Deadly Poison","Leg Sweep","Calculated Gamble"],"picked":"Singing Bowl","floor":14.0},{"not_picked":["A Thousand Cuts","Die Die Die"],"picked":"Venomology","floor":16.0},{"not_picked":["Deflect","Setup"],"picked":"Terror+1","floor":18.0},{"not_picked":["Backflip","Slice"],"picked":"Adrenaline","floor":20.0},{"not_picked":["Cloak And Dagger","Concentrate"],"picked":"Blade Dance","floor":22}],"player_experience":1219631,"relics_obtained":[{"floor":3.0,"key":"Singing Bowl"},{"floor":7.0,"key":"FossilizedHelix"},{"floor":9.0,"key":"Sundial"}],"event_choices":[{"damage_healed":0.0,"max_hp_gain":0.0,"max_hp_loss":0.0,"gold_gain":0.0,"event_name":"Scrap Ooze","player_choice":"Success","floor":2.0,"gold_loss":0.0,"damage_taken":7.0,"relics_obtained":["Pen Nib"]},{"damage_healed":0.0,"max_hp_gain":0.0,"max_hp_loss":0.0,"gold_gain":0.0,"event_name":"Golden Idol","player_choice":"Take Damage","floor":4.0,"gold_loss":0.0,"damage_taken":17.0,"relics_obtained":["Golden Idol"]},{"damage_healed":0.0,"max_hp_gain":0.0,"max_hp_loss":0.0,"gold_gain":0.0,"event_name":"Shining Light","player_choice":"Entered Light","floor":8.0,"gold_loss":0.0,"damage_taken":14.0,"cards_upgraded":["Strike_G","Defend_G"]},{"damage_healed":0.0,"max_hp_gain":0.0,"max_hp_loss":0.0,"gold_gain":0.0,"event_name":"Lab","player_choice":"Got Potions","floor":13.0,"gold_loss":0.0,"damage_taken":0.0},{"damage_healed":0.0,"max_hp_gain":0.0,"max_hp_loss":0.0,"gold_gain":0.0,"event_name":"Designer","player_choice":"Upgrade","floor":19.0,"gold_loss":40.0,"damage_taken":0.0,"cards_upgraded":["Venomology"]},{"damage_healed":0.0,"max_hp_gain":0.0,"max_hp_loss":0.0,"gold_gain":0.0,"event_name":"Drug Dealer","player_choice":"Inject Mutagens","floor":21.0,"gold_loss":0.0,"damage_taken":0.0,"relics_obtained":["MutagenicStrength"]},{"damage_healed":0,"gold_gain":0,"player_choice":"Traded Relic","damage_taken":0,"relics_obtained":["Nloth\u0027s Gift"],"max_hp_gain":0,"max_hp_loss":0,"event_name":"N\u0027loth","floor":25,"relics_lost":["Ring of the Snake"],"gold_loss":0}],"is_beta":false,"boss_relics":[{"not_picked":["Tiny House","Fusion Hammer"],"picked":"SacredBark"}],"items_purged_floors":[24],"is_endless":false,"potions_floor_spawned":[1,10,14,16],"killed_by":"Book of Stabbing","ascension_level":9}}