{"host":"ye7dkdlypz0ka1od","time":1608763744,"event":{"mods":["Act Like it!","Aspiration","BaseMod","Better Third Choice","Gensokyo","Hallownest","Hubris","Infinite Spire","Marisa????????","Minty Spire (QoL Compilation)","Replay The Spire","StSLib","The Runesmith"],"gold_per_floor":[112,125,202,127,127,127,154,154,154,54,54,87,106,120,120,221,221,240,260,260,260,270,270,270,270],"floor_reached":24,"playtime":1060,"items_purged":["Strike_MRS","Strike_MRS","Strike_MRS"],"score":204,"play_id":"4c6f7e24-0b8b-4a34-8759-f3435ed2ac1c","local_time":"20201223174904","is_ascension_mode":false,"campfire_choices":[{"floor":6.0,"key":"REST"},{"data":"MilkyWay","floor":8.0,"key":"SMITH"},{"data":"StarBarrage","floor":11.0,"key":"SMITH"},{"floor":15.0,"key":"REST"},{"data":"BinaryStars","floor":23.0,"key":"SMITH"}],"circlet_count":0,"master_deck":["Strike_MRS","Defend_MRS","Defend_MRS","Defend_MRS","Defend_MRS","MasterSpark","UpSweep","Madness+1","MilkyWay+1","StarBarrage+1","OortCloud","BinaryStars+1","TreasureHunter","Fluid Movement","infinitespire:UltimateForm","SuperPerseids"],"relics":["MiniHakkero","Replay:Towering Pillar of Hats","Blue Candle","aspiration:DSix","Sozu","Runesmith:Locket"],"acts_visited":["Exordium","TheCity"],"potions_floor_usage":[24],"damage_taken":[{"damage":6.0,"enemies":"Jaw Worm","floor":1.0,"turns":3.0},{"damage":0.0,"enemies":"2 Louse","floor":2.0,"turns":3.0},{"damage":13.0,"enemies":"Gremlin Nob","floor":7.0,"turns":4.0},{"damage":8.0,"enemies":"3 Sentries","floor":12.0,"turns":6.0},{"damage":5.0,"enemies":"infinitespire:Voidling","floor":13.0,"turns":3.0},{"damage":8.0,"enemies":"3 Louse","floor":14.0,"turns":3.0},{"damage":14.0,"enemies":"Hexaghost","floor":16.0,"turns":8.0},{"damage":10.0,"enemies":"3 Byrds","floor":18.0,"turns":7.0},{"damage":9.0,"enemies":"2 Thieves","floor":19.0,"turns":4.0},{"damage":12.0,"enemies":"Chosen and Byrds","floor":22.0,"turns":6.0},{"damage":46,"enemies":"Book of Stabbing","floor":24,"turns":6}],"seed_played":"5211589312025102426","potions_obtained":[{"floor":1.0,"key":"Elixir"},{"floor":13.0,"key":"Elixir"}],"is_trial":false,"path_per_floor":["M","M","?","$","?","R","E","R","T","$","R","E","M","M","R","B",null,"M","M","?","AVR","M","R","E"],"character_chosen":"MARISA","items_purchased":[],"campfire_rested":2,"item_purchase_floors":[],"current_hp_per_floor":[69,69,39,39,39,61,48,48,48,48,48,40,35,27,49,35,75,65,56,56,56,44,44,0,0],"gold":270,"neow_bonus":"RANDOM_COLORLESS","is_daily":false,"chose_seed":false,"campfire_upgraded":3,"win_rate":0.0,"timestamp":1608763744,"path_taken":["M","M","?","$","?","R","E","R","T","$","R","E","?","M","R","BOSS","M","M","?","AVR","M","R","E"],"items_purchased_type":[],"build_version":"2020-12-22","purchased_purges":3,"victory":false,"max_hp_per_floor":[75,75,75,75,75,75,75,75,75,75,75,75,75,75,75,75,75,75,75,75,75,75,75,75,75],"card_choices":[{"not_picked":["Blind","Purity"],"picked":"Madness","floor":0.0},{"not_picked":["SporeBomb","EarthLightRay","MysteriousBeam"],"picked":"SKIP","floor":1.0},{"not_picked":["SporeBomb","Occultation"],"picked":"MilkyWay","floor":2.0},{"not_picked":["WitchLeyline","GalacticHalo"],"picked":"StarBarrage","floor":3.0},{"not_picked":["6A","GalacticHalo"],"picked":"OortCloud","floor":3.0},{"not_picked":["EnergyRecoil","PowerUp","Orbital"],"picked":"SKIP","floor":7.0},{"not_picked":["OrrerysSun","MysteriousBeam"],"picked":"BinaryStars","floor":12.0},{"not_picked":["NonDirectionalLaser","GravityBeat","Acceleration"],"picked":"SKIP","floor":13.0},{"not_picked":["IllusionStar","DarkMatter","GravityBeat"],"picked":"SKIP","floor":14.0},{"not_picked":["MaximisePower","SatelliteIllusion"],"picked":"TreasureHunter","floor":16.0},{"not_picked":["IllusionStar","WitchLeyline+1","PowerUp"],"picked":"SKIP","floor":18.0},{"not_picked":["WitchOfGreed","GrandCross","ChargeUpSpray"],"picked":"SKIP","floor":19.0},{"not_picked":["MysteriousBeam","SporeBomb+1"],"picked":"SuperPerseids","floor":22.0}],"player_experience":1385502,"relics_obtained":[{"floor":7.0,"key":"Replay:Towering Pillar of Hats"},{"floor":9.0,"key":"Blue Candle"},{"floor":12.0,"key":"aspiration:DSix"}],"event_choices":[{"damage_healed":0.0,"max_hp_gain":0.0,"max_hp_loss":0.0,"gold_gain":0.0,"event_name":"Accursed Blacksmith","player_choice":"Forge","floor":5.0,"gold_loss":0.0,"damage_taken":0.0,"cards_upgraded":["Madness"]},{"damage_healed":0.0,"max_hp_gain":0.0,"max_hp_loss":0.0,"gold_gain":0.0,"event_name":"The Library","player_choice":"Read","floor":20.0,"gold_loss":0.0,"damage_taken":0.0,"cards_obtained":["Fluid Movement"]}],"is_beta":false,"boss_relics":[{"not_picked":["Velvet Choker","Pandora\u0027s Box"],"picked":"Sozu"}],"items_purged_floors":[4,10,21],"is_endless":false,"potions_floor_spawned":[1,13,19,22],"killed_by":"Book of Stabbing","ascension_level":0}}