{"host":"hjw1ay65n7jm40lc","time":1608762567,"event":{"mods":["AchievementEnabler","BaseMod","Block Reminder","Colored Map","Colored Powertips","Downfall","Googly Eyes","Highlight Path","Minty Spire (QoL Compilation)","Quick Restart","Relic Stats","StSLib"],"gold_per_floor":[99,110,123,11,111,146,171,187,187,199,227,227,66,81,97,199,199,199,213,213,229,61,61,61,75,100,370,404,418,203,220,231,336,336,336,353,253,273,288,338,338,373,388,401,435,360,360,372,390,390],"floor_reached":51,"playtime":19357,"items_purged":["Slimebound:Strike_Slimebound","Slimebound:Tackle"],"score":851,"play_id":"c5ef87f7-13a0-49db-933c-b210c06c0c90","local_time":"20201223172927","is_ascension_mode":true,"campfire_choices":[{"data":"Slimebound:Split","floor":1.0,"key":"SMITH"},{"floor":9.0,"key":"REST"},{"data":"Slimebound:SelfFormingGoo","floor":12.0,"key":"SMITH"},{"data":"Slimebound:FirmFortitude","floor":18.0,"key":"SMITH"},{"data":"Slimebound:OneTwoCombo","floor":23.0,"key":"SMITH"},{"data":"Slimebound:MinionMaster","floor":35.0,"key":"SMITH"},{"data":"Slimebound:LeadByExample","floor":46.0,"key":"SMITH"}],"circlet_count":0,"master_deck":["Slimebound:Defend_Slimebound","Slimebound:Defend_Slimebound","Slimebound:Defend_Slimebound","Slimebound:Defend_Slimebound","Slimebound:Split+1","Slimebound:CorrosiveSpit","Slimebound:SplitAcid","Slimebound:SplitAcid","Slimebound:SelfFormingGoo+1","Slimebound:SplitBruiser","Slimebound:LevelUp","Slimebound:LeechingTouch","Slimebound:FirmFortitude+1","Slimebound:SplitLeeching+1","Slimebound:LivingWall+1","Slimebound:SplitBruiser+1","Slimebound:SplitBruiser+1","Slimebound:ServeAndProtect+1","Slimebound:MassRepurpose+1","Slimebound:RejuvenatingLick+1","Slimebound:SplitAcid+1","Slimebound:OneTwoCombo+1","Slimebound:SplitMire+1","Slimebound:MinionMaster+1","Slimebound:SlimeBarrage","Slimebound:Replication+1","Slimebound:SlimeBarrage+1","Slimebound:MassFeed+1","Slimebound:LeadByExample+1","Slimebound:SplitLeeching+1","Slimebound:Teamwork+1","Slimebound:SlimeTap+1"],"relics":["Runic Dome","Potion Belt","Toxic Egg 2","Regal Pillow","Pantograph","OrangePellets","Empty Cage","Anchor","Sundial","Dream Catcher","Molten Egg 2","Philosopher\u0027s Stone","Torii","Pear","Letter Opener","Slimebound:MaxSlimesRelic","downfall:HeartBlessingGreen"],"acts_visited":["Exordium","TheCity","TheBeyond"],"potions_floor_usage":[50,50],"damage_taken":[{"damage":12.0,"enemies":"Jaw Worm","floor":2.0,"turns":3.0},{"damage":12.0,"enemies":"Cultist","floor":3.0,"turns":3.0},{"damage":27.0,"enemies":"downfall:FleeingMerchant","floor":4.0,"turns":4.0},{"damage":34.0,"enemies":"downfall:LadyInBlue","floor":5.0,"turns":8.0},{"damage":27.0,"enemies":"Gremlin Nob","floor":6.0,"turns":3.0},{"damage":11.0,"enemies":"2 Louse","floor":8.0,"turns":1.0},{"damage":9.0,"enemies":"Lots of Slimes","floor":10.0,"turns":3.0},{"damage":20.0,"enemies":"Lagavulin","floor":11.0,"turns":4.0},{"damage":28.0,"enemies":"downfall:FleeingMerchant","floor":13.0,"turns":4.0},{"damage":21.0,"enemies":"2 Fungi Beasts","floor":14.0,"turns":3.0},{"damage":31.0,"enemies":"Exordium Thugs","floor":15.0,"turns":4.0},{"damage":54.0,"enemies":"downfall:Ironclad","floor":16.0,"turns":6.0},{"damage":17.0,"enemies":"3 Byrds","floor":19.0,"turns":3.0},{"damage":19.0,"enemies":"Shell Parasite","floor":21.0,"turns":5.0},{"damage":17.0,"enemies":"downfall:FleeingMerchant","floor":22.0,"turns":4.0},{"damage":8.0,"enemies":"3 Cultists","floor":25.0,"turns":2.0},{"damage":28.0,"enemies":"Book of Stabbing","floor":26.0,"turns":4.0},{"damage":33.0,"enemies":"downfall:FleeingMerchant","floor":27.0,"turns":3.0},{"damage":14.0,"enemies":"Gremlin Leader","floor":28.0,"turns":4.0},{"damage":9.0,"enemies":"Snake Plant","floor":29.0,"turns":3.0},{"damage":12.0,"enemies":"Cultist and Chosen","floor":31.0,"turns":3.0},{"damage":4.0,"enemies":"Centurion and Healer","floor":32.0,"turns":4.0},{"damage":23.0,"enemies":"downfall:Silent","floor":33.0,"turns":4.0},{"damage":13.0,"enemies":"3 Darklings","floor":36.0,"turns":2.0},{"damage":12.0,"enemies":"3 Shapes","floor":38.0,"turns":3.0},{"damage":4.0,"enemies":"3 Darklings","floor":39.0,"turns":2.0},{"damage":12.0,"enemies":"Mind Bloom Boss Battle","floor":40.0,"turns":3.0},{"damage":38.0,"enemies":"Nemesis","floor":42.0,"turns":3.0},{"damage":4.0,"enemies":"Sphere and 2 Shapes","floor":43.0,"turns":2.0},{"damage":4.0,"enemies":"Spire Growth","floor":44.0,"turns":3.0},{"damage":8.0,"enemies":"Reptomancer","floor":45.0,"turns":3.0},{"damage":20,"enemies":"Maw","floor":48,"turns":4},{"damage":7,"enemies":"Sphere and 2 Shapes","floor":49,"turns":3},{"damage":35,"enemies":"downfall:Defect","floor":50,"turns":4}],"seed_played":"-6083183616275751472","potions_obtained":[{"floor":2.0,"key":"Slimebound:SlimyTonguePotion"},{"floor":3.0,"key":"ColorlessPotion"},{"floor":5.0,"key":"sneckomod:MuddlingPotion"},{"floor":5.0,"key":"AttackPotion"},{"floor":5.0,"key":"FearPotion"},{"floor":10.0,"key":"SmokeBomb"},{"floor":14.0,"key":"ColorlessPotion"},{"floor":15.0,"key":"champ:CounterPotion"},{"floor":16.0,"key":"SpeedPotion"},{"floor":21.0,"key":"PowerPotion"},{"floor":28.0,"key":"Fire Potion"},{"floor":31.0,"key":"BlessingOfTheForge"},{"floor":33.0,"key":"Explosive Potion"},{"floor":43.0,"key":"LiquidBronze"},{"floor":44.0,"key":"Guardian:BlockOnCardUsePotion"},{"floor":47,"key":"Energy Potion"},{"floor":47,"key":"FairyPotion"}],"is_trial":false,"path_per_floor":["R","M","M","$","?","E","T","M","R","M","E","R","$","M","M","B",null,"R","M","T","M","$","R","T","M","E","$","E","M","$","M","M","B",null,"R","M","$","M","M","?","T","E","M","M","E","R","?","M","M","B",null],"character_chosen":"SLIMEBOUND","items_purchased":["Slimebound:SplitBruiser","Slimebound:LevelUp","OrangePellets","Slimebound:OneTwoCombo","Slimebound:Replication+1","PreservedInsect"],"campfire_rested":1,"item_purchase_floors":[4,4,13,22,30,30],"current_hp_per_floor":[60,56,56,45,31,16,16,13,46,45,49,49,49,44,37,46,60,60,51,51,60,60,60,60,60,55,39,60,60,60,60,60,60,60,60,60,60,64,64,60,70,64,74,74,74,74,74,74,78,82],"gold":390,"neow_bonus":"BOSS_RELIC","is_daily":false,"chose_seed":false,"campfire_upgraded":6,"win_rate":0.0,"timestamp":1608762567,"path_taken":["R","M","M","$","?","E","T","M","R","M","E","R","?","?","M","BOSS","R","M","?","M","$","R","T","M","E","$","E","M","$","M","M","BOSS","R","M","$","M","M","?","T","E","M","M","E","R","?","?","M","BOSS"],"items_purchased_type":["Card","Card","Relic","Card","Card","Relic"],"build_version":"2020-12-22","purchased_purges":2,"victory":true,"max_hp_per_floor":[60,60,60,60,60,60,60,60,60,60,60,60,60,60,60,60,60,60,60,60,60,60,60,60,60,60,60,60,60,60,60,60,60,60,60,64,64,64,64,64,74,74,74,74,74,74,74,74,78,82],"relic_stats":{"OrangePellets":[45],"Regal Pillow":15,"Dream Catcher":0,"Torii":0,"counters":[34,114],"Sundial":[0],"Pantograph":23,"Letter Opener":[64],"obtain_stats":[{"Potion Belt":5,"Regal Pillow":7,"Pear":41,"Torii":40,"downfall:HeartBlessingGreen":46,"PreservedInsect":30,"Letter Opener":42,"Empty Cage":17,"Runic Dome":0,"OrangePellets":13,"Anchor":20,"Dream Catcher":26,"Slimebound:MaxSlimesRelic":45,"Sundial":24,"Pantograph":11,"Molten Egg 2":28,"Philosopher\u0027s Stone":34,"Slimebound:AbsorbEndCombat":0,"Toxic Egg 2":6},{"Potion Belt":4,"Regal Pillow":5,"Pear":27,"Torii":27,"downfall:HeartBlessingGreen":31,"PreservedInsect":20,"Letter Opener":28,"Empty Cage":12,"Runic Dome":0,"OrangePellets":9,"Anchor":13,"Dream Catcher":17,"Slimebound:MaxSlimesRelic":31,"Sundial":15,"Pantograph":8,"Molten Egg 2":19,"Philosopher\u0027s Stone":23,"Slimebound:AbsorbEndCombat":0,"Toxic Egg 2":5},{"Potion Belt":18,"Regal Pillow":21,"Pear":92,"Torii":92,"downfall:HeartBlessingGreen":103,"PreservedInsect":71,"Letter Opener":95,"Empty Cage":44,"Runic Dome":0,"OrangePellets":32,"Anchor":46,"Dream Catcher":61,"Slimebound:MaxSlimesRelic":103,"Sundial":55,"Pantograph":28,"Molten Egg 2":68,"Philosopher\u0027s Stone":82,"Slimebound:AbsorbEndCombat":0,"Toxic Egg 2":21}]},"card_choices":[{"not_picked":["Slimebound:Gluttony","Slimebound:FormOfPuddle"],"picked":"Slimebound:SplitAcid","floor":2.0},{"not_picked":["Slimebound:AcidTongue","Slimebound:FinishingTackle"],"picked":"Slimebound:SplitAcid","floor":3.0},{"not_picked":["Slimebound:ItLooksTasty","Slimebound:SplitAcid"],"picked":"Slimebound:SelfFormingGoo","floor":4.0},{"not_picked":["Slimebound:PressTheAttack","Slimebound:Schlurp"],"picked":"Slimebound:LeechingTouch","floor":5.0},{"not_picked":["Slimebound:LeechingTouch","Slimebound:DivideAndConquer+1"],"picked":"Slimebound:FirmFortitude","floor":6.0},{"not_picked":["Slimebound:ComboTackle","Slimebound:SplitBruiser+1"],"picked":"Slimebound:SplitLeeching+1","floor":8.0},{"not_picked":["Slimebound:SplitAcid+1","Slimebound:SplitLeeching+1"],"picked":"Slimebound:LivingWall+1","floor":10.0},{"not_picked":["Slimebound:RollThrough","Slimebound:DivideAndConquer+1"],"picked":"Slimebound:SplitBruiser+1","floor":11.0},{"not_picked":["Slimebound:TongueLash","Slimebound:FinishingTackle","Slimebound:RollThrough"],"picked":"SKIP","floor":13.0},{"not_picked":["Slimebound:ComboTackle","Slimebound:TongueLash"],"picked":"Slimebound:SplitBruiser+1","floor":14.0},{"not_picked":["Slimebound:SplitLeeching+1","Slimebound:LeechingTouch"],"picked":"Slimebound:ServeAndProtect+1","floor":15.0},{"not_picked":["Slimebound:CheckThePlaybook+1","Slimebound:RallyTheTroops"],"picked":"Slimebound:MassRepurpose+1","floor":16.0},{"not_picked":["Slimebound:GoopTackle","Slimebound:ComboTackle"],"picked":"Slimebound:RejuvenatingLick+1","floor":19.0},{"not_picked":["Slimebound:GoopTackle","Slimebound:FirmFortitude","Slimebound:SlimeBrawl+1"],"picked":"SKIP","floor":21.0},{"not_picked":["Slimebound:DuplicatedForm","Slimebound:BestDefense"],"picked":"Slimebound:SplitAcid+1","floor":22.0},{"not_picked":["Slimebound:SplitAcid+1","Slimebound:LeechingTouch"],"picked":"Slimebound:SplitMire+1","floor":25.0},{"not_picked":["Slimebound:Equalize","Slimebound:LeechingTouch+1"],"picked":"Slimebound:MinionMaster","floor":26.0},{"not_picked":["Slimebound:SplitAcid+1","Slimebound:LeechEnergy"],"picked":"Slimebound:SlimeBarrage","floor":27.0},{"not_picked":["Slimebound:SplitBruiser+1","Slimebound:Schlurp+1","Slimebound:BestDefense+1"],"picked":"SKIP","floor":28.0},{"not_picked":["Slimebound:ServeAndProtect+1","Slimebound:RollThrough+1","Slimebound:Equalize+1"],"picked":"SKIP","floor":29.0},{"not_picked":["Slimebound:DivideAndConquer+1","Slimebound:ComboTackle+1"],"picked":"Slimebound:SlimeBarrage+1","floor":31.0},{"not_picked":["Slimebound:DivideAndConquer+1","Slimebound:ComboTackle+1","Slimebound:SplitMire+1"],"picked":"SKIP","floor":32.0},{"not_picked":["Slimebound:OozeBath+1","Slimebound:Overexert"],"picked":"Slimebound:MassFeed+1","floor":33.0},{"not_picked":["Slimebound:ViciousTackle+1","Slimebound:FinishingTackle+1","Slimebound:SlimeBrawl+1"],"picked":"SKIP","floor":36.0},{"not_picked":["Slimebound:SplitAcid+1","Slimebound:SamplingLick+1"],"picked":"Slimebound:LeadByExample","floor":38.0},{"not_picked":["Slimebound:SplitBruiser+1","Slimebound:GrowthPunch+1"],"picked":"Slimebound:SplitLeeching+1","floor":39.0},{"not_picked":["Slimebound:SplitMire+1","Slimebound:Replication+1"],"picked":"Slimebound:Teamwork+1","floor":40.0},{"not_picked":["Slimebound:FinishingTackle+1","Slimebound:GrowthPunch+1"],"picked":"Slimebound:SlimeTap+1","floor":42.0},{"not_picked":["Slimebound:LeechEnergy+1","Slimebound:GrowthPunch+1","Slimebound:LeechingTouch+1"],"picked":"SKIP","floor":43.0},{"not_picked":["Slimebound:FormOfPuddle+1","Slimebound:SplitAcid+1","Slimebound:SplitMire+1"],"picked":"SKIP","floor":44.0},{"not_picked":["Slimebound:MassFeed+1","Slimebound:RainOfGoop+1","Slimebound:FirmFortitude+1"],"picked":"SKIP","floor":45.0},{"not_picked":["Slimebound:GoopSpray+1","Slimebound:RollThrough+1","Slimebound:DivideAndConquer+1"],"picked":"SKIP","floor":48},{"not_picked":["Slimebound:SplitAcid+1","Slimebound:FinishingTackle+1","Slimebound:GrowthPunch+1"],"picked":"SKIP","floor":49}],"player_experience":504766,"relics_obtained":[{"floor":5.0,"key":"Potion Belt"},{"floor":6.0,"key":"Toxic Egg 2"},{"floor":7.0,"key":"Regal Pillow"},{"floor":11.0,"key":"Pantograph"},{"floor":20.0,"key":"Anchor"},{"floor":24.0,"key":"Sundial"},{"floor":26.0,"key":"Dream Catcher"},{"floor":28.0,"key":"Molten Egg 2"},{"floor":40.0,"key":"Torii"},{"floor":41.0,"key":"Pear"},{"floor":42.0,"key":"Letter Opener"},{"floor":45.0,"key":"Slimebound:MaxSlimesRelic"}],"event_choices":[],"is_beta":false,"boss_relics":[{"not_picked":["Sozu","Pandora\u0027s Box"],"picked":"Empty Cage"},{"not_picked":["Tiny House","SlaversCollar"],"picked":"Philosopher\u0027s Stone"}],"items_purged_floors":[27,37],"is_endless":false,"potions_floor_spawned":[2,3,10,14,15,16,21,28,31,33,43,44,45,49],"ascension_level":1}}