{"host":"fevvm7bbzuh4s1jc","time":1608760104,"event":{"mods":["BaseMod","Highlight Path","Minty Spire (QoL Compilation)","Relic Stats"],"gold_per_floor":[116,133,133,2,26,65,65,98,98,98,123,123,147,17,17,17,17],"floor_reached":16,"playtime":842,"items_purged":["Strike_G"],"score":220,"play_id":"46594e26-4dc9-497d-a2b2-e00ef3a328ad","local_time":"20201223164824","is_ascension_mode":true,"campfire_choices":[{"floor":7,"key":"REST"},{"floor":10,"key":"REST"},{"floor":12,"key":"REST"},{"data":"Crippling Poison","floor":15,"key":"SMITH"}],"circlet_count":0,"master_deck":["AscendersBane","Strike_G","Strike_G","Strike_G","Strike_G","Defend_G","Defend_G","Defend_G","Defend_G","Defend_G","Survivor","Neutralize","Flying Knee","Poisoned Stab","Dagger Spray","Noxious Fumes","Adrenaline","Dodge and Roll","Sucker Punch","Blur","Crippling Poison+1"],"relics":["Ring of the Snake","Golden Idol","Shuriken","Question Card"],"acts_visited":["Exordium"],"potions_floor_usage":[8,11,16],"damage_taken":[{"damage":8,"enemies":"Jaw Worm","floor":1,"turns":8},{"damage":2,"enemies":"2 Louse","floor":2,"turns":3},{"damage":0,"enemies":"Cultist","floor":5,"turns":3},{"damage":32,"enemies":"Lagavulin","floor":6,"turns":8},{"damage":28,"enemies":"Gremlin Nob","floor":8,"turns":4},{"damage":15,"enemies":"Large Slime","floor":11,"turns":6},{"damage":4,"enemies":"Red Slaver","floor":13,"turns":5},{"damage":31,"enemies":"Slime Boss","floor":16,"turns":8}],"seed_played":"7097851458855533519","potions_obtained":[{"floor":2,"key":"Explosive Potion"},{"floor":6,"key":"PowerPotion"}],"is_trial":false,"path_per_floor":["M","M","?","$","M","E","R","E","T","R","M","R","M","$","R","B"],"character_chosen":"THE_SILENT","items_purchased":["Dagger Spray","Noxious Fumes","SkillPotion"],"campfire_rested":3,"item_purchase_floors":[4,4,14],"current_hp_per_floor":[48,46,46,46,46,14,35,7,7,28,13,34,30,30,30,0,0],"gold":17,"neow_bonus":"TWENTY_PERCENT_HP_BONUS","is_daily":false,"chose_seed":false,"campfire_upgraded":1,"win_rate":0.0,"timestamp":1608760104,"path_taken":["M","M","?","$","M","E","R","E","T","R","M","R","M","$","R","BOSS"],"items_purchased_type":["Card","Card","Potion"],"build_version":"2020-12-22","purchased_purges":1,"victory":false,"max_hp_per_floor":[78,78,71,71,71,71,71,71,71,71,71,71,71,71,71,71,71],"relic_stats":{"counters":[8,45],"Golden Idol":30,"Shuriken":[3],"Question Card":2,"obtain_stats":[{"Golden Idol":3,"Shuriken":8,"Question Card":9,"Ring of the Snake":0},{"Golden Idol":2,"Shuriken":5,"Question Card":5,"Ring of the Snake":0},{"Golden Idol":11,"Shuriken":26,"Question Card":26,"Ring of the Snake":0}],"Ring of the Snake":[16]},"card_choices":[{"not_picked":["Underhanded Strike","PiercingWail"],"picked":"Flying Knee","floor":1},{"not_picked":["Tactician","Deflect"],"picked":"Poisoned Stab","floor":2},{"not_picked":["Slice","Acrobatics"],"picked":"Adrenaline","floor":5},{"not_picked":["Slice","Noxious Fumes"],"picked":"Dodge and Roll","floor":6},{"not_picked":["Deadly Poison","Dagger Spray"],"picked":"Sucker Punch","floor":8},{"not_picked":["Distraction","Infinite Blades","Dodge and Roll"],"picked":"Blur","floor":11},{"not_picked":["Outmaneuver","Accuracy","Deflect"],"picked":"Crippling Poison","floor":13}],"player_experience":2571256,"relics_obtained":[{"floor":8,"key":"Shuriken"},{"floor":9,"key":"Question Card"}],"event_choices":[{"damage_healed":0,"gold_gain":0,"player_choice":"Lose Max HP","damage_taken":0,"relics_obtained":["Golden Idol"],"max_hp_gain":0,"max_hp_loss":7,"event_name":"Golden Idol","floor":3,"gold_loss":0}],"is_beta":false,"boss_relics":[],"items_purged_floors":[14],"is_endless":false,"potions_floor_spawned":[2,6],"killed_by":"Slime Boss","ascension_level":20}}