{"host":"sz8c8ni79nvzjmmg","time":1608689849,"event":{"mods":["AchievementEnabler","BaseMod","DeckTracker","Keyboard Shortcuts","Minty Spire (QoL Compilation)","SuperFastMode"],"gold_per_floor":[109,109,109,34,34,34,54,54,81,81,81,101,126,143,143,215,215,229,243,168,188,200,200,233,252,252,252,252],"floor_reached":27,"playtime":724,"items_purged":["Underhanded Strike"],"score":466,"play_id":"be39f734-26e9-41e1-8314-23a69329bfa4","local_time":"20201223111729","is_ascension_mode":true,"campfire_choices":[{"floor":6,"key":"REST"},{"floor":8,"key":"REST"},{"floor":11,"key":"RECALL"},{"floor":15,"key":"REST"},{"floor":23,"key":"REST"}],"circlet_count":0,"master_deck":["AscendersBane","Survivor","Neutralize+1","Predator+1","Blade Dance","Backflip","Accuracy","Burst","Deadly Poison","Acrobatics","Glass Knife","Masterful Stab","Doppelganger","Masterful Stab","Malaise","PiercingWail","Blur","Bouncing Flask","Reflex","Acrobatics"],"relics":["Fusion Hammer","Centennial Puzzle","Omamori","Whetstone","Pandora\u0027s Box","Lantern","Art of War"],"acts_visited":["Exordium","TheCity"],"potions_floor_usage":[16,24,24],"damage_taken":[{"damage":1,"enemies":"2 Louse","floor":1,"turns":3},{"damage":0,"enemies":"Jaw Worm","floor":7,"turns":3},{"damage":0,"enemies":"Small Slimes","floor":12,"turns":3},{"damage":14,"enemies":"3 Sentries","floor":13,"turns":7},{"damage":0,"enemies":"2 Fungi Beasts","floor":14,"turns":4},{"damage":28,"enemies":"Slime Boss","floor":16,"turns":7},{"damage":0,"enemies":"Spheric Guardian","floor":18,"turns":1},{"damage":7,"enemies":"2 Thieves","floor":19,"turns":4},{"damage":15,"enemies":"Snake Plant","floor":21,"turns":5},{"damage":0,"enemies":"3 Cultists","floor":22,"turns":4},{"damage":38,"enemies":"Slavers","floor":24,"turns":4},{"damage":15,"enemies":"Cultist and Chosen","floor":25,"turns":4},{"damage":7,"enemies":"Centurion and Healer","floor":27,"turns":2}],"seed_played":"6100606632121466500","potions_obtained":[{"floor":7,"key":"FearPotion"},{"floor":12,"key":"Weak Potion"},{"floor":16,"key":"PowerPotion"},{"floor":18,"key":"Energy Potion"}],"is_trial":false,"path_per_floor":["M","?","?","?","?","R","M","R","T","?","R","M","E","M","R","B",null,"M","M","$","M","M","R","E","M","T","M"],"character_chosen":"THE_SILENT","items_purchased":[],"campfire_rested":4,"item_purchase_floors":[],"current_hp_per_floor":[58,63,63,63,42,63,63,71,71,66,66,66,52,52,71,43,64,64,57,57,42,42,63,25,10,10,3,3],"gold":252,"neow_bonus":"BOSS_RELIC","is_daily":false,"chose_seed":false,"campfire_upgraded":0,"win_rate":0.0,"timestamp":1608689849,"path_taken":["M","?","?","?","?","R","M","R","T","?","R","M","E","?","R","BOSS","M","M","$","M","M","R","E","M","T","M"],"items_purchased_type":[],"build_version":"2020-12-13","purchased_purges":1,"victory":false,"max_hp_per_floor":[66,71,71,71,71,71,71,71,71,71,71,71,71,71,71,71,71,71,71,71,71,71,71,71,71,71,71,71],"card_choices":[{"not_picked":["Bane","Distraction"],"picked":"Predator","floor":1},{"not_picked":["Bane","Underhanded Strike"],"picked":"Blade Dance","floor":7},{"not_picked":["Choke","Concentrate"],"picked":"Backflip","floor":12},{"not_picked":["Deflect","Caltrops","Deadly Poison"],"picked":"SKIP","floor":13},{"not_picked":["Acrobatics","Choke"],"picked":"Accuracy","floor":14},{"not_picked":["Wraith Form v2","Glass Knife"],"picked":"Burst","floor":16},{"not_picked":["Caltrops","Deadly Poison","Setup"],"picked":"SKIP","floor":18},{"not_picked":["Backflip","Sucker Punch"],"picked":"Blur","floor":19},{"not_picked":["Slice","Escape Plan"],"picked":"Bouncing Flask","floor":21},{"not_picked":["Dodge and Roll+1","Sucker Punch","Slice"],"picked":"SKIP","floor":22},{"not_picked":["Calculated Gamble","Poisoned Stab+1"],"picked":"Reflex","floor":24},{"not_picked":["Phantasmal Killer","Bane"],"picked":"Acrobatics","floor":25}],"player_experience":1210108,"relics_obtained":[{"floor":9,"key":"Centennial Puzzle"},{"floor":13,"key":"Whetstone"},{"floor":24,"key":"Lantern"},{"floor":26,"key":"Art of War"}],"event_choices":[{"damage_healed":0,"gold_gain":0,"player_choice":"Donut","damage_taken":0,"max_hp_gain":5,"max_hp_loss":0,"event_name":"Big Fish","floor":2,"gold_loss":0},{"damage_healed":0,"gold_gain":0,"player_choice":"Ignored","damage_taken":0,"max_hp_gain":0,"max_hp_loss":0,"event_name":"Liars Game","floor":3,"gold_loss":0},{"cards_removed":["Strike_G"],"damage_healed":0,"gold_gain":0,"player_choice":"Card Removal","damage_taken":0,"max_hp_gain":0,"max_hp_loss":0,"event_name":"The Cleric","floor":4,"gold_loss":75},{"damage_healed":0,"gold_gain":0,"player_choice":"Entered Light","damage_taken":21,"max_hp_gain":0,"max_hp_loss":0,"event_name":"Shining Light","floor":5,"gold_loss":0,"cards_upgraded":["Predator","Defend_G"]},{"damage_healed":0,"gold_gain":0,"player_choice":"Success","damage_taken":5,"relics_obtained":["Omamori"],"max_hp_gain":0,"max_hp_loss":0,"event_name":"Scrap Ooze","floor":10,"gold_loss":0}],"is_beta":false,"boss_relics":[{"not_picked":["Sozu","Empty Cage"],"picked":"Pandora\u0027s Box"}],"items_purged_floors":[20],"is_endless":false,"potions_floor_spawned":[7,12,16,18],"killed_by":"Centurion and Healer","ascension_level":20}}