{"host":"vhvm1b4sel61ztfv","time":1608682969,"event":{"mods":["BaseMod","Minty Spire (QoL Compilation)","Replay The Spire","StSLib"],"gold_per_floor":[138,189,34,91,153,231,321,321,321,417,450,552,663,97,97,409,409,445,502,547,73,133,211,93,183,258,258,258,258,258,258,258,546,546,600,633,245,395,27,117,198,198,198,198,276,276,276,54,54,354,354,411,441,474,19,49,136,211,301,351,351,351,444,531,596,596,896,896,956,915,915,915,915,1005,1056,1056,1143,1197,1197,1287,1287,15,15,317,317,413,504,598,701,751,856,955,1075,1181,53,155,317,37,144,144,467,567,567],"floor_reached":102,"playtime":4796,"items_purged":["Flame Barrier","Languid"],"score":4016,"play_id":"5aada070-bb55-41c4-870e-52c7f32c6d8a","local_time":"20201222192249","daily_mods":["Draft","Vintage","Heirloom","Time Dilation","Flight","DeadlyEvents","Lethality","Midas"],"is_ascension_mode":true,"campfire_choices":[{"floor":15,"key":"DIG"},{"floor":27,"key":"REST"},{"floor":28,"key":"REST"},{"floor":29,"key":"REST"},{"floor":30,"key":"REST"},{"floor":42,"key":"REST"},{"floor":44,"key":"REST"},{"floor":47,"key":"REST"},{"floor":49,"key":"REST"},{"floor":61,"key":"REST"},{"floor":62,"key":"REST"},{"floor":66,"key":"REST"},{"floor":76,"key":"REST"},{"floor":79,"key":"REST"},{"floor":81,"key":"REST"},{"floor":83,"key":"DIG"}],"circlet_count":0,"master_deck":["Massacre+1","Replay:Undeath\u0027s Touch+1","Armaments+1","Cleave","Replay:Undeath\u0027s Touch+1","Heavy Blade+1","Flex+1","Headbutt+1","ReplayTheSpireMod:Limb From Limb+1","Shrug It Off+1","Havoc+1","Spot Weakness+1","Replay:Undeath\u0027s Touch+1","Life Link+1","Flame Barrier+1","Limit Break+1","Pummel+1","Necronomicurse","Life Link+1","Fiend Fire+1","Exhume+1","Bludgeon","Replay:Many Hands"],"relics":["Burning Blood","Thread and Needle","Bird Faced Urn","Ginger","Replay:Ringing Soul","Incense Burner","Omamori","Calipers","Torii","PreservedInsect","MawBank","Gremlin Food","Vajra","ReplayTheSpireMod:Lightbulb","ClockworkSouvenir","Pondfish Scales","Replay:Ancient Bell","Blood Vial","The Courier","Ice Cream","HornCleat","MealTicket","Mango","Guide Book","Magic Flower","ReplayTheSpireMod:Spearhead","King of Hearts","Bottled Flame","Brimstone","Prayer Wheel","Onion Ring","Necronomicon","Empty Cage","Snack Pack","CaptainsWheel","Replay:Accelerometer","Pen Nib","Pocketwatch","Membership Card","Bronze Scales","Replay:Rubber Ducky","Akabeko","Bag of Marbles","Oddly Smooth Stone","ReplayFunnel","Blue Candle","Mummified Hand","HandDrill","ReplayTheSpireMod:TigerMarble","Busted Crown","Dream Catcher","Replay:Bottled Flurry","Turnip","Another Sword","Toolbox","Ancient Tea Set","Shuriken","Toy Ornithopter","Red Skull","Happy Flower","StrikeDummy","ReplayTheSpireMod:Ring of Challenge","Art of War","FossilizedHelix","Question Card","Bag of Preparation","Replay:Baseball","Garlic","Darkstone Periapt","Pear","Ornamental Fan","Whetstone","Regal Pillow","Replay:Bandana","TheAbacus","Replay:Wax Seal","Tiny Chest","Counterbalance","Sundial","Pantograph","Strawberry","ReplayTheSpireMod:DimensionalGlitch","Meat on the Bone","Peace Pipe","ReplayTheSpireMod:Ninjato","Centennial Puzzle","Nunchaku","Self Forming Clay","Replay:WaspNest","BargainBundle","War Paint","Iron Hammer","Anchor","Letter Opener","Mercury Hourglass","Orichalcum","Kunai","Lizard Tail","Blue Doll","Singing Bowl","Chameleon Ring","Charon\u0027s Ashes","Mirror","Champion Belt","Lantern","Replay:Wanted Poster"],"acts_visited":["Exordium","TheCity","TheBeyond","Exordium","TheCity","TheBeyond","Exordium"],"potions_floor_usage":[10,16,18,33,84,88,96,101,101],"damage_taken":[{"damage":0,"enemies":"Jaw Worm","floor":1,"turns":1},{"damage":0,"enemies":"2 Louse","floor":2,"turns":1},{"damage":0,"enemies":"Cultist","floor":4,"turns":2},{"damage":13,"enemies":"3 Sentries","floor":6,"turns":4},{"damage":0,"enemies":"Gremlin Nob","floor":7,"turns":2},{"damage":0,"enemies":"Lagavulin","floor":10,"turns":5},{"damage":10,"enemies":"Large Slime","floor":11,"turns":2},{"damage":0,"enemies":"3 Sentries","floor":12,"turns":2},{"damage":0,"enemies":"Gremlin Nob","floor":13,"turns":2},{"damage":56,"enemies":"Hexaghost","floor":16,"turns":4},{"damage":0,"enemies":"3 Byrds","floor":18,"turns":1},{"damage":13,"enemies":"2 Thieves","floor":19,"turns":3},{"damage":0,"enemies":"Centurion and Healer","floor":20,"turns":3},{"damage":9,"enemies":"3 Cultists","floor":22,"turns":4},{"damage":7,"enemies":"Book of Stabbing","floor":23,"turns":2},{"damage":0,"enemies":"Gremlin Leader","floor":25,"turns":2},{"damage":54,"enemies":"Collector","floor":33,"turns":4},{"damage":0,"enemies":"Orb Walker","floor":35,"turns":1},{"damage":0,"enemies":"3 Shapes","floor":36,"turns":1},{"damage":7,"enemies":"Mind Bloom Boss Battle","floor":38,"turns":4},{"damage":0,"enemies":"R_Hoarder","floor":40,"turns":2},{"damage":0,"enemies":"Reptomancer","floor":41,"turns":2},{"damage":0,"enemies":"R_Hoarder","floor":45,"turns":1},{"damage":0,"enemies":"Awakened One","floor":50,"turns":3},{"damage":0,"enemies":"2 Louse","floor":52,"turns":1},{"damage":0,"enemies":"Jaw Worm","floor":53,"turns":1},{"damage":0,"enemies":"Cultist","floor":54,"turns":1},{"damage":0,"enemies":"Blue Slaver","floor":56,"turns":2},{"damage":0,"enemies":"Replay:BlueRogue","floor":57,"turns":1},{"damage":0,"enemies":"Gremlin Nob","floor":58,"turns":1},{"damage":0,"enemies":"Lagavulin","floor":59,"turns":1},{"damage":0,"enemies":"Replay:BlueRogue","floor":63,"turns":1},{"damage":0,"enemies":"3 Sentries","floor":64,"turns":1},{"damage":0,"enemies":"Looter","floor":65,"turns":1},{"damage":0,"enemies":"The Guardian","floor":67,"turns":1},{"damage":0,"enemies":"Chosen","floor":69,"turns":1},{"damage":0,"enemies":"Gremlin Leader","floor":74,"turns":1},{"damage":0,"enemies":"Shell Parasite","floor":75,"turns":1},{"damage":0,"enemies":"Slavers","floor":77,"turns":1},{"damage":0,"enemies":"Shelled Parasite and Fungi","floor":78,"turns":1},{"damage":0,"enemies":"Gremlin Leader","floor":80,"turns":4},{"damage":2,"enemies":"Champ","floor":84,"turns":5},{"damage":9,"enemies":"3 Shapes","floor":86,"turns":1},{"damage":0,"enemies":"Orb Walker","floor":87,"turns":1},{"damage":20,"enemies":"4 Shapes","floor":88,"turns":3},{"damage":0,"enemies":"Jaw Worm Horde","floor":89,"turns":1},{"damage":0,"enemies":"Sphere and 2 Shapes","floor":90,"turns":2},{"damage":0,"enemies":"R_Hoarder","floor":91,"turns":1},{"damage":0,"enemies":"Reptomancer","floor":92,"turns":1},{"damage":0,"enemies":"R_Hoarder","floor":93,"turns":1},{"damage":0,"enemies":"Nemesis","floor":94,"turns":1},{"damage":0,"enemies":"R_Hoarder","floor":96,"turns":2},{"damage":0,"enemies":"Mind Bloom Boss Battle","floor":97,"turns":1},{"damage":0,"enemies":"Reptomancer","floor":99,"turns":2},{"damage":0,"enemies":"Donu and Deca","floor":101,"turns":2}],"seed_played":"-694398971348218410","potions_obtained":[{"floor":1,"key":"SteroidPotion"},{"floor":6,"key":"Flashbang"},{"floor":10,"key":"PowerPotion"},{"floor":16,"key":"Milkshake"},{"floor":20,"key":"LiquidBronze"},{"floor":33,"key":"PowerPotion"},{"floor":50,"key":"BlessingOfTheForge"},{"floor":53,"key":"Venom Potion"},{"floor":67,"key":"FearPotion"},{"floor":75,"key":"Death Potion"},{"floor":87,"key":"Weak Potion"},{"floor":89,"key":"Venom Potion"},{"floor":96,"key":"AttackPotion"},{"floor":101,"key":"LifebloodPotion"}],"is_trial":true,"path_per_floor":["M","M","$","M","?","E","E","?","T","E","M","E","E","$","R","B",null,"M","M","M","$","M","E","$","E","T","R","R","R","R","?","R","B",null,"M","M","$","?","$","E","E","R","T","R","E","?","R","$","R","B",null,"M","M","M","$","M","E","E","E","T","R","R","E","E","M","R","B",null,"M","$","?","$","?","E","M","R","E","M","R","E","R","$","R","B",null,"M","M","M","M","M","E","E","E","E","$","E","?","$","E","R","B",null],"character_chosen":"IRONCLAD","items_purchased":["Doom Potion","Flame Barrier","Vajra","ReplayTheSpireMod:Lightbulb","ClockworkSouvenir","Guide Book","Magic Flower","ReplayTheSpireMod:Spearhead","Brimstone","Replay:Accelerometer","Pen Nib","Life Link","Membership Card","Bronze Scales","Replay:Rubber Ducky","Akabeko","Bag of Marbles","Mummified Hand","HandDrill","ReplayTheSpireMod:TigerMarble","Turnip","Another Sword","Toolbox","Ancient Tea Set","Shuriken","Flashbang","Question Card","Bag of Preparation","Replay:Baseball","Garlic","Darkstone Periapt","Pear","Ornamental Fan","Whetstone","Regal Pillow","Replay:Bandana","TheAbacus","Replay:Wax Seal","Tiny Chest","Counterbalance","Sundial","Pantograph","Replay:WaspNest","BargainBundle","War Paint","Iron Hammer","Anchor","Letter Opener","Mercury Hourglass","Orichalcum","Kunai","Lizard Tail","Blue Doll","Singing Bowl","Chameleon Ring","Mirror","Champion Belt","Lantern"],"campfire_rested":14,"item_purchase_floors":[3,3,14,14,14,21,21,21,24,37,37,37,39,39,39,39,39,48,48,48,55,55,55,55,55,70,82,82,82,82,82,82,82,82,82,82,82,82,82,82,82,82,95,95,95,95,95,95,95,95,95,95,95,95,95,98,98,98],"current_hp_per_floor":[80,80,80,80,80,75,80,80,80,83,79,83,83,83,83,36,89,89,82,103,103,103,103,103,103,103,103,103,103,103,106,93,54,109,109,109,112,112,112,112,112,112,112,112,112,112,112,112,112,112,112,115,115,115,115,115,115,115,115,115,115,115,115,118,118,118,118,118,118,118,102,117,120,121,121,121,121,121,121,121,121,131,138,141,141,139,141,134,141,141,141,144,144,144,144,146,148,148,150,150,153,153,153],"gold":567,"neow_bonus":"","is_daily":false,"chose_seed":false,"campfire_upgraded":0,"win_rate":0.0,"timestamp":1608682969,"path_taken":["M","M","$","M","?","E","E","?","T","E","M","E","?","?","R","BOSS","M","M","M","$","M","E","$","E","T","R","R","R","R","?","R","BOSS","M","M","$","?","$","E","E","R","T","R","E","?","R","$","R","BOSS","M","M","M","$","M","E","E","E","T","R","R","E","E","M","R","BOSS","M","$","?","$","?","E","M","R","E","M","R","E","R","$","R","BOSS","M","M","M","M","M","E","E","E","E","$","E","?","$","E","R","BOSS"],"items_purchased_type":["Potion","Card","Relic","Relic","Relic","Relic","Relic","Relic","Relic","Relic","Relic","Card","Relic","Relic","Relic","Relic","Relic","Relic","Relic","Relic","Relic","Relic","Relic","Relic","Relic","Potion","Relic","Relic","Relic","Relic","Relic","Relic","Relic","Relic","Relic","Relic","Relic","Relic","Relic","Relic","Relic","Relic","Relic","Relic","Relic","Relic","Relic","Relic","Relic","Relic","Relic","Relic","Relic","Relic","Relic","Relic","Relic","Relic"],"build_version":"2020-12-13","purchased_purges":2,"victory":false,"max_hp_per_floor":[80,80,80,80,80,80,80,80,80,83,83,83,83,83,83,86,89,89,89,103,103,103,103,103,103,103,103,103,103,103,106,109,109,109,109,109,112,112,112,112,112,112,112,112,112,112,112,112,112,112,112,115,115,115,115,115,115,115,115,115,115,115,115,118,118,118,118,118,118,118,118,118,121,121,121,121,121,121,121,121,121,131,138,141,141,141,141,141,141,141,141,144,144,144,144,146,148,148,150,150,153,153,153],"card_choices":[{"not_picked":["Second Wind","Perfected Strike"],"picked":"Massacre","floor":0},{"not_picked":["ReplayTheSpireMod:Strike From Hell","ReplayTheSpireMod:LeadingStrike"],"picked":"Replay:Undeath\u0027s Touch","floor":0},{"not_picked":["Body Slam","Anger"],"picked":"Armaments","floor":0},{"not_picked":["Carnage","Sword Boomerang"],"picked":"Cleave","floor":0},{"not_picked":["Perfected Strike","Iron Wave"],"picked":"Replay:Undeath\u0027s Touch","floor":0},{"not_picked":["Armaments","Entrench"],"picked":"Heavy Blade","floor":0},{"not_picked":["Havoc","Cleave"],"picked":"Flex","floor":0},{"not_picked":["Perfected Strike","Entrench"],"picked":"True Grit","floor":0},{"not_picked":["Clothesline","Combust"],"picked":"Headbutt","floor":0},{"not_picked":["Cleave","ReplayTheSpireMod:LeadingStrike"],"picked":"ReplayTheSpireMod:Limb From Limb","floor":0},{"not_picked":["Feel No Pain","Hemokinesis"],"picked":"Shrug It Off","floor":0},{"not_picked":["Entrench","Headbutt"],"picked":"Havoc","floor":0},{"not_picked":["Sword Boomerang","Run Through"],"picked":"Spot Weakness","floor":0},{"not_picked":["Iron Wave","Dropkick"],"picked":"Replay:Undeath\u0027s Touch","floor":0},{"not_picked":["ReplayTheSpireMod:Strike From Hell","Shrug It Off"],"picked":"Life Link","floor":0},{"not_picked":["ReplayTheSpireMod:Strike From Hell","Metallicize","Warcry"],"picked":"SKIP","floor":6},{"not_picked":["Pommel Strike","Dropkick","Clash"],"picked":"SKIP","floor":7},{"not_picked":["Shockwave","Anger"],"picked":"Twin Strike","floor":10},{"not_picked":["Flex","Headbutt","Second Wind"],"picked":"SKIP","floor":12},{"not_picked":["Flex","Searing Blow","ReplayTheSpireMod:LeadingStrike"],"picked":"SKIP","floor":13},{"not_picked":["Juggernaut","Double Tap"],"picked":"Limit Break","floor":16},{"not_picked":["Voices","Doubt"],"picked":"Writhe","floor":17},{"not_picked":["ReplayTheSpireMod:Splinters","ReplayTheSpireMod:Restless Dread"],"picked":"CommonCold","floor":17},{"not_picked":["ReplayTheSpireMod:Doomed","Voices"],"picked":"Delirium","floor":17},{"not_picked":["ReplayTheSpireMod:Strike From Hell","Sentinel+1","Armaments"],"picked":"SKIP","floor":23},{"not_picked":["Battle Trance","Double Tap","Iron Wave"],"picked":"SKIP","floor":25},{"not_picked":["Bloodletting","Battle Trance+1","Rampage"],"picked":"SKIP","floor":40},{"not_picked":["Hemokinesis+1","Battle Trance","Power Through+1"],"picked":"SKIP","floor":41},{"not_picked":["Headbutt","Thunderclap","Seeing Red"],"picked":"SKIP","floor":45},{"not_picked":["Heavy Blade"],"picked":"SKIP","floor":57},{"not_picked":["Run Through"],"picked":"SKIP","floor":58},{"not_picked":["True Grit"],"picked":"SKIP","floor":59},{"not_picked":["Defy Death"],"picked":"SKIP","floor":63},{"not_picked":[],"picked":"Fiend Fire","floor":64},{"not_picked":["Pommel Strike"],"picked":"SKIP","floor":74},{"not_picked":["Berserk"],"picked":"SKIP","floor":77},{"not_picked":["Dropkick"],"picked":"SKIP","floor":80},{"not_picked":["Hemogenesis"],"picked":"Exhume","floor":84},{"not_picked":["Havoc+1","Iron Wave+1"],"picked":"SKIP","floor":91},{"not_picked":["Clash+1"],"picked":"Bludgeon","floor":92},{"not_picked":["Uppercut","Dark Embrace"],"picked":"SKIP","floor":93},{"not_picked":["Thunderclap+1","Carnage+1"],"picked":"SKIP","floor":94},{"not_picked":["Warcry","Cleave+1"],"picked":"Singing Bowl","floor":96},{"not_picked":["Run Through+1","Sword Boomerang"],"picked":"Singing Bowl","floor":97},{"not_picked":["Wild Strike","ReplayTheSpireMod:Stacked"],"picked":"Singing Bowl","floor":99},{"not_picked":["Bludgeon"],"picked":"Replay:Many Hands","floor":101}],"player_experience":57983,"relics_obtained":[{"floor":1,"key":"Bird Faced Urn"},{"floor":2,"key":"Ginger"},{"floor":4,"key":"Replay:Ringing Soul"},{"floor":6,"key":"Incense Burner"},{"floor":7,"key":"Omamori"},{"floor":9,"key":"Calipers"},{"floor":10,"key":"Torii"},{"floor":11,"key":"PreservedInsect"},{"floor":12,"key":"MawBank"},{"floor":13,"key":"Gremlin Food"},{"floor":15,"key":"Pondfish Scales"},{"floor":18,"key":"HornCleat"},{"floor":19,"key":"MealTicket"},{"floor":20,"key":"Mango"},{"floor":22,"key":"King of Hearts"},{"floor":23,"key":"Bottled Flame"},{"floor":25,"key":"Prayer Wheel"},{"floor":26,"key":"Onion Ring"},{"floor":32,"key":"Necronomicon"},{"floor":35,"key":"Snack Pack"},{"floor":36,"key":"CaptainsWheel"},{"floor":38,"key":"Pocketwatch"},{"floor":40,"key":"Oddly Smooth Stone"},{"floor":41,"key":"ReplayFunnel"},{"floor":45,"key":"Blue Candle"},{"floor":53,"key":"Dream Catcher"},{"floor":54,"key":"Replay:Bottled Flurry"},{"floor":56,"key":"Toy Ornithopter"},{"floor":60,"key":"Red Skull"},{"floor":65,"key":"Happy Flower"},{"floor":69,"key":"StrikeDummy"},{"floor":73,"key":"ReplayTheSpireMod:Ring of Challenge"},{"floor":75,"key":"Art of War"},{"floor":78,"key":"FossilizedHelix"},{"floor":83,"key":"Strawberry"},{"floor":86,"key":"Meat on the Bone"},{"floor":87,"key":"Peace Pipe"},{"floor":88,"key":"ReplayTheSpireMod:Ninjato"},{"floor":89,"key":"Centennial Puzzle"},{"floor":89,"key":"Nunchaku"},{"floor":90,"key":"Self Forming Clay"},{"floor":97,"key":"Charon\u0027s Ashes"}],"event_choices":[{"damage_healed":0,"gold_gain":62,"player_choice":"Gained Gold","damage_taken":0,"max_hp_gain":0,"max_hp_loss":0,"event_name":"Golden Wing","floor":5,"gold_loss":0},{"damage_healed":0,"gold_gain":0,"player_choice":"Ignored","damage_taken":0,"max_hp_gain":0,"max_hp_loss":0,"event_name":"Transmorgrifier","floor":8,"gold_loss":0},{"damage_healed":0,"gold_gain":0,"player_choice":"Read","damage_taken":0,"max_hp_gain":0,"max_hp_loss":0,"event_name":"The Library","floor":31,"gold_loss":0,"cards_obtained":["Pummel"]},{"damage_healed":0,"gold_gain":0,"player_choice":"Obtained Book","damage_taken":16,"max_hp_gain":0,"max_hp_loss":0,"event_name":"Cursed Tome","floor":32,"gold_loss":0},{"damage_healed":0,"gold_gain":0,"player_choice":"Fight","damage_taken":0,"max_hp_gain":0,"max_hp_loss":0,"event_name":"MindBloom","floor":38,"gold_loss":0},{"cards_removed":["True Grit"],"damage_healed":5,"gold_gain":0,"player_choice":"Offered Common","damage_taken":0,"max_hp_gain":0,"max_hp_loss":0,"event_name":"Bonfire Elementals","floor":46,"gold_loss":0},{"cards_removed":["True Grit"],"damage_healed":5,"gold_gain":0,"player_choice":"Offered Special","damage_taken":0,"max_hp_gain":0,"max_hp_loss":0,"event_name":"Bonfire Elementals","floor":46,"gold_loss":0},{"damage_healed":0,"gold_gain":0,"player_choice":"Obtained Book","damage_taken":16,"max_hp_gain":0,"max_hp_loss":0,"event_name":"Cursed Tome","floor":71,"gold_loss":0},{"damage_healed":0,"gold_gain":0,"player_choice":"Fight","damage_taken":0,"max_hp_gain":0,"max_hp_loss":0,"event_name":"MindBloom","floor":97,"gold_loss":0}],"is_beta":false,"boss_relics":[{"not_picked":["Runic Pyramid","Replay:Drink Me"],"picked":"Replay:Ancient Bell"},{"not_picked":["CeramicFish","Boot"],"picked":"Blood Vial"},{"not_picked":["Molten Egg 2","ReplayTheSpireMod:Ninjato"],"picked":"The Courier"},{"not_picked":["Counterbalance","Another Sword"],"picked":"Ice Cream"},{"not_picked":["Honey Jar","SlaversCollar"],"picked":"Empty Cage"},{"not_picked":["Runic Dome","Abe\u0027s Treasure"],"picked":"Busted Crown"},{"not_picked":["Replay:Drink Me","Snecko Eye","Replay:Grab Bag"]},{"not_picked":["Runic Cube","Astrolabe"],"picked":"ReplayTheSpireMod:DimensionalGlitch"},{"not_picked":["Replay:Bronze Core","SlaversCollar"],"picked":"Replay:Wanted Poster"}],"items_purged_floors":[14,95],"is_endless":true,"potions_floor_spawned":[1,6,10,13,16,20,22,33,35,38,50,53,58,63,64,65,67,75,78,87,89,92,94,96,101],"ascension_level":4}}