{"host":"fjaupvxe7fzqrf4j","time":1608732126,"event":{"mods":["BaseMod","Minty Spire (QoL Compilation)","StSLib"],"gold_per_floor":[109,109,120,120,120,120,147,164,164,184,184,219,239,251,251,326,326,344,344,269,300,70,70,102,377,402,412,5,5,15,15,15],"floor_reached":31,"playtime":878,"items_purged":["Strike_R","Strike_R"],"score":526,"play_id":"2b6c4f69-c6b3-4550-a1f5-1f009ec3c73d","local_time":"20201223220206","is_ascension_mode":true,"campfire_choices":[{"data":"Fire Breathing","floor":6.0,"key":"SMITH"},{"data":"Second Wind","floor":11.0,"key":"SMITH"},{"floor":15.0,"key":"REST"},{"floor":23.0,"key":"REST"}],"circlet_count":0,"master_deck":["AscendersBane","Strike_R","Defend_R","Defend_R","Defend_R","Defend_R","Bash","Rupture","Fire Breathing+1","Seeing Red","Second Wind+1","Feel No Pain","Pommel Strike","Fire Breathing","Bloodletting+1","Necronomicurse","Evolve","Regret","Pain","Power Through+1","Power Through+1","Body Slam"],"relics":["Burning Blood","NeowsBlessing","Darkstone Periapt","Unceasing Top","Odd Mushroom","Bronze Scales","Cursed Key","Necronomicon","Red Mask","Medical Kit","Toxic Egg 2","TungstenRod"],"acts_visited":["Exordium","TheCity"],"potions_floor_usage":[31],"damage_taken":[{"damage":0.0,"enemies":"Cultist","floor":1.0,"turns":1.0},{"damage":0.0,"enemies":"2 Louse","floor":3.0,"turns":2.0},{"damage":0.0,"enemies":"Lagavulin","floor":7.0,"turns":1.0},{"damage":9.0,"enemies":"Jaw Worm","floor":8.0,"turns":4.0},{"damage":35.0,"enemies":"The Mushroom Lair","floor":10.0,"turns":7.0},{"damage":40.0,"enemies":"Gremlin Nob","floor":12.0,"turns":6.0},{"damage":21.0,"enemies":"3 Louse","floor":13.0,"turns":3.0},{"damage":6.0,"enemies":"Looter","floor":14.0,"turns":3.0},{"damage":22.0,"enemies":"Slime Boss","floor":16.0,"turns":8.0},{"damage":13.0,"enemies":"Chosen","floor":18.0,"turns":5.0},{"damage":33.0,"enemies":"Masked Bandits","floor":21.0,"turns":4.0},{"damage":30.0,"enemies":"Slavers","floor":24.0,"turns":4.0},{"damage":25.0,"enemies":"3 Byrds","floor":27.0,"turns":3.0},{"damage":6.0,"enemies":"Snecko","floor":30.0,"turns":6.0},{"damage":11,"enemies":"3 Cultists","floor":31,"turns":2}],"seed_played":"3317527181433121404","potions_obtained":[{"floor":3.0,"key":"Fire Potion"},{"floor":10.0,"key":"Regen Potion"},{"floor":13.0,"key":"FearPotion"},{"floor":14.0,"key":"SkillPotion"},{"floor":21.0,"key":"SneckoOil"},{"floor":24.0,"key":"Fire Potion"},{"floor":30.0,"key":"AttackPotion"}],"is_trial":false,"path_per_floor":["M","?","M","?","?","R","E","M","T","?","R","E","M","M","R","B",null,"M","?","?","?","$","R","E","?","T","M","$","?","M","M"],"character_chosen":"IRONCLAD","items_purchased":["Medical Kit","TungstenRod"],"campfire_rested":2,"item_purchase_floors":[22,28],"current_hp_per_floor":[74,74,75,68,73,73,79,76,76,47,47,27,12,12,36,20,65,58,43,43,16,16,41,17,23,29,10,10,10,10,0,0],"gold":15,"neow_bonus":"THREE_ENEMY_KILL","is_daily":false,"chose_seed":false,"campfire_upgraded":2,"win_rate":0.0,"timestamp":1608732126,"path_taken":["M","?","M","?","?","R","E","M","T","?","R","E","?","M","R","BOSS","M","?","?","?","$","R","E","?","T","?","$","?","M","M"],"items_purchased_type":["Relic","Relic"],"build_version":"2020-12-22","purchased_purges":2,"victory":false,"max_hp_per_floor":[75,75,75,75,80,80,80,80,80,80,80,80,80,80,80,80,80,80,86,86,86,86,86,86,92,98,98,98,98,98,98,98],"card_choices":[{"not_picked":["Dropkick","Cleave"],"picked":"Flex","floor":1.0},{"not_picked":["Warcry","Wild Strike"],"picked":"Fire Breathing","floor":3.0},{"not_picked":["Sword Boomerang","Juggernaut"],"picked":"Seeing Red","floor":7.0},{"not_picked":["Clash","Warcry"],"picked":"Second Wind","floor":8.0},{"not_picked":["Burning Pact","Armaments"],"picked":"Feel No Pain","floor":12.0},{"not_picked":["Sword Boomerang","Dropkick"],"picked":"Pommel Strike","floor":13.0},{"not_picked":["Perfected Strike","Bloodletting"],"picked":"Fire Breathing","floor":14.0},{"not_picked":["Entrench","Rampage+1"],"picked":"Bloodletting+1","floor":18.0},{"not_picked":["Anger","Twin Strike"],"picked":"Evolve","floor":24.0},{"not_picked":["Perfected Strike","Battle Trance+1"],"picked":"Power Through+1","floor":27.0},{"not_picked":["Battle Trance+1","Whirlwind"],"picked":"Body Slam","floor":30.0}],"player_experience":255695,"relics_obtained":[{"floor":7.0,"key":"Darkstone Periapt"},{"floor":9.0,"key":"Unceasing Top"},{"floor":10.0,"key":"Odd Mushroom"},{"floor":12.0,"key":"Bronze Scales"},{"floor":19.0,"key":"Necronomicon"},{"floor":21.0,"key":"Red Mask"},{"floor":24.0,"key":"Toxic Egg 2"}],"event_choices":[{"damage_healed":0.0,"max_hp_gain":0.0,"max_hp_loss":0.0,"gold_gain":0.0,"cards_transformed":["Flex"],"event_name":"Living Wall","player_choice":"Change","floor":2.0,"gold_loss":0.0,"damage_taken":0.0,"cards_obtained":["Rupture"]},{"cards_removed":["Strike_R"],"damage_healed":0.0,"max_hp_gain":0.0,"max_hp_loss":0.0,"gold_gain":0.0,"event_name":"Golden Wing","player_choice":"Card Removal","floor":4.0,"gold_loss":0.0,"damage_taken":7.0},{"damage_healed":0.0,"max_hp_gain":5.0,"max_hp_loss":0.0,"gold_gain":0.0,"event_name":"Big Fish","player_choice":"Donut","floor":5.0,"gold_loss":0.0,"damage_taken":0.0},{"damage_healed":0.0,"max_hp_gain":0.0,"max_hp_loss":0.0,"gold_gain":0.0,"event_name":"Mushrooms","player_choice":"Fought Mushrooms","floor":10.0,"gold_loss":0.0,"damage_taken":0.0},{"damage_healed":0.0,"max_hp_gain":0.0,"max_hp_loss":0.0,"gold_gain":0.0,"event_name":"Cursed Tome","player_choice":"Obtained Book","floor":19.0,"gold_loss":0.0,"damage_taken":21.0},{"cards_removed":["Strike_R"],"damage_healed":0.0,"max_hp_gain":0.0,"max_hp_loss":0.0,"gold_gain":0.0,"event_name":"Beggar","player_choice":"Gave Gold","floor":20.0,"gold_loss":75.0,"damage_taken":0.0},{"damage_healed":0.0,"max_hp_gain":0.0,"max_hp_loss":0.0,"gold_gain":0.0,"event_name":"Masked Bandits","player_choice":"Fought Bandits","floor":21.0,"gold_loss":0.0,"damage_taken":0.0},{"damage_healed":0.0,"max_hp_gain":0.0,"max_hp_loss":0.0,"gold_gain":275.0,"event_name":"Golden Shrine","player_choice":"Desecrate","floor":25.0,"gold_loss":0.0,"damage_taken":0.0,"cards_obtained":["Regret"]},{"damage_healed":0.0,"max_hp_gain":0.0,"max_hp_loss":0.0,"gold_gain":0.0,"event_name":"Duplicator","player_choice":"Copied","floor":29.0,"gold_loss":0.0,"damage_taken":0.0,"cards_obtained":["Power Through"]}],"is_beta":false,"boss_relics":[{"not_picked":["Runic Cube","Runic Dome"],"picked":"Cursed Key"}],"items_purged_floors":[22,28],"is_endless":false,"potions_floor_spawned":[3,10,13,14,21,24,30],"killed_by":"3 Cultists","ascension_level":15}}