{"host":"cyiefo55v5hz1ih5","time":1608695197,"event":{"mods":["2.2 Compatiblity","AchievementEnabler","BaseMod","GifTheSpireLib","Hermit","Hubris","Minty Spire (QoL Compilation)","Replay The Spire","Robot Space Explorer","Spicy Shops","StSLib"],"gold_per_floor":[112,122,172,196,188,200,230,242,254,293,321,352,378,24,24,24,24],"floor_reached":16,"playtime":970,"items_purged":["hermit:Strike_Hermit"],"score":109,"play_id":"94a4348b-c2e3-4abe-9a6e-75800939ccae","local_time":"20201222224637","is_ascension_mode":true,"campfire_choices":[{"floor":6,"key":"REST"},{"floor":15,"key":"REST"}],"circlet_count":0,"master_deck":["hermit:Strike_Hermit","hermit:Strike_Hermit","hermit:Strike_Hermit","hermit:Defend_Hermit","hermit:Defend_Hermit","hermit:Defend_Hermit","hermit:Defend_Hermit","hermit:Snapshot","hermit:Covet","hermit:Misfire","hermit:CursedWeapon","Parasite","hubris:Despair","hermit:TakeAim","hermit:Headshot"],"relics":["hermit:Momento","Durian","ReplayTheSpireMod:Ring of Exchange","Ring of Greed","MawBank","Replay:Wax Seal","hubris:CuriousFeather","Bottled Flame","Regal Pillow","Tiny Chest"],"acts_visited":["Exordium"],"potions_floor_usage":[10,10,11,16],"damage_taken":[{"damage":1,"enemies":"2 Louse","floor":1,"turns":3},{"damage":0,"enemies":"Small Slimes","floor":2,"turns":3},{"damage":1,"enemies":"Cultist","floor":4,"turns":3},{"damage":1,"enemies":"2 Fungi Beasts","floor":7,"turns":2},{"damage":46,"enemies":"Lagavulin","floor":10,"turns":7},{"damage":8,"enemies":"Exordium Wildlife","floor":11,"turns":3},{"damage":8,"enemies":"Large Slime","floor":12,"turns":5},{"damage":7,"enemies":"Looter","floor":13,"turns":3},{"damage":54,"enemies":"The Guardian","floor":16,"turns":9}],"seed_played":"-5419893620578155386","potions_obtained":[{"floor":1,"key":"EssenceOfSteel"},{"floor":5,"key":"hermit:Eclipse"},{"floor":10,"key":"FearPotion"},{"floor":11,"key":"ColorlessPotion"},{"floor":13,"key":"Elixir"}],"is_trial":false,"path_per_floor":["M","M","?","M","?","R","M","?","T","E","M","M","M","$","R","B"],"character_chosen":"HERMIT","items_purchased":["Regal Pillow","Tiny Chest"],"campfire_rested":2,"item_purchase_floors":[14,14],"current_hp_per_floor":[58,58,58,57,57,80,79,80,80,34,26,18,11,11,50,0,0],"gold":24,"neow_bonus":"ONE_RARE_RELIC","is_daily":false,"chose_seed":false,"campfire_upgraded":0,"win_rate":0.0,"timestamp":1608695197,"path_taken":["M","M","?","M","?","R","?","?","T","E","M","M","M","$","R","BOSS"],"items_purchased_type":["Relic","Relic"],"build_version":"2020-12-13","purchased_purges":1,"victory":false,"max_hp_per_floor":[80,80,80,80,80,80,80,80,80,80,80,80,80,80,80,80,80],"card_choices":[{"not_picked":["hermit:FullyLoaded","hermit:Glare","hermit:Roulette"],"picked":"SKIP","floor":1},{"not_picked":["hermit:Gestalt","hermit:HighCaliber","hermit:Combo"],"picked":"SKIP","floor":2},{"not_picked":["hermit:BodyArmor","hermit:Glare"],"picked":"hermit:Misfire","floor":4},{"not_picked":["hermit:Quickdraw","hermit:Misfire"],"picked":"hermit:CursedWeapon","floor":7},{"not_picked":["hermit:Determination","hermit:Feint"],"picked":"hermit:TakeAim","floor":10},{"not_picked":["hermit:ItchyTrigger","hermit:NoHoldsBarred"],"picked":"hermit:Headshot","floor":11},{"not_picked":["hermit:Ricochet","hermit:CalledShot","hermit:ItchyTrigger"],"picked":"SKIP","floor":12},{"not_picked":["hermit:CursedWeapon","hermit:Malice","hermit:Roulette"],"picked":"SKIP","floor":13}],"player_experience":711283,"relics_obtained":[{"floor":3,"key":"ReplayTheSpireMod:Ring of Exchange"},{"floor":3,"key":"Ring of Greed"},{"floor":3,"key":"MawBank"},{"floor":3,"key":"Replay:Wax Seal"},{"floor":9,"key":"hubris:CuriousFeather"},{"floor":10,"key":"Bottled Flame"}],"event_choices":[{"damage_healed":0,"gold_gain":0,"player_choice":"Bought 1 Potion","damage_taken":0,"max_hp_gain":0,"max_hp_loss":0,"event_name":"The Woman in Blue","floor":5,"gold_loss":0},{"damage_healed":20,"gold_gain":0,"player_choice":"Healed and dodged fight","damage_taken":0,"max_hp_gain":0,"max_hp_loss":0,"event_name":"Mushrooms","floor":8,"gold_loss":0,"cards_obtained":["Parasite"]}],"is_beta":false,"boss_relics":[],"items_purged_floors":[14],"is_endless":false,"potions_floor_spawned":[1,10,11,13],"killed_by":"The Guardian","ascension_level":1}}