{"host":"wvaiab5ya9pyia0u","time":1608727590,"event":{"mods":["2.2 Compatiblity","Aspiration","Bard","BaseMod","Bestiary","BetterRewards","Challenge The Spire","Colored Powertips","Conspire","Custom Start","DeckTracker","Hermit","Highlight Path","Hubris","Humility","Infinite Spire","Mimic Mod","Minty Spire (QoL Compilation)","Practice Mode","Quick Restart","Rare Cards Sparkle","Replay The Spire","Reworked Bosses","SacredBarkPlus","Shop Mod","Spicy Shops","StSLib","The Blue Laboratory","The Construct","The Cursed","The Disciple","The Factory","The Hierophant","The Jungle","The Mystic","The Runesmith","The Servant 0.9.4","TheBandit","Thieving Mod","Wandering Minibosses","everything is the same but u backflip on backflip","slay the spire mod where everything is the same but ironclad has a cowboy hat"],"gold_per_floor":[114,127,127,302,315,342,356,356,388,388,400,413,413,413,413,516,516,530,226,241,241,257,257,292,292,292,292,292,292,292],"floor_reached":29,"playtime":1585,"items_purged":["hermit:Strike_Hermit"],"score":418,"play_id":"1a22ea81-b4ae-4c99-83f8-5570becaaa5d","local_time":"20201223134630","is_ascension_mode":false,"campfire_choices":[{"floor":8.0,"key":"REST"},{"floor":10.0,"key":"REST"},{"data":"Demon Form","floor":15.0,"key":"SMITH"},{"data":"infinitespire:SevenWalls","floor":23.0,"key":"SMITH"},{"floor":28,"key":"REST"}],"circlet_count":0,"master_deck":["hermit:Strike_Hermit","hermit:Strike_Hermit","hermit:Strike_Hermit","hermit:Defend_Hermit","hermit:Defend_Hermit","hermit:Defend_Hermit","hermit:Defend_Hermit","hermit:Snapshot","hermit:Covet","hermit:BodyArmor","Panache","conspire:Banana","Finesse","Demon Form+1","hermit:HoleUp","Twin Strike","hermit:FlashPowder","hermit:Headshot","ReplayTheSpireMod:Limb From Limb","ReplayTheSpireMod:Echoes of Time","infinitespire:SevenWalls+1","hermit:RoundhouseKick","hermit:Horror+1","hermit:Enervate","EmptyFist+1","DevaForm"],"relics":["hermit:Momento","aspiration:Nostalgia","m_CorellonBlood","ReplayTheSpireMod:ShopPack","Replay:Bottled Flurry","aspiration:BabyByrd","hubris:MysteriousPyramids","Iron Hammer","aspiration:WatcherSkillbook","Boot","Quantum Egg","hermit:Spyglass"],"acts_visited":["Exordium","TheCity"],"potions_floor_usage":[],"damage_taken":[{"damage":0.0,"enemies":"Cultist","floor":1.0,"turns":3.0},{"damage":0.0,"enemies":"conspire:RoseBush","floor":2.0,"turns":3.0},{"damage":0.0,"enemies":"2 Louse","floor":5.0,"turns":3.0},{"damage":57.0,"enemies":"3 Sentries","floor":6.0,"turns":10.0},{"damage":0.0,"enemies":"Large Slime","floor":7.0,"turns":7.0},{"damage":9.0,"enemies":"Lots of Slimes","floor":9.0,"turns":8.0},{"damage":0.0,"enemies":"Lots of Slimes","floor":11.0,"turns":3.0},{"damage":0.0,"enemies":"Looter","floor":12.0,"turns":3.0},{"damage":0.0,"enemies":"Hexaghost","floor":16.0,"turns":10.0},{"damage":12.0,"enemies":"conspire:FuzzyDice","floor":18.0,"turns":5.0},{"damage":4.0,"enemies":"Chosen","floor":20.0,"turns":4.0},{"damage":23.0,"enemies":"Shelled Parasite and Fungi","floor":22.0,"turns":5.0},{"damage":25,"enemies":"conspire:Head Lice","floor":24,"turns":7},{"damage":58,"enemies":"Nightmare","floor":29,"turns":5}],"seed_played":"7055666561073614269","potions_obtained":[{"floor":7.0,"key":"SteroidPotion"},{"floor":11.0,"key":"construct:ShiftPotion"},{"floor":12.0,"key":"blueLaboratory:PhilterOfMotion"}],"is_trial":false,"path_per_floor":["M","M","?","?","M","E","M","R","MIM","R","M","M","AVR","?","R","B",null,"M","$","M","?","M","R","E","?","T","?","R","NM"],"character_chosen":"HERMIT","items_purchased":["aspiration:Nostalgia","ReplayTheSpireMod:ShopPack","hermit:BodyArmor","Boot","hermit:Enervate"],"campfire_rested":3,"item_purchase_floors":[0,0,0,19,19],"current_hp_per_floor":[76,77,77,77,78,22,23,47,39,63,65,66,66,59,59,61,86,76,76,74,74,52,52,29,29,29,29,56,0,0],"gold":292,"neow_bonus":"","is_daily":false,"chose_seed":false,"campfire_upgraded":2,"win_rate":0.0,"timestamp":1608727590,"path_taken":["M","?","?","?","M","E","M","R","MIM","R","?","M","$","?","R","BOSS","M","$","M","?","M","R","E","?","T","?","R","NM"],"items_purchased_type":["Relic","Relic","Card","Relic","Card"],"build_version":"2020-12-22","purchased_purges":1,"victory":false,"max_hp_per_floor":[76,77,77,77,78,79,80,80,81,81,83,84,84,84,84,86,86,88,88,90,90,91,91,93,93,93,93,93,94,94],"card_choices":[{"not_picked":["ReplayTheSpireMod:Brewmster","Secret Technique"],"picked":"Panache","floor":0.0},{"not_picked":["Dark Shackles","Replay:Sssssssssshield"],"picked":"conspire:Banana","floor":0.0},{"not_picked":["Madness","ReplayTheSpireMod:Uncanny Aura"],"picked":"Finesse","floor":0.0},{"not_picked":["hermit:Roulette","hermit:Quickdraw"],"picked":"Demon Form","floor":1.0},{"not_picked":["hermit:Determination","Clothesline"],"picked":"hermit:HoleUp","floor":2.0},{"not_picked":["hermit:Coalescence","hermit:ItchyTrigger"],"picked":"Twin Strike","floor":5.0},{"not_picked":["hermit:Grudge","hermit:FullyLoaded"],"picked":"hermit:FlashPowder","floor":6.0},{"not_picked":["hermit:DeadMansHand","hermit:HighCaliber"],"picked":"hermit:Headshot","floor":7.0},{"not_picked":["hermit:Feint","hermit:Desperado","hermit:Coalescence"],"picked":"SKIP","floor":11.0},{"not_picked":["Uppercut","Shockwave"],"picked":"ReplayTheSpireMod:Limb From Limb","floor":12.0},{"not_picked":["hermit:Roughhouse","hermit:Adapt"],"picked":"hermit:RoundhouseKick","floor":16.0},{"not_picked":["hermit:Ricochet","hermit:Snipe","hermit:Gestalt"],"picked":"hermit:Horror+1","floor":18.0},{"not_picked":["hermit:SprayPray","hermit:Spite+1","Protect"],"picked":"EmptyFist+1","floor":20.0},{"not_picked":["FlyingSleeves+1","Replay:Anticipation","Consecrate+1"],"picked":"DevaForm","floor":22.0},{"not_picked":["Protect","hermit:Snipe","PathToVictory+1","hermit:GoldenBullet"],"picked":"SKIP","floor":24}],"player_experience":195396,"relics_obtained":[{"floor":6.0,"key":"hubris:MysteriousPyramids"},{"floor":9.0,"key":"Iron Hammer"},{"floor":24,"key":"Quantum Egg"},{"floor":27,"key":"hermit:Spyglass"}],"event_choices":[{"damage_healed":0.0,"max_hp_gain":0.0,"max_hp_loss":0.0,"gold_gain":175.0,"event_name":"Liars Game","player_choice":"AGREE","floor":4.0,"gold_loss":0.0,"damage_taken":0.0,"cards_obtained":["Doubt"]},{"cards_removed":["Doubt"],"damage_healed":0.0,"max_hp_gain":0.0,"max_hp_loss":0.0,"gold_gain":0.0,"event_name":"Golden Wing","player_choice":"Card Removal","floor":14.0,"gold_loss":0.0,"damage_taken":7.0},{"damage_healed":0,"gold_gain":0,"player_choice":"Relic","damage_taken":0,"max_hp_gain":0,"max_hp_loss":0,"event_name":"Wheel of Change","floor":27,"gold_loss":0}],"is_beta":false,"boss_relics":[{"not_picked":["hubris:CrackedHourglass","SlaversCollar"],"picked":"aspiration:WatcherSkillbook"}],"items_purged_floors":[19],"is_endless":false,"potions_floor_spawned":[7,11,12,16,20],"killed_by":"Nightmare","ascension_level":0}}