{"host":"ve1tu2pxpq596wfw","time":1608743321,"event":{"mods":["BaseMod","Highlight Path","Infinite Spire","Minty Spire (QoL Compilation)","Random Character Button","Shop Mod","StSLib","The Blue Laboratory","The Jungle"],"gold_per_floor":[114,129,129,149,160,188,188,198,247,273,288,314,377,403,412,518,518,543,588,603,612,629,664,579,579,579],"floor_reached":25,"playtime":2059,"items_purged":[],"score":292,"play_id":"26712759-15f1-4476-85ee-9300cf7e6612","local_time":"20201223170841","is_ascension_mode":true,"campfire_choices":[{"floor":15,"key":"REST"}],"circlet_count":0,"master_deck":["Defend_B","Defend_B","Defend_B","Zap","Dualcast+1","Leap","White Noise","Heatsinks+1","Cold Snap","Loop","Conserve Battery","Coolheaded","Leap","Creative AI","Ball Lightning","Seek","Loop","Bite","Bite","Bite","Bite","Bite","infinitespire:Oblivion","Consume"],"relics":["Cracked Core","infinitespire:Freezer","Dream Catcher","Eternal Feather","Bag of Marbles","Strawberry","CeramicFish","Philosopher\u0027s Stone","Velvet Choker","TheAbacus","infinitespire:Lucky Rock","Bag of Preparation"],"acts_visited":["Exordium","TheCity"],"potions_floor_usage":[6,10,16,22,23],"damage_taken":[{"damage":0,"enemies":"Jaw Worm","floor":1,"turns":4},{"damage":0,"enemies":"infinitespire:Voidling","floor":2,"turns":3},{"damage":2,"enemies":"Small Slimes","floor":4,"turns":4},{"damage":0,"enemies":"3 Louse","floor":5,"turns":1},{"damage":11,"enemies":"Lagavulin","floor":6,"turns":8},{"damage":4,"enemies":"Blue Slaver","floor":8,"turns":4},{"damage":14,"enemies":"Gremlin Nob","floor":10,"turns":5},{"damage":9,"enemies":"Looter","floor":11,"turns":3},{"damage":1,"enemies":"3 Sentries","floor":12,"turns":3},{"damage":10,"enemies":"Lagavulin Event","floor":13,"turns":7},{"damage":29,"enemies":"Hexaghost","floor":16,"turns":10},{"damage":35,"enemies":"3 Byrds","floor":18,"turns":6},{"damage":14,"enemies":"Shell Parasite","floor":20,"turns":5},{"damage":22,"enemies":"Centurion and Healer","floor":22,"turns":6},{"damage":28,"enemies":"Nightmare","floor":23,"turns":6},{"damage":29,"enemies":"Slavers","floor":25,"turns":5}],"seed_played":"-8807697386115704096","potions_obtained":[{"floor":4,"key":"Block Potion"},{"floor":5,"key":"Strength Potion"},{"floor":11,"key":"blueLaboratory:Moonshine"},{"floor":13,"key":"AttackPotion"},{"floor":16,"key":"PowerPotion"},{"floor":20,"key":"blueLaboratory:BottleOfRum"}],"is_trial":false,"path_per_floor":["M","M","?","M","M","E","?","M","T","E","M","E","?","T","R","B",null,"M","?","M","AVR","M","NM","?","E"],"character_chosen":"DEFECT","items_purchased":[],"campfire_rested":1,"item_purchase_floors":[],"current_hp_per_floor":[75,75,75,73,73,62,47,43,43,29,20,19,16,16,49,20,82,47,47,41,41,33,17,17,0,0],"gold":579,"neow_bonus":"RANDOM_COMMON_RELIC","is_daily":false,"chose_seed":false,"campfire_upgraded":0,"win_rate":0.0,"timestamp":1608743321,"path_taken":["M","M","?","M","?","E","?","M","T","E","M","E","?","?","R","BOSS","M","?","M","AVR","M","NM","?","E"],"items_purchased_type":[],"build_version":"2020-12-22","purchased_purges":0,"victory":false,"max_hp_per_floor":[75,75,75,75,75,75,75,75,75,75,75,75,82,82,82,82,82,82,57,57,57,57,57,57,57,57],"card_choices":[{"not_picked":["Conserve Battery","Turbo"],"picked":"Leap","floor":1},{"not_picked":["Barrage","Turbo"],"picked":"White Noise","floor":2},{"not_picked":["Turbo","Force Field"],"picked":"Heatsinks","floor":4},{"not_picked":["Compile Driver","Gash"],"picked":"Cold Snap","floor":5},{"not_picked":["Stack","Auto Shields","Meteor Strike"],"picked":"SKIP","floor":6},{"not_picked":["Turbo","Blizzard"],"picked":"Loop","floor":8},{"not_picked":["Barrage","Aggregate"],"picked":"Conserve Battery","floor":10},{"not_picked":["Go for the Eyes","Leap"],"picked":"Coolheaded","floor":11},{"not_picked":["Rebound","Aggregate"],"picked":"Leap","floor":12},{"not_picked":["Compile Driver","Static Discharge"],"picked":"Creative AI","floor":13},{"not_picked":["Stack","Gash"],"picked":"Ball Lightning","floor":15},{"not_picked":["All For One","Biased Cognition"],"picked":"Seek","floor":16},{"not_picked":["Compile Driver+1","Tempest"],"picked":"Loop","floor":18},{"not_picked":["Steam","Self Repair+1","Go for the Eyes"],"picked":"SKIP","floor":20},{"not_picked":["Genetic Algorithm","Gash","Compile Driver"],"picked":"SKIP","floor":22},{"not_picked":["Sweeping Beam+1","Loop+1"],"picked":"Consume","floor":23}],"player_experience":214663,"relics_obtained":[{"floor":6,"key":"Dream Catcher"},{"floor":10,"key":"Eternal Feather"},{"floor":12,"key":"Bag of Marbles"},{"floor":14,"key":"CeramicFish"},{"floor":23,"key":"infinitespire:Lucky Rock"}],"event_choices":[{"cards_removed":["Defend_B"],"damage_healed":0,"gold_gain":0,"player_choice":"Purged","damage_taken":0,"max_hp_gain":0,"max_hp_loss":0,"event_name":"Purifier","floor":3,"gold_loss":0},{"damage_healed":0,"gold_gain":0,"player_choice":"Entered Light","damage_taken":15,"max_hp_gain":0,"max_hp_loss":0,"event_name":"Shining Light","floor":7,"gold_loss":0,"cards_upgraded":["Dualcast","Heatsinks"]},{"damage_healed":0,"gold_gain":0,"player_choice":"Searched \u00272\u0027 times","damage_taken":0,"relics_obtained":["Strawberry"],"max_hp_gain":0,"max_hp_loss":0,"event_name":"Dead Adventurer","floor":13,"gold_loss":0},{"damage_healed":0,"gold_gain":0,"player_choice":"Became a vampire","damage_taken":0,"max_hp_gain":0,"max_hp_loss":25,"event_name":"Vampires","floor":19,"gold_loss":0,"cards_obtained":["Bite","Bite","Bite","Bite","Bite"]},{"damage_healed":0,"gold_gain":0,"player_choice":"Obtained Relic","damage_taken":0,"relics_obtained":["Bag of Preparation"],"max_hp_gain":0,"max_hp_loss":0,"event_name":"Addict","floor":24,"gold_loss":85}],"is_beta":false,"boss_relics":[{"not_picked":["Runic Pyramid","Black Star"],"picked":"Philosopher\u0027s Stone"}],"items_purged_floors":[],"is_endless":true,"potions_floor_spawned":[4,5,11,13,16,20],"killed_by":"Slavers","ascension_level":2}}