{"host":"Ian","time":1608734116,"event":{"mods":["BaseMod","Bestiary","Block Reminder","Colored Map","Highlight Path","Key Reminder","Minty Spire (QoL Compilation)","Relic Stats"],"gold_per_floor":[365,95,106,119,194,194,220,37,108,108,138,138,149,168,168,242,242,259,259,184,200,216,243,261,292,319,319,337,337,367,367,367],"floor_reached":31,"playtime":1581,"items_purged":["Decay","Strike_R"],"score":610,"play_id":"149c244e-a4b1-489c-a8c4-4dd573561d55","local_time":"20201223143516","is_ascension_mode":true,"campfire_choices":[{"data":"Immolate","floor":6,"key":"SMITH"},{"data":"Fire Breathing","floor":10,"key":"SMITH"},{"data":"Metallicize","floor":12,"key":"SMITH"},{"data":"Wild Strike","floor":15,"key":"SMITH"},{"floor":27,"key":"REST"}],"circlet_count":0,"master_deck":["AscendersBane","Strike_R","Strike_R","Strike_R","Defend_R","Defend_R","Defend_R","Defend_R","Bash","Pommel Strike","Immolate+1","Metallicize+1","Spot Weakness","Ghostly Armor","Fire Breathing+1","Wild Strike+1","Fire Breathing","Fiend Fire","Evolve+1","Flame Barrier","Second Wind","True Grit+1","Sentinel"],"relics":["Burning Blood","Pen Nib","InkBottle","Dream Catcher","Snecko Eye","Enchiridion","Shuriken","Paper Frog","Bag of Marbles","Calipers","keyreminder:keyreminder"],"acts_visited":["Exordium","TheCity"],"potions_floor_usage":[7,11,23],"damage_taken":[{"damage":11,"enemies":"Cultist","floor":1,"turns":4},{"damage":0,"enemies":"2 Louse","floor":3,"turns":3},{"damage":0,"enemies":"Small Slimes","floor":4,"turns":2},{"damage":8,"enemies":"Gremlin Nob","floor":7,"turns":3},{"damage":7,"enemies":"3 Sentries","floor":11,"turns":4},{"damage":7,"enemies":"Exordium Wildlife","floor":13,"turns":3},{"damage":8,"enemies":"Blue Slaver","floor":14,"turns":2},{"damage":30,"enemies":"Hexaghost","floor":16,"turns":7},{"damage":6,"enemies":"2 Thieves","floor":18,"turns":2},{"damage":2,"enemies":"3 Byrds","floor":21,"turns":2},{"damage":4,"enemies":"Centurion and Healer","floor":22,"turns":6},{"damage":17,"enemies":"Book of Stabbing","floor":23,"turns":4},{"damage":1,"enemies":"Sentry and Sphere","floor":24,"turns":2},{"damage":45,"enemies":"Slavers","floor":25,"turns":3},{"damage":18,"enemies":"Snecko","floor":28,"turns":3},{"damage":5,"enemies":"Book of Stabbing","floor":30,"turns":4},{"damage":25,"enemies":"3 Cultists","floor":31,"turns":3}],"seed_played":"-3319625181435870880","potions_obtained":[{"floor":1,"key":"AttackPotion"},{"floor":7,"key":"Block Potion"},{"floor":11,"key":"SteroidPotion"},{"floor":18,"key":"Regen Potion"},{"floor":23,"key":"ElixirPotion"},{"floor":25,"key":"Ancient Potion"}],"is_trial":false,"path_per_floor":["M","$","M","M","?","R","E","$","T","R","E","R","M","M","R","B",null,"M","?","?","M","M","E","M","E","T","R","M","?","E","M"],"character_chosen":"IRONCLAD","items_purchased":["Immolate","Metallicize","Fire Breathing"],"campfire_rested":1,"item_purchase_floors":[2,2,8],"current_hp_per_floor":[63,63,69,75,64,64,62,62,62,62,61,61,60,58,58,34,65,65,44,44,48,50,48,53,14,14,36,24,24,25,0,0],"gold":367,"neow_bonus":"TWO_FIFTY_GOLD","is_daily":false,"chose_seed":false,"campfire_upgraded":4,"win_rate":0.0,"timestamp":1608734116,"path_taken":["M","$","M","M","?","R","E","$","T","R","E","R","M","M","R","BOSS","M","?","?","M","M","E","M","E","T","R","?","?","E","M"],"items_purchased_type":["Card","Card","Card"],"build_version":"2020-12-18","purchased_purges":2,"victory":false,"max_hp_per_floor":[75,75,75,75,75,75,75,75,75,75,75,75,75,75,75,75,75,75,75,75,75,75,75,75,75,75,75,75,75,75,75,75],"relic_stats":{"Dream Catcher":1,"counters":[17,57],"Shuriken":[0],"Snecko Eye":[55,48,53,43],"Pen Nib":[5],"obtain_stats":[{"keyreminder:keyreminder":30,"Dream Catcher":11,"Calipers":30,"Shuriken":23,"Snecko Eye":17,"Enchiridion":19,"Pen Nib":7,"Bag of Marbles":26,"Burning Blood":0,"InkBottle":9,"Paper Frog":25},{"keyreminder:keyreminder":16,"Dream Catcher":5,"Calipers":16,"Shuriken":12,"Snecko Eye":8,"Enchiridion":9,"Pen Nib":4,"Bag of Marbles":14,"Burning Blood":0,"InkBottle":4,"Paper Frog":14},{"keyreminder:keyreminder":54,"Dream Catcher":16,"Calipers":54,"Shuriken":42,"Snecko Eye":28,"Enchiridion":30,"Pen Nib":12,"Bag of Marbles":47,"Burning Blood":0,"InkBottle":12,"Paper Frog":47}],"Burning Blood":96,"InkBottle":[11]},"card_choices":[{"not_picked":["Perfected Strike","Flex"],"picked":"Pommel Strike","floor":1},{"not_picked":["Sever Soul","Clothesline","Havoc"],"picked":"SKIP","floor":3},{"not_picked":["Pommel Strike","Warcry"],"picked":"Spot Weakness","floor":4},{"not_picked":["Body Slam","Dropkick"],"picked":"Ghostly Armor","floor":7},{"not_picked":["Heavy Blade","Searing Blow","Rage"],"picked":"SKIP","floor":11},{"not_picked":["Body Slam","Immolate"],"picked":"Wild Strike","floor":13},{"not_picked":["Sever Soul","Iron Wave"],"picked":"Fire Breathing","floor":14},{"not_picked":["Limit Break","Reaper"],"picked":"Fiend Fire","floor":16},{"not_picked":["Clothesline","Clash","Infernal Blade"],"picked":"SKIP","floor":18},{"not_picked":["Havoc","Fire Breathing"],"picked":"Evolve+1","floor":21},{"not_picked":["Clothesline","Heavy Blade"],"picked":"Flame Barrier","floor":22},{"not_picked":["Headbutt","Clothesline"],"picked":"Second Wind","floor":23},{"not_picked":["Shrug It Off","Perfected Strike"],"picked":"True Grit+1","floor":24},{"not_picked":["Havoc","Carnage","Fiend Fire"],"picked":"SKIP","floor":25},{"not_picked":["Blood for Blood","Bloodletting+1","Pommel Strike"],"picked":"SKIP","floor":28},{"not_picked":["Iron Wave","Seeing Red"],"picked":"Sentinel","floor":30}],"player_experience":2592330,"relics_obtained":[{"floor":7,"key":"Pen Nib"},{"floor":9,"key":"InkBottle"},{"floor":11,"key":"Dream Catcher"},{"floor":19,"key":"Enchiridion"},{"floor":23,"key":"Shuriken"},{"floor":25,"key":"Paper Frog"},{"floor":26,"key":"Bag of Marbles"},{"floor":30,"key":"Calipers"}],"event_choices":[{"damage_healed":0,"gold_gain":75,"player_choice":"Gather Gold","damage_taken":11,"max_hp_gain":0,"max_hp_loss":0,"event_name":"World of Goop","floor":5,"gold_loss":0},{"damage_healed":0,"gold_gain":0,"player_choice":"Obtained Book","damage_taken":21,"max_hp_gain":0,"max_hp_loss":0,"event_name":"Cursed Tome","floor":19,"gold_loss":0},{"cards_removed":["Strike_R"],"damage_healed":0,"gold_gain":0,"player_choice":"Gave Gold","damage_taken":0,"max_hp_gain":0,"max_hp_loss":0,"event_name":"Beggar","floor":20,"gold_loss":75},{"damage_healed":0,"gold_gain":0,"player_choice":"Ignored","damage_taken":0,"max_hp_gain":0,"max_hp_loss":0,"event_name":"The Mausoleum","floor":29,"gold_loss":0}],"is_beta":true,"boss_relics":[{"not_picked":["SacredBark","SlaversCollar"],"picked":"Snecko Eye"}],"items_purged_floors":[2,8],"is_endless":false,"potions_floor_spawned":[1,7,11,18,23,25],"killed_by":"3 Cultists","ascension_level":20}}