{"host":"fxrgx7wt2cpkbhka","time":1608697006,"event":{"mods":["AchievementEnabler","BaseMod","Colored Powertips","Minty Spire (QoL Compilation)","Permanent Neow","Slay-I","StSLib","Waifu the Spire"],"gold_per_floor":[359,359,64,64,75,104,124,124,124,156,46,46,46,58,58,157,157,174,55,55,20,39,39,68,68,92,92,92,107,107,107,107,210,210,230,246,246,266,266,266,294,294,294,294,294],"floor_reached":44,"playtime":1417,"items_purged":[],"score":736,"play_id":"08f494b8-2d6b-4714-b806-9998777b5e8e","local_time":"20201222201646","is_ascension_mode":true,"campfire_choices":[{"floor":8,"key":"REST"},{"data":"Inflame","floor":12,"key":"SMITH"},{"floor":15,"key":"REST"},{"data":"Spot Weakness","floor":23,"key":"SMITH"},{"data":"Metallicize","floor":25,"key":"SMITH"},{"data":"Sword Boomerang","floor":28,"key":"SMITH"},{"floor":32,"key":"REST"},{"data":"Reaper","floor":40,"key":"SMITH"},{"data":"Uppercut","floor":42,"key":"SMITH"}],"circlet_count":0,"master_deck":["AscendersBane","Strike_R","Strike_R","Strike_R","Defend_R","Defend_R","Defend_R+1","Bash","Infernal Blade+1","Armaments+1","Sword Boomerang+1","Spot Weakness+1","Inflame+1","Clash","Uppercut+1","Disarm","Metallicize+1","Clash+1","Reaper+1","Combust+1","Blood for Blood+1","Combust+1","Rage+1","Inflame+1"],"relics":["Burning Blood","Membership Card","Meat on the Bone","HornCleat","Mercury Hourglass","White Beast Statue","Juzu Bracelet","Runic Dome","Nloth\u0027s Gift","Tiny Chest","Orichalcum","Enchiridion","Astrolabe","Eternal Feather","Mummified Hand"],"acts_visited":["Exordium","TheCity","TheBeyond"],"potions_floor_usage":[16,18,18,33],"damage_taken":[{"damage":2,"enemies":"Jaw Worm","floor":1,"turns":3},{"damage":1,"enemies":"Cultist","floor":5,"turns":3},{"damage":37,"enemies":"Gremlin Nob","floor":6,"turns":5},{"damage":0,"enemies":"2 Louse","floor":7,"turns":3},{"damage":32,"enemies":"Lagavulin","floor":10,"turns":6},{"damage":6,"enemies":"Exordium Thugs","floor":14,"turns":3},{"damage":34,"enemies":"The Guardian","floor":16,"turns":9},{"damage":0,"enemies":"Spheric Guardian","floor":18,"turns":1},{"damage":22,"enemies":"2 Thieves","floor":22,"turns":3},{"damage":24,"enemies":"Gremlin Leader","floor":24,"turns":6},{"damage":2,"enemies":"Cultist and Chosen","floor":29,"turns":4},{"damage":29,"enemies":"Champ","floor":33,"turns":10},{"damage":8,"enemies":"3 Shapes","floor":35,"turns":2},{"damage":26,"enemies":"3 Darklings","floor":36,"turns":5},{"damage":24,"enemies":"Jaw Worm Horde","floor":38,"turns":3},{"damage":60,"enemies":"Giant Head","floor":41,"turns":7},{"damage":37,"enemies":"Nemesis","floor":44,"turns":3}],"seed_played":"-671946732361099599","potions_obtained":[{"floor":10,"key":"SteroidPotion"},{"floor":14,"key":"DistilledChaos"},{"floor":16,"key":"Strength Potion"},{"floor":18,"key":"DuplicationPotion"},{"floor":22,"key":"Ancient Potion"},{"floor":33,"key":"Dexterity Potion"},{"floor":41,"key":"Regen Potion"}],"is_trial":false,"path_per_floor":["M","?","$","?","M","E","M","R","T","E","$","R","$","M","R","B",null,"M","$","?","$","M","R","E","R","T","?","R","M","?","?","R","B",null,"M","M","T","M","?","R","E","R","T","E"],"character_chosen":"IRONCLAD","items_purchased":["Membership Card","Meat on the Bone","Armaments","Inflame","Juzu Bracelet","Lee\u0027s Waffle","Uppercut","Disarm"],"campfire_rested":3,"item_purchase_floors":[3,3,3,11,11,19,19,21],"current_hp_per_floor":[55,39,39,39,56,37,55,79,79,53,53,53,53,53,77,49,72,78,87,87,87,71,71,53,53,53,53,53,57,40,24,51,40,79,77,57,57,63,63,63,21,33,33,0,0],"gold":294,"neow_bonus":"TWO_FIFTY_GOLD","is_daily":false,"chose_seed":false,"campfire_upgraded":6,"win_rate":0.0,"timestamp":1608697006,"path_taken":["M","?","$","?","?","E","M","R","T","E","$","R","?","M","R","BOSS","M","$","?","?","M","R","E","R","T","?","R","M","?","?","R","BOSS","M","M","?","M","?","R","E","R","T","E"],"items_purchased_type":["Relic","Relic","Card","Card","Relic","Relic","Card","Card"],"build_version":"2020-12-13","purchased_purges":0,"victory":false,"max_hp_per_floor":[80,80,80,80,80,80,80,80,80,80,80,80,80,80,80,80,80,80,87,87,87,87,87,87,87,87,87,87,87,92,92,92,92,92,92,92,92,92,92,92,92,92,92,92,92],"card_choices":[{"not_picked":["Anger","Havoc"],"picked":"Infernal Blade","floor":1},{"not_picked":["Blood for Blood","Warcry","Headbutt"],"picked":"SKIP","floor":5},{"not_picked":["Heavy Blade","Anger","Sword Boomerang"],"picked":"SKIP","floor":6},{"not_picked":["Havoc","Clothesline"],"picked":"Sword Boomerang","floor":7},{"not_picked":["Ghostly Armor","Double Tap"],"picked":"Spot Weakness","floor":10},{"not_picked":["Havoc","Perfected Strike"],"picked":"Clash","floor":14},{"not_picked":["Whirlwind","Wild Strike","Thunderclap"],"picked":"SKIP","floor":18},{"not_picked":["Battle Trance","Iron Wave","Power Through"],"picked":"SKIP","floor":22},{"not_picked":["Dark Embrace","Wild Strike"],"picked":"Metallicize","floor":24},{"not_picked":["True Grit","Sword Boomerang"],"picked":"Clash+1","floor":29},{"not_picked":["Juggernaut","Corruption"],"picked":"Reaper","floor":33},{"not_picked":["Dual Wield","Iron Wave","Havoc"],"picked":"SKIP","floor":35},{"not_picked":["Flex","Shockwave"],"picked":"Rage+1","floor":36},{"not_picked":["Anger","Shrug It Off+1","Thunderclap"],"picked":"SKIP","floor":38},{"not_picked":["Body Slam","Blood for Blood","Brutality"],"picked":"SKIP","floor":41}],"player_experience":669070,"relics_obtained":[{"floor":6,"key":"HornCleat"},{"floor":9,"key":"Mercury Hourglass"},{"floor":10,"key":"White Beast Statue"},{"floor":24,"key":"Tiny Chest"},{"floor":26,"key":"Orichalcum"},{"floor":31,"key":"Enchiridion"},{"floor":41,"key":"Eternal Feather"},{"floor":43,"key":"Mummified Hand"}],"event_choices":[{"damage_healed":0,"gold_gain":0,"player_choice":"Entered Light","damage_taken":16,"max_hp_gain":0,"max_hp_loss":0,"event_name":"Shining Light","floor":2,"gold_loss":0,"cards_upgraded":["Defend_R","Infernal Blade"]},{"damage_healed":0,"gold_gain":0,"player_choice":"Upgraded","damage_taken":0,"max_hp_gain":0,"max_hp_loss":0,"event_name":"Upgrade Shrine","floor":4,"gold_loss":0,"cards_upgraded":["Armaments"]},{"damage_healed":0,"gold_gain":0,"player_choice":"Traded Relic","damage_taken":0,"relics_obtained":["Nloth\u0027s Gift"],"max_hp_gain":0,"max_hp_loss":0,"event_name":"N\u0027loth","floor":20,"relics_lost":["Lee\u0027s Waffle"],"gold_loss":0},{"damage_healed":0,"gold_gain":0,"player_choice":"Ignored","damage_taken":0,"max_hp_gain":0,"max_hp_loss":0,"event_name":"Ghosts","floor":27,"gold_loss":0},{"damage_healed":0,"gold_gain":0,"player_choice":"Shed Blood","damage_taken":22,"max_hp_gain":5,"max_hp_loss":0,"event_name":"Forgotten Altar","floor":30,"gold_loss":0},{"damage_healed":0,"gold_gain":0,"player_choice":"Obtained Book","damage_taken":16,"max_hp_gain":0,"max_hp_loss":0,"event_name":"Cursed Tome","floor":31,"gold_loss":0},{"damage_healed":0,"gold_gain":0,"player_choice":"Copied","damage_taken":0,"max_hp_gain":0,"max_hp_loss":0,"event_name":"Duplicator","floor":39,"gold_loss":0,"cards_obtained":["Inflame"]}],"is_beta":false,"boss_relics":[{"not_picked":["Runic Pyramid","Tiny House"],"picked":"Runic Dome"},{"not_picked":["Empty Cage","Cursed Key"],"picked":"Astrolabe"}],"items_purged_floors":[],"is_endless":false,"potions_floor_spawned":[10,14,16,18,22,24,29,33,35,36,38,41],"killed_by":"Nemesis","ascension_level":12}}