{"host":"x4x6fw95e6eqd4n0","time":1608747187,"event":{"mods":["AchievementEnabler","BaseMod","Colored Map","Colored Powertips","DeckTracker","Minty Spire (QoL Compilation)"],"gold_per_floor":[110,72,89,89,89,89,118,118,118,43,62,62,118,142,142,241,241,255,119,134,134,134,134,144,144,214,214,214,230,230,241,241,241,241],"floor_reached":33,"playtime":1320,"items_purged":["Strike_B","Strike_B"],"score":266,"play_id":"87b9a94e-a9d1-4d05-9f6e-e32e849318ae","local_time":"20201223201307","is_ascension_mode":false,"campfire_choices":[{"data":"Loop","floor":6,"key":"SMITH"},{"data":"Loop","floor":8,"key":"SMITH"},{"data":"White Noise","floor":12,"key":"SMITH"},{"data":"Double Energy","floor":15,"key":"SMITH"},{"floor":23,"key":"REST"},{"data":"Creative AI","floor":25,"key":"SMITH"},{"data":"Force Field","floor":27,"key":"SMITH"},{"data":"Skim","floor":30,"key":"SMITH"},{"data":"Self Repair","floor":32,"key":"SMITH"}],"circlet_count":0,"master_deck":["Strike_B","Defend_B","Defend_B","Defend_B","Defend_B","Zap","Dualcast","White Noise+1","Loop+1","Redo","Loop+1","Coolheaded","Double Energy+1","Creative AI+1","Coolheaded+1","Skim+1","Force Field+1","Self Repair+1","Self Repair+1","Cold Snap"],"relics":["Cracked Core","NeowsBlessing","Bronze Scales","WingedGreaves","Centennial Puzzle","Happy Flower","Sozu","Eternal Feather","Enchiridion"],"acts_visited":["Exordium","TheCity"],"potions_floor_usage":[16,29],"damage_taken":[{"damage":0,"enemies":"Cultist","floor":1,"turns":1},{"damage":0,"enemies":"Small Slimes","floor":3,"turns":1},{"damage":0,"enemies":"Lagavulin","floor":7,"turns":1},{"damage":6,"enemies":"Jaw Worm","floor":11,"turns":3},{"damage":38,"enemies":"Gremlin Nob","floor":13,"turns":4},{"damage":13,"enemies":"Hexaghost","floor":16,"turns":7},{"damage":18,"enemies":"3 Byrds","floor":18,"turns":3},{"damage":24,"enemies":"Spheric Guardian","floor":20,"turns":4},{"damage":0,"enemies":"Snecko","floor":24,"turns":7},{"damage":0,"enemies":"3 Cultists","floor":29,"turns":5},{"damage":32,"enemies":"Cultist and Chosen","floor":31,"turns":7},{"damage":75,"enemies":"Champ","floor":33,"turns":14}],"seed_played":"7026494107588470407","potions_obtained":[{"floor":1,"key":"FocusPotion"},{"floor":11,"key":"SpeedPotion"}],"is_trial":false,"path_per_floor":["M","$","M","?","?","R","E","R","T","$","M","R","?","T","R","B",null,"M","$","M","?","?","R","M","R","T","R","?","M","R","M","R","B"],"character_chosen":"DEFECT","items_purchased":["Loop","Skim"],"campfire_rested":1,"item_purchase_floors":[2,19],"current_hp_per_floor":[75,75,75,75,68,68,68,68,68,68,62,62,24,24,24,11,75,57,57,33,19,19,43,43,43,43,52,36,46,55,40,52,0,0],"gold":241,"neow_bonus":"THREE_ENEMY_KILL","is_daily":false,"chose_seed":false,"campfire_upgraded":8,"win_rate":0.0,"timestamp":1608747187,"path_taken":["M","$","M","?","?","R","E","R","T","?","M","R","?","?","R","BOSS","M","$","M","?","?","R","M","R","T","R","?","M","R","M","R","BOSS"],"items_purchased_type":["Card","Card"],"build_version":"2020-12-13","purchased_purges":2,"victory":false,"max_hp_per_floor":[75,75,75,75,75,75,75,75,75,75,75,75,75,75,75,75,75,75,75,75,80,80,80,80,80,80,80,80,80,80,80,80,80,80],"card_choices":[{"not_picked":["Defragment","Beam Cell"],"picked":"White Noise","floor":1},{"not_picked":["Stack","Steam","Redo"],"picked":"SKIP","floor":3},{"not_picked":["Stack","Steam"],"picked":"Redo","floor":3},{"not_picked":["Redo","Hologram"],"picked":"Loop","floor":7},{"not_picked":["Conserve Battery","Hologram"],"picked":"Coolheaded","floor":11},{"not_picked":["Compile Driver","Go for the Eyes"],"picked":"Double Energy","floor":13},{"not_picked":["Buffer","Biased Cognition"],"picked":"Creative AI","floor":16},{"not_picked":["Stack","Beam Cell"],"picked":"Coolheaded+1","floor":18},{"not_picked":["Conserve Battery","Beam Cell"],"picked":"Force Field","floor":20},{"not_picked":["Blizzard","Leap"],"picked":"Self Repair+1","floor":24},{"not_picked":["Steam","Darkness"],"picked":"Self Repair","floor":29},{"not_picked":["Streamline","Leap+1"],"picked":"Cold Snap","floor":31}],"player_experience":44581,"relics_obtained":[{"floor":7,"key":"Bronze Scales"},{"floor":9,"key":"WingedGreaves"},{"floor":14,"key":"Happy Flower"},{"floor":26,"key":"Eternal Feather"},{"floor":28,"key":"Enchiridion"}],"event_choices":[{"damage_healed":0,"gold_gain":0,"player_choice":"Ignored","damage_taken":0,"max_hp_gain":0,"max_hp_loss":0,"event_name":"Liars Game","floor":4,"gold_loss":0},{"cards_removed":["Strike_B"],"damage_healed":0,"gold_gain":0,"player_choice":"Card Removal","damage_taken":7,"max_hp_gain":0,"max_hp_loss":0,"event_name":"Golden Wing","floor":5,"gold_loss":0},{"damage_healed":0,"gold_gain":0,"player_choice":"Searched \u00272\u0027 times","damage_taken":0,"relics_obtained":["Centennial Puzzle"],"max_hp_gain":0,"max_hp_loss":0,"event_name":"Dead Adventurer","floor":13,"gold_loss":0},{"damage_healed":0,"gold_gain":0,"player_choice":"Shed Blood","damage_taken":19,"max_hp_gain":5,"max_hp_loss":0,"event_name":"Forgotten Altar","floor":21,"gold_loss":0},{"damage_healed":0,"gold_gain":0,"player_choice":"Ignored","damage_taken":0,"max_hp_gain":0,"max_hp_loss":0,"event_name":"The Mausoleum","floor":22,"gold_loss":0},{"damage_healed":0,"gold_gain":0,"player_choice":"Obtained Book","damage_taken":16,"max_hp_gain":0,"max_hp_loss":0,"event_name":"Cursed Tome","floor":28,"gold_loss":0}],"is_beta":false,"boss_relics":[{"not_picked":["Nuclear Battery","SacredBark"],"picked":"Sozu"}],"items_purged_floors":[10,19],"is_endless":false,"potions_floor_spawned":[1,11,20,24],"killed_by":"Champ","ascension_level":0}}