{"host":"Melcetto","time":1608760458,"event":{"mods":["AlwaysNeverKeys","BaseMod","Better Vampires","Colored Map","Colored Powertips","DeckTracker","Emptier Cage","Minty Spire (QoL Compilation)","Permanent Neow","Quick Restart","Random Character Button","Rare Cards Sparkle","Relic Sorter","Relic Stats","StSLib","Transform Curses"],"gold_per_floor":[119,169,186,32,44,44,76,95,95,95,125,141,141,173,173,246,246,262,278,290,215,4,29,40,69,69,69,119,145,161,194,194,266,266,278,298,348,23,37,63,63,90,90,90,119,119,69,99,99,99,99,99,99,10,45,45,45],"floor_reached":56,"playtime":5532,"items_purged":["Strike_R","Strike_R","Pain","Strike_R"],"score":2322,"play_id":"f987b4b2-55fb-42bc-b417-a967254d75c3","local_time":"20201223165418","is_ascension_mode":true,"campfire_choices":[{"data":"Bash","floor":6.0,"key":"SMITH"},{"data":"Hemokinesis","floor":10.0,"key":"SMITH"},{"data":"Immolate","floor":15,"key":"SMITH"},{"floor":27,"key":"REST"},{"floor":32,"key":"REST"},{"floor":41,"key":"REST"},{"floor":44,"key":"REST"},{"floor":46,"key":"REST"},{"floor":49,"key":"REST"},{"floor":53,"key":"REST"}],"circlet_count":0,"master_deck":["AscendersBane","Strike_R","Defend_R+1","Defend_R","Defend_R","Defend_R","Bash+1","Flame Barrier","Fire Breathing","Hemokinesis+1","Flame Barrier+1","Immolate+1","Feel No Pain","Evolve","Shockwave","Shockwave","Metallicize+1","Offering","Fiend Fire","Flame Barrier+1","Offering","Shrug It Off+1","Corruption","Sword Boomerang+1","Entrench","Warcry+1","Disarm"],"relics":["Burning Blood","Dream Catcher","Meat on the Bone","Smiling Mask","Gambling Chip","Magic Flower","Fusion Hammer","Red Skull","War Paint","Boot","Du-Vu Doll","Bag of Preparation","Oddly Smooth Stone","Cursed Key","Pocketwatch","Orrery","Bronze Scales","Self Forming Clay","Vajra","Happy Flower","PreservedInsect","Shuriken","Thread and Needle"],"acts_visited":["Exordium","TheCity","TheBeyond","TheEnding"],"potions_floor_usage":[14,23,29,31,33,42,56,56],"damage_taken":[{"damage":6.0,"enemies":"Jaw Worm","floor":1.0,"turns":6.0},{"damage":6.0,"enemies":"Cultist","floor":3.0,"turns":4.0},{"damage":0.0,"enemies":"2 Louse","floor":5.0,"turns":5.0},{"damage":33.0,"enemies":"Lagavulin","floor":7.0,"turns":6.0},{"damage":3.0,"enemies":"2 Fungi Beasts","floor":8.0,"turns":4.0},{"damage":10.0,"enemies":"3 Sentries","floor":11.0,"turns":5.0},{"damage":11.0,"enemies":"Exordium Wildlife","floor":12.0,"turns":4.0},{"damage":15,"enemies":"Lagavulin","floor":14,"turns":5},{"damage":21,"enemies":"Slime Boss","floor":16,"turns":6},{"damage":8,"enemies":"Chosen","floor":18,"turns":5},{"damage":16,"enemies":"2 Thieves","floor":19,"turns":2},{"damage":13,"enemies":"3 Cultists","floor":20,"turns":4},{"damage":14,"enemies":"Slavers","floor":23,"turns":3},{"damage":2,"enemies":"Snecko","floor":24,"turns":4},{"damage":35,"enemies":"Book of Stabbing","floor":25,"turns":5},{"damage":14,"enemies":"Slavers","floor":29,"turns":3},{"damage":3,"enemies":"Centurion and Healer","floor":30,"turns":5},{"damage":26,"enemies":"Gremlin Leader","floor":31,"turns":6},{"damage":55,"enemies":"Collector","floor":33,"turns":9},{"damage":7,"enemies":"3 Darklings","floor":35,"turns":3},{"damage":4,"enemies":"3 Shapes","floor":36,"turns":3},{"damage":16,"enemies":"2 Orb Walkers","floor":37,"turns":3},{"damage":2,"enemies":"Writhing Mass","floor":39,"turns":5},{"damage":6,"enemies":"Nemesis","floor":40,"turns":4},{"damage":14,"enemies":"Reptomancer","floor":42,"turns":5},{"damage":31,"enemies":"Giant Head","floor":45,"turns":6},{"damage":0,"enemies":"Nemesis","floor":48,"turns":5},{"damage":61,"enemies":"Awakened One","floor":50,"turns":14},{"damage":8,"enemies":"Donu and Deca","floor":51,"turns":7},{"damage":32,"enemies":"Shield and Spear","floor":55,"turns":5},{"damage":64,"enemies":"The Heart","floor":56,"turns":8}],"seed_played":"-5998869103647109768","potions_obtained":[{"floor":1.0,"key":"Fire Potion"},{"floor":5.0,"key":"BloodPotion"},{"floor":7.0,"key":"AttackPotion"},{"floor":12.0,"key":"LiquidMemories"},{"floor":18,"key":"Energy Potion"},{"floor":24,"key":"BloodPotion"},{"floor":29,"key":"SmokeBomb"},{"floor":31,"key":"CultistPotion"},{"floor":33,"key":"DistilledChaos"},{"floor":36,"key":"SpeedPotion"},{"floor":39,"key":"BlessingOfTheForge"},{"floor":45,"key":"Explosive Potion"},{"floor":48,"key":"SkillPotion"}],"is_trial":false,"path_per_floor":["M","?","M","$","M","R","E","M","T","R","E","M","?","E","R","B",null,"M","M","M","?","$","E","M","E","T","R","?","E","M","E","R","B",null,"M","M","?","$","M","E","R","E","T","R","E","R","$","E","R","B","B",null,"R","$","E","B"],"character_chosen":"IRONCLAD","items_purchased":["Fire Breathing","Red Skull","Orrery","Bronze Scales","Disarm"],"campfire_rested":7,"item_purchase_floors":[4,22,38,38,54],"current_hp_per_floor":[68,61,61,61,67,67,40,55,55,55,51,61,43,46,46,52,69,70,63,59,59,59,54,61,53,53,75,75,70,75,73,75,47,68,70,75,68,68,75,75,75,70,70,75,53,75,75,75,75,41,60,71,75,75,52,0,0],"gold":45,"neow_bonus":"RANDOM_COMMON_RELIC","is_daily":false,"chose_seed":false,"campfire_upgraded":3,"win_rate":0.0,"timestamp":1608760458,"path_taken":["M","?","?","$","M","R","E","M","T","R","E","M","?","E","R","BOSS","M","M","M","?","$","E","M","E","T","R","?","E","M","E","R","BOSS","M","M","?","?","M","E","R","E","T","R","E","R","$","E","R","BOSS","BOSS","R","$","E","BOSS"],"items_purchased_type":["Card","Relic","Relic","Relic","Card"],"build_version":"2020-12-18","purchased_purges":4,"victory":false,"max_hp_per_floor":[75,75,75,75,75,75,75,75,75,75,75,75,75,75,75,75,75,75,75,75,75,75,75,75,75,75,75,75,75,75,75,75,75,75,75,75,75,75,75,75,75,75,75,75,75,75,75,75,75,75,75,75,75,75,75,75,75],"relic_stats":{"Happy Flower":[15],"counters":[31,159],"Self Forming Clay":[93],"Magic Flower":[89],"PreservedInsect":127,"Bag of Preparation":[30],"War Paint":["Defend_R","Flame Barrier"],"Smiling Mask":225,"Boot":[53],"Cursed Key":1,"Burning Blood":233,"Dream Catcher":7,"Shuriken":[11],"Gambling Chip":[87],"Bronze Scales":[266],"obtain_stats":[{"Happy Flower":43,"Self Forming Clay":40,"Magic Flower":14,"Oddly Smooth Stone":31,"Vajra":42,"Thread and Needle":55,"PreservedInsect":45,"Bag of Preparation":29,"War Paint":23,"Smiling Mask":11,"Boot":25,"Cursed Key":34,"Burning Blood":0,"Du-Vu Doll":26,"Dream Catcher":0,"Shuriken":48,"Gambling Chip":13,"Bronze Scales":38,"Orrery":38,"Fusion Hammer":17,"Red Skull":22,"Meat on the Bone":7,"Pocketwatch":37},{"Happy Flower":25,"Self Forming Clay":24,"Magic Flower":8,"Oddly Smooth Stone":18,"Vajra":25,"Thread and Needle":30,"PreservedInsect":26,"Bag of Preparation":16,"War Paint":13,"Smiling Mask":6,"Boot":15,"Cursed Key":19,"Burning Blood":0,"Du-Vu Doll":15,"Dream Catcher":0,"Shuriken":27,"Gambling Chip":7,"Bronze Scales":22,"Orrery":22,"Fusion Hammer":9,"Red Skull":12,"Meat on the Bone":4,"Pocketwatch":22},{"Happy Flower":114,"Self Forming Clay":109,"Magic Flower":39,"Oddly Smooth Stone":82,"Vajra":114,"Thread and Needle":151,"PreservedInsect":120,"Bag of Preparation":71,"War Paint":59,"Smiling Mask":30,"Boot":68,"Cursed Key":91,"Burning Blood":0,"Du-Vu Doll":68,"Dream Catcher":0,"Shuriken":125,"Gambling Chip":34,"Bronze Scales":100,"Orrery":100,"Fusion Hammer":45,"Red Skull":56,"Meat on the Bone":21,"Pocketwatch":100}],"Meat on the Bone":114,"Pocketwatch":[87]},"card_choices":[{"not_picked":["Wild Strike","Rupture","Searing Blow"],"picked":"SKIP","floor":1.0},{"not_picked":["Bloodletting","Sword Boomerang"],"picked":"Flame Barrier","floor":3.0},{"not_picked":["Sword Boomerang","Intimidate","Body Slam"],"picked":"SKIP","floor":5.0},{"not_picked":["Clash","Power Through"],"picked":"Hemokinesis","floor":7.0},{"not_picked":["Cleave","Perfected Strike"],"picked":"Flame Barrier","floor":8.0},{"not_picked":["Second Wind","Rage"],"picked":"Immolate","floor":11.0},{"not_picked":["Pommel Strike","Carnage"],"picked":"Feel No Pain","floor":12.0},{"not_picked":["Dropkick","Perfected Strike"],"picked":"Evolve","floor":14},{"not_picked":["Flex","Pommel Strike"],"picked":"Shockwave","floor":18},{"not_picked":["Burning Pact","Searing Blow","Feel No Pain"],"picked":"SKIP","floor":19},{"not_picked":["True Grit","Anger","Second Wind"],"picked":"SKIP","floor":20},{"not_picked":["Intimidate","Perfected Strike+1","True Grit"],"picked":"SKIP","floor":23},{"not_picked":["Havoc","Sever Soul","Pommel Strike"],"picked":"SKIP","floor":24},{"not_picked":["Cleave","Inflame"],"picked":"Shockwave","floor":25},{"not_picked":["Blood for Blood","Flex"],"picked":"Metallicize+1","floor":29},{"not_picked":["Wild Strike","Metallicize","Dual Wield"],"picked":"SKIP","floor":30},{"not_picked":["Immolate","Battle Trance"],"picked":"Offering","floor":31},{"not_picked":["Brutality","Immolate"],"picked":"Fiend Fire","floor":33},{"not_picked":["True Grit","Flex","Seeing Red"],"picked":"SKIP","floor":35},{"not_picked":["True Grit","Clash"],"picked":"Flame Barrier+1","floor":36},{"not_picked":["Evolve","Iron Wave"],"picked":"Offering","floor":38},{"not_picked":["Armaments","Sword Boomerang"],"picked":"Shrug It Off+1","floor":38},{"not_picked":["Searing Blow","True Grit+1"],"picked":"Corruption","floor":38},{"not_picked":["Thunderclap+1","Burning Pact"],"picked":"Sword Boomerang+1","floor":38},{"not_picked":["Bloodletting","Carnage","Wild Strike+1"],"picked":"SKIP","floor":39},{"not_picked":["Headbutt","Wild Strike+1"],"picked":"Entrench","floor":40},{"not_picked":["Rampage","Metallicize","Sever Soul"],"picked":"SKIP","floor":42},{"not_picked":["Reckless Charge","Headbutt","Anger"],"picked":"SKIP","floor":45},{"not_picked":["Sever Soul","Pummel","Flex"],"picked":"SKIP","floor":48},{"not_picked":["Hemokinesis","Headbutt"],"picked":"Warcry+1","floor":53},{"not_picked":["Clothesline","Sever Soul+1","Dropkick"],"picked":"SKIP","floor":55}],"player_experience":18764730,"relics_obtained":[{"floor":7.0,"key":"Meat on the Bone"},{"floor":11.0,"key":"Smiling Mask"},{"floor":14,"key":"Magic Flower"},{"floor":23,"key":"War Paint"},{"floor":25,"key":"Boot"},{"floor":26,"key":"Du-Vu Doll"},{"floor":29,"key":"Bag of Preparation"},{"floor":31,"key":"Oddly Smooth Stone"},{"floor":37,"key":"Pocketwatch"},{"floor":40,"key":"Self Forming Clay"},{"floor":42,"key":"Vajra"},{"floor":43,"key":"Happy Flower"},{"floor":45,"key":"PreservedInsect"},{"floor":48,"key":"Shuriken"},{"floor":55,"key":"Thread and Needle"}],"event_choices":[{"damage_healed":0.0,"max_hp_gain":0.0,"max_hp_loss":0.0,"gold_gain":50.0,"event_name":"FaceTrader","player_choice":"Touch","floor":2.0,"gold_loss":0.0,"damage_taken":7.0},{"damage_healed":0.0,"max_hp_gain":0.0,"max_hp_loss":0.0,"gold_gain":0.0,"event_name":"Scrap Ooze","player_choice":"Success","floor":13.0,"gold_loss":0.0,"damage_taken":18.0,"relics_obtained":["Gambling Chip"]},{"cards_removed":["Strike_R"],"damage_healed":0,"gold_gain":0,"player_choice":"Gave Gold","damage_taken":0,"max_hp_gain":0,"max_hp_loss":0,"event_name":"Beggar","floor":21,"gold_loss":75},{"damage_healed":0,"gold_gain":50,"player_choice":"Pray","damage_taken":0,"max_hp_gain":0,"max_hp_loss":0,"event_name":"Golden Shrine","floor":28,"gold_loss":0},{"damage_healed":0,"gold_gain":0,"player_choice":"Fight","damage_taken":0,"max_hp_gain":0,"max_hp_loss":0,"event_name":"Mysterious Sphere","floor":37,"gold_loss":0}],"is_beta":true,"boss_relics":[{"not_picked":["Pandora\u0027s Box","Busted Crown"],"picked":"Fusion Hammer"},{"not_picked":["Velvet Choker","Tiny House"],"picked":"Cursed Key"}],"items_purged_floors":[4,22,47,54],"is_endless":false,"potions_floor_spawned":[1,5,7,12,18,24,29,31,33,36,39,45,48],"killed_by":"The Heart","ascension_level":20}}