{"host":"30jsp143e4v19aze","time":1608748666,"event":{"mods":["BaseMod","Colored Map","Colored Powertips","Curses Come First","DeckTracker","Highlight Path","Minty Spire (QoL Compilation)","Quick Restart","Relic Stats","StSLib"],"gold_per_floor":[99,99,99,99,99,99,99,99,99,24,24,24,24,24,24,24,24,24,24,24,24,24,24,24,24,24,24,24,24,24,24,24,24,24,24,24,24,24,24,24,24,24,24,24,24,24,24,24,24,24,24,24],"floor_reached":51,"playtime":3591,"items_purged":["Pain"],"score":1644,"play_id":"c0c2e850-0f33-4f15-a869-694948622b6f","local_time":"20201223193746","is_ascension_mode":true,"campfire_choices":[{"data":"Bane","floor":6,"key":"SMITH"},{"floor":8,"key":"REST"},{"data":"Crippling Poison","floor":11,"key":"SMITH"},{"data":"Deadly Poison","floor":15,"key":"SMITH"},{"floor":23,"key":"REST"},{"floor":25,"key":"REST"},{"floor":32,"key":"REST"},{"data":"Wraith Form v2","floor":40,"key":"SMITH"},{"data":"Footwork","floor":42,"key":"SMITH"},{"floor":44,"key":"REST"},{"floor":49,"key":"RECALL"}],"circlet_count":0,"master_deck":["AscendersBane","Defend_G","Defend_G","Defend_G","Defend_G","Defend_G","Survivor","Neutralize","PiercingWail","Backstab","Crippling Poison+1","Bane+1","Deadly Poison+1","Terror","Dagger Spray","Envenom","Acrobatics","Backflip","Malaise","Predator+1","Catalyst+1","Crippling Poison+1","Bouncing Flask","Bite","Bite","Bite","Bite","Bite","Wraith Form v2+1","Acrobatics","Footwork+1","Burst","Bouncing Flask+1","Setup+1","Wraith Form v2+1"],"relics":["Ectoplasm","WarpedTongs","Pantograph","Bottled Lightning","Sozu","Prayer Wheel","Bag of Preparation","Centennial Puzzle","Calipers","Mummified Hand","Toxic Egg 2"],"acts_visited":["Exordium","TheCity","TheBeyond"],"potions_floor_usage":[7,7,12,27,46],"damage_taken":[{"damage":12,"enemies":"Jaw Worm","floor":1,"turns":5},{"damage":0,"enemies":"2 Louse","floor":2,"turns":4},{"damage":0,"enemies":"Cultist","floor":4,"turns":5},{"damage":40,"enemies":"3 Sentries","floor":7,"turns":16},{"damage":0,"enemies":"Exordium Thugs","floor":12,"turns":3},{"damage":0,"enemies":"Large Slime","floor":13,"turns":4},{"damage":0,"enemies":"Blue Slaver","floor":14,"turns":3},{"damage":0,"enemies":"The Guardian","floor":16,"turns":8},{"damage":10,"enemies":"Shell Parasite","floor":18,"turns":4},{"damage":0,"enemies":"Chosen","floor":19,"turns":3},{"damage":22,"enemies":"Snecko","floor":20,"turns":5},{"damage":0,"enemies":"Centurion and Healer","floor":21,"turns":5},{"damage":25,"enemies":"Slavers","floor":24,"turns":5},{"damage":0,"enemies":"Book of Stabbing","floor":27,"turns":6},{"damage":4,"enemies":"Snake Plant","floor":28,"turns":3},{"damage":20,"enemies":"Shelled Parasite and Fungi","floor":29,"turns":4},{"damage":32,"enemies":"Collector","floor":33,"turns":5},{"damage":3,"enemies":"3 Shapes","floor":35,"turns":4},{"damage":15,"enemies":"3 Darklings","floor":36,"turns":4},{"damage":15,"enemies":"Transient","floor":39,"turns":6},{"damage":17,"enemies":"Nemesis","floor":41,"turns":5},{"damage":13,"enemies":"Maw","floor":45,"turns":7},{"damage":18,"enemies":"Reptomancer","floor":46,"turns":7},{"damage":22,"enemies":"Donu and Deca","floor":50,"turns":11},{"damage":86,"enemies":"Awakened One","floor":51,"turns":9}],"seed_played":"1995682484481102477","potions_obtained":[{"floor":2,"key":"Weak Potion"},{"floor":4,"key":"ColorlessPotion"},{"floor":7,"key":"Block Potion"},{"floor":13,"key":"EssenceOfSteel"},{"floor":16,"key":"CunningPotion"}],"is_trial":false,"path_per_floor":["M","M","?","M","?","R","E","R","T","$","R","M","M","M","R","B",null,"M","M","M","M","?","R","E","R","T","E","M","M","?","T","R","B",null,"M","M","?","$","M","R","E","R","T","R","M","E","$","?","R","B","B"],"character_chosen":"THE_SILENT","items_purchased":[],"campfire_rested":5,"item_purchase_floors":[],"current_hp_per_floor":[47,47,47,47,47,47,7,26,26,26,26,26,26,26,26,51,62,52,52,30,30,30,49,24,43,43,43,39,19,19,19,32,16,39,41,34,34,34,27,27,16,16,16,29,28,26,26,26,26,40,0,0],"gold":24,"neow_bonus":"BOSS_RELIC","is_daily":false,"chose_seed":false,"campfire_upgraded":5,"win_rate":0.0,"timestamp":1608748666,"path_taken":["M","M","?","M","?","R","E","R","T","$","R","?","M","M","R","BOSS","M","M","M","M","?","R","E","R","T","E","M","M","?","?","R","BOSS","M","M","?","?","M","R","E","R","T","R","M","E","$","?","R","BOSS","BOSS"],"items_purchased_type":[],"build_version":"2020-12-22","purchased_purges":1,"victory":false,"max_hp_per_floor":[66,66,66,66,66,66,66,66,66,66,66,66,66,66,66,66,66,66,66,66,66,66,66,66,66,66,66,66,66,46,46,46,46,46,46,46,46,46,46,46,46,46,46,46,46,46,46,46,46,46,46,46],"relic_stats":{"Sozu":8,"Centennial Puzzle":[33],"counters":[25,141],"Mummified Hand":[14],"Pantograph":65,"Prayer Wheel":6,"Ectoplasm":568,"Bag of Preparation":[24],"obtain_stats":[{"Sozu":17,"Centennial Puzzle":27,"Calipers":31,"Mummified Hand":41,"Pantograph":7,"Prayer Wheel":24,"Ectoplasm":0,"Bag of Preparation":26,"Bottled Lightning":9,"Toxic Egg 2":46,"Ring of the Snake":0,"WarpedTongs":5},{"Sozu":8,"Centennial Puzzle":14,"Calipers":16,"Mummified Hand":21,"Pantograph":4,"Prayer Wheel":13,"Ectoplasm":0,"Bag of Preparation":13,"Bottled Lightning":4,"Toxic Egg 2":23,"Ring of the Snake":0,"WarpedTongs":3},{"Sozu":48,"Centennial Puzzle":76,"Calipers":83,"Mummified Hand":107,"Pantograph":30,"Prayer Wheel":70,"Ectoplasm":0,"Bag of Preparation":70,"Bottled Lightning":30,"Toxic Egg 2":121,"Ring of the Snake":0,"WarpedTongs":14}],"WarpedTongs":[122]},"card_choices":[{"not_picked":["Dodge and Roll","Bane"],"picked":"PiercingWail","floor":1},{"not_picked":["Deadly Poison","Blade Dance"],"picked":"Backstab","floor":2},{"not_picked":["Well Laid Plans","Expertise"],"picked":"Bane","floor":4},{"not_picked":["PiercingWail","Bullet Time"],"picked":"Deadly Poison","floor":7},{"not_picked":["Flechettes","Eviscerate","Quick Slash"],"picked":"SKIP","floor":12},{"not_picked":["Distraction","Flechettes"],"picked":"Terror","floor":13},{"not_picked":["Deadly Poison","Slice"],"picked":"Dagger Spray","floor":14},{"not_picked":["Bullet Time","Phantasmal Killer"],"picked":"Envenom","floor":16},{"not_picked":["Bane","Deadly Poison","Blade Dance"],"picked":"SKIP","floor":18},{"not_picked":["Eviscerate","Sucker Punch","Outmaneuver"],"picked":"SKIP","floor":19},{"not_picked":["PiercingWail","Bane"],"picked":"Acrobatics","floor":20},{"not_picked":["All Out Attack","Endless Agony+1"],"picked":"Backflip","floor":21},{"not_picked":["Quick Slash","Terror"],"picked":"Predator+1","floor":24},{"not_picked":["Choke","Acrobatics"],"picked":"Catalyst+1","floor":27},{"not_picked":["Accuracy","Dodge and Roll+1"],"picked":"Crippling Poison+1","floor":28},{"not_picked":["Doppelganger","PiercingWail"],"picked":"Bouncing Flask","floor":28},{"not_picked":["Dagger Spray+1","Deadly Poison","Bane"],"picked":"SKIP","floor":29},{"not_picked":["Riddle With Holes","Bane","Dagger Throw"],"picked":"SKIP","floor":29},{"not_picked":["Malaise","Night Terror"],"picked":"Wraith Form v2","floor":33},{"not_picked":["Cloak And Dagger","Outmaneuver"],"picked":"Acrobatics","floor":35},{"not_picked":["Cloak And Dagger","Sucker Punch","Escape Plan"],"picked":"SKIP","floor":35},{"not_picked":["Setup","Outmaneuver+1"],"picked":"Footwork","floor":36},{"not_picked":["Masterful Stab","Skewer","Underhanded Strike"],"picked":"SKIP","floor":36},{"not_picked":["Deadly Poison","Riddle With Holes"],"picked":"Bouncing Flask+1","floor":39},{"not_picked":["Distraction","Infinite Blades+1"],"picked":"Setup+1","floor":39},{"not_picked":["Outmaneuver","Flying Knee","Masterful Stab"],"picked":"SKIP","floor":41},{"not_picked":["Distraction","Deflect","Masterful Stab"],"picked":"SKIP","floor":45},{"not_picked":["Venomology","Dodge and Roll","Outmaneuver"],"picked":"SKIP","floor":45},{"not_picked":["Deadly Poison+1","Flying Knee","Quick Slash"],"picked":"SKIP","floor":46}],"player_experience":3105317,"relics_obtained":[{"floor":7,"key":"Pantograph"},{"floor":9,"key":"Bottled Lightning"},{"floor":24,"key":"Prayer Wheel"},{"floor":26,"key":"Bag of Preparation"},{"floor":27,"key":"Centennial Puzzle"},{"floor":31,"key":"Calipers"},{"floor":41,"key":"Mummified Hand"},{"floor":46,"key":"Toxic Egg 2"}],"event_choices":[{"damage_healed":0,"gold_gain":0,"cards_transformed":["Strike_G"],"player_choice":"Change","damage_taken":0,"max_hp_gain":0,"max_hp_loss":0,"event_name":"Living Wall","floor":3,"gold_loss":0,"cards_obtained":["Crippling Poison"]},{"damage_healed":0,"gold_gain":0,"player_choice":"Rummage","damage_taken":0,"relics_obtained":["WarpedTongs"],"max_hp_gain":0,"max_hp_loss":0,"event_name":"Accursed Blacksmith","floor":5,"gold_loss":0,"cards_obtained":["Pain"]},{"damage_healed":0,"gold_gain":0,"player_choice":"Read","damage_taken":0,"max_hp_gain":0,"max_hp_loss":0,"event_name":"The Library","floor":22,"gold_loss":0,"cards_obtained":["Malaise"]},{"damage_healed":0,"gold_gain":0,"player_choice":"Became a vampire","damage_taken":0,"max_hp_gain":0,"max_hp_loss":20,"event_name":"Vampires","floor":30,"gold_loss":0,"cards_obtained":["Bite","Bite","Bite","Bite","Bite"]},{"damage_healed":0,"gold_gain":0,"player_choice":"1 cards matched","damage_taken":0,"max_hp_gain":0,"max_hp_loss":0,"event_name":"Match and Keep!","floor":37,"gold_loss":0,"cards_obtained":["Burst"]},{"damage_healed":0,"gold_gain":0,"player_choice":"Copied","damage_taken":0,"max_hp_gain":0,"max_hp_loss":0,"event_name":"Duplicator","floor":48,"gold_loss":0,"cards_obtained":["Wraith Form v2"]}],"is_beta":false,"boss_relics":[{"not_picked":["Velvet Choker","Coffee Dripper"],"picked":"Sozu"},{"not_picked":["Snecko Eye","Busted Crown","Pandora\u0027s Box"]}],"items_purged_floors":[10],"is_endless":false,"potions_floor_spawned":[2,4,7,13,16,21,24,27,28,29,39,45,46],"killed_by":"Awakened One","ascension_level":20}}