{"host":"vu6dpj2b1wv7fhj8","time":1608711947,"event":{"mods":["BaseMod","Colored Map","Googly Eyes","Hermit","Highlight Path","Lobotomy","LobotomyExtend","Marisa£®ÏF”Í°°ƒß¿Ì…≥£©","Minty Spire (QoL Compilation)","Replay The Spire","Shop Mod","StSLib","The Construct","The Cursed"],"gold_per_floor":[112,112,124,299,318,347,361,361,407,183,215,215,225,300,300,395,395,395,60,60,79,93,93,93,143,195,195,209,243,243,259,259,259,259],"floor_reached":33,"playtime":1323,"items_purged":["Doubt","Searing Blow+1"],"score":407,"play_id":"e8baaf0a-7b00-4c70-a1e1-49e42dbed26e","local_time":"20201223162547","is_ascension_mode":true,"campfire_choices":[{"data":"Searing Blow","floor":12,"key":"SMITH"},{"floor":15,"key":"REST"},{"data":"Whirlwind","floor":23,"key":"SMITH"},{"data":"ReplayTheSpireMod:Faulty Equipment","floor":27,"key":"SMITH"},{"floor":32,"key":"REST"}],"circlet_count":0,"master_deck":["Defend_R","Defend_R","Defend_R","Defend_R","Bash","Scorched","Dropkick","UniverseFragment","Replay:Undeath\u0027s Touch","OSAHOGD","Disarm","Life Link","DreamingCurrent","Clash","Whirlwind+1","Berserk","Sword Boomerang","Mind Blast","Bloodbath","ReplayTheSpireMod:Faulty Equipment+1","Bite","Bite","Bite","Bite","Bite"],"relics":["Burning Blood","CogitoBucket","LetterFromLob","Replay:Bottled Flurry","Replay:Mystery Machine","Gaze_r","Boot","Brimstone","Regal Pillow","BehaviorAdjustment","Replay:Bronze Core","MerchantsRug","FaceOfCleric","ReplayTheSpireMod:CursedCoin","Blue Doll","Frozen Egg 2","SkinProphecy"],"acts_visited":["Exordium","TheCity"],"potions_floor_usage":[13,33,33],"damage_taken":[{"damage":14,"enemies":"Jaw Worm","floor":1,"turns":5},{"damage":0,"enemies":"Small Slimes","floor":3,"turns":2},{"damage":0,"enemies":"2 Louse","floor":5,"turns":1},{"damage":43,"enemies":"Replay:BlueRogue","floor":6,"turns":9},{"damage":0,"enemies":"2 Fungi Beasts","floor":7,"turns":1},{"damage":24,"enemies":"2 Fungi Beasts","floor":8,"turns":5},{"damage":26,"enemies":"Gremlin Nob","floor":11,"turns":4},{"damage":30,"enemies":"Large Slime","floor":13,"turns":3},{"damage":35,"enemies":"Hexaghost","floor":16,"turns":9},{"damage":2,"enemies":"Spheric Guardian","floor":21,"turns":5},{"damage":4,"enemies":"Chosen","floor":22,"turns":3},{"damage":21,"enemies":"Snake Plant","floor":28,"turns":2},{"damage":30,"enemies":"Replay:Snechameleon","floor":29,"turns":4},{"damage":32,"enemies":"Centurion and Healer","floor":31,"turns":3},{"damage":87,"enemies":"Pondfish","floor":33,"turns":5}],"seed_played":"-5894026128547185377","potions_obtained":[{"floor":6,"key":"BloodPotion"},{"floor":11,"key":"Fire Potion"},{"floor":28,"key":"Venom Potion"},{"floor":29,"key":"BloodPotion"}],"is_trial":false,"path_per_floor":["M","?","M","?","M","E","M","?","T","$","E","R","M","?","R","B",null,"M","$","?","M","M","R","$","$","T","R","M","E","?","M","R","B"],"character_chosen":"IRONCLAD","items_purchased":["Whirlwind","Brimstone","Sword Boomerang","Mind Blast","MerchantsRug","ReplayTheSpireMod:CursedCoin"],"campfire_rested":2,"item_purchase_floors":[10,10,19,19,19,25],"current_hp_per_floor":[64,52,58,58,64,27,33,45,45,45,49,49,43,32,71,80,80,80,80,80,81,82,82,82,82,82,82,74,63,58,39,59,0,0],"gold":259,"neow_bonus":"","is_daily":false,"chose_seed":false,"campfire_upgraded":3,"win_rate":0.0,"timestamp":1608711947,"path_taken":["M","?","M","?","M","E","M","?","T","$","E","R","M","?","R","BOSS","M","$","?","?","M","R","?","$","T","R","?","E","?","M","R","BOSS"],"items_purchased_type":["Card","Relic","Card","Card","Relic","Relic"],"build_version":"2020-12-22","purchased_purges":2,"victory":false,"max_hp_per_floor":[80,80,80,80,80,80,80,80,80,80,80,80,80,80,80,80,80,80,80,80,81,82,82,82,82,82,82,83,84,58,59,59,61,61],"card_choices":[{"not_picked":["SpiderBud","MHz"],"picked":"Scorched","floor":1},{"not_picked":["Twin Strike","Flame Barrier"],"picked":"Dropkick","floor":1},{"not_picked":["OldLady","WallGazer"],"picked":"UniverseFragment","floor":3},{"not_picked":["Wild Strike","ReplayTheSpireMod:Strike From Hell"],"picked":"Replay:Undeath\u0027s Touch","floor":3},{"not_picked":["CrumblingArmor","ShyLook","Laetitia"],"picked":"Singing Bowl","floor":5},{"not_picked":["Wellcheers","CrumblingArmor"],"picked":"OSAHOGD","floor":5},{"not_picked":["Blood for Blood","Cleave"],"picked":"Disarm","floor":5},{"not_picked":["Uppercut","Power Through"],"picked":"Life Link","floor":6},{"not_picked":["LaLuna","OldLady","VoidDream"],"picked":"Singing Bowl","floor":6},{"not_picked":["BeautyBeast","WallGazer","SpiderBud"],"picked":"Singing Bowl","floor":7},{"not_picked":["SpiderBud","CrumblingArmor"],"picked":"DreamingCurrent","floor":7},{"not_picked":["Defy Death","ReplayTheSpireMod:Strike From Hell"],"picked":"Clash","floor":7},{"not_picked":["Wellcheers","Porccubus","PunishingBird"],"picked":"Singing Bowl","floor":11},{"not_picked":["Warcry","Reckless Charge"],"picked":"Searing Blow","floor":11},{"not_picked":["BigBadWolf","ShyLook","BeautyBeast"],"picked":"Singing Bowl","floor":13},{"not_picked":["Iron Wave","Second Wind","Body Slam"],"picked":"SKIP","floor":13},{"not_picked":["RedShoes","ShyLook","VoidDream"],"picked":"Singing Bowl","floor":16},{"not_picked":["Replay:Many Hands","Immolate"],"picked":"Berserk","floor":16},{"not_picked":["BigBadWolf","HappyTeddy","CherryBlossoms"],"picked":"Singing Bowl","floor":21},{"not_picked":["True Grit","Rage","Entrench"],"picked":"SKIP","floor":21},{"not_picked":["PunishingBird","QueenOfHatred","Funeral"],"picked":"Singing Bowl","floor":22},{"not_picked":["LittleHelper","QueenBee"],"picked":"Bloodbath","floor":22},{"not_picked":["True Grit+1","Wild Strike+1","Thunderclap"],"picked":"SKIP","floor":22},{"not_picked":["GreedKing","OldLady","MeatLantern"],"picked":"Singing Bowl","floor":28},{"not_picked":["Entrench+1","Clothesline","Headbutt"],"picked":"SKIP","floor":28},{"not_picked":["WallGazer","Mercenary","OldLady"],"picked":"Singing Bowl","floor":29},{"not_picked":["Run Through","Cleave","Searing Blow"],"picked":"SKIP","floor":29},{"not_picked":["Freischutz","LittlePrince","BeautyBeast"],"picked":"Singing Bowl","floor":31},{"not_picked":["Armaments","Havoc","Metallicize+1"],"picked":"SKIP","floor":31}],"player_experience":474339,"relics_obtained":[{"floor":1,"key":"LetterFromLob"},{"floor":6,"key":"Replay:Mystery Machine"},{"floor":9,"key":"Boot"},{"floor":11,"key":"Regal Pillow"},{"floor":26,"key":"Blue Doll"},{"floor":29,"key":"Frozen Egg 2"}],"event_choices":[{"damage_healed":0,"gold_gain":0,"player_choice":"Success","damage_taken":12,"relics_obtained":["Replay:Bottled Flurry"],"max_hp_gain":0,"max_hp_loss":0,"event_name":"Scrap Ooze","floor":2,"gold_loss":0},{"damage_healed":0,"gold_gain":175,"player_choice":"AGREE","damage_taken":0,"max_hp_gain":0,"max_hp_loss":0,"event_name":"Liars Game","floor":4,"gold_loss":0,"cards_obtained":["Doubt"]},{"damage_healed":0,"gold_gain":75,"player_choice":"Gather Gold","damage_taken":11,"max_hp_gain":0,"max_hp_loss":0,"event_name":"World of Goop","floor":14,"gold_loss":0},{"damage_healed":0,"gold_gain":0,"player_choice":"Trade","damage_taken":0,"relics_obtained":["FaceOfCleric"],"max_hp_gain":0,"max_hp_loss":0,"event_name":"FaceTrader","floor":20,"gold_loss":0},{"damage_healed":0,"gold_gain":0,"player_choice":"Became a vampire","damage_taken":0,"max_hp_gain":0,"max_hp_loss":26,"event_name":"Vampires","floor":30,"gold_loss":0,"cards_obtained":["Bite","Bite","Bite","Bite","Bite"]}],"is_beta":false,"boss_relics":[{"not_picked":["Tiny House","ChewingGum"],"picked":"Replay:Bronze Core"}],"items_purged_floors":[19,25],"is_endless":false,"potions_floor_spawned":[6,8,11,28,29],"killed_by":"Pondfish","ascension_level":8}}