{"host":"s41rn2jhghpwfrvz","time":1608726302,"event":{"mods":["BaseMod","Minty Spire (QoL Compilation)","Quick Restart","Relic Stats","SuperFastMode"],"gold_per_floor":[110,35,45,45,45,78,97,132,132,132,159,197,222,266,266,361,361,375,393,417,317,355,390,390,390,471,471,502,537,564,612,624,725,737,773,785,840,515,529,529,569,569,569,613,393,393,414,448,448,448,448,448,448,129,168,168],"floor_reached":57,"playtime":2206,"items_purged":["Skewer","Steam","Go for the Eyes+1","Intimidate+1"],"score":3769,"play_id":"55f1610c-6f3d-4370-afb8-deb16e5dbf62","local_time":"20201223142502","daily_mods":["SealedDeck","Diverse","DeadlyEvents"],"is_ascension_mode":true,"campfire_choices":[{"data":"Consecrate","floor":10.0,"key":"SMITH"},{"data":"Reflex","floor":15.0,"key":"SMITH"},{"data":"FTL","floor":25.0,"key":"SMITH"},{"data":"Acrobatics","floor":27.0,"key":"SMITH"},{"data":"Adrenaline","floor":32.0,"key":"SMITH"},{"data":"Evolve","floor":40.0,"key":"SMITH"},{"floor":42.0,"key":"RECALL"},{"data":"Intimidate","floor":49.0,"key":"SMITH"}],"circlet_count":0,"master_deck":["AscendersBane","Consecrate+1","Ghostly Armor+1","Acrobatics+1","Acrobatics+1","FTL+1","Reflex+1","Gash+1","Adrenaline+1","Evolve+1"],"relics":["Burning Blood","Golden Idol","Mercury Hourglass","White Beast Statue","Centennial Puzzle","Pen Nib","Ancient Tea Set","Philosopher\u0027s Stone","Red Mask","Whetstone","Letter Opener","Toy Ornithopter","MawBank","Torii","Coffee Dripper","Happy Flower","Membership Card","Omamori","Kunai","Eternal Feather","Self Forming Clay","Ornamental Fan","Oddly Smooth Stone","Akabeko","OrangePellets","Lantern","Art of War","Bird Faced Urn"],"acts_visited":["Exordium","TheCity","TheBeyond","TheEnding"],"potions_floor_usage":[56],"damage_taken":[{"damage":1.0,"enemies":"Small Slimes","floor":1.0,"turns":2.0},{"damage":0.0,"enemies":"2 Louse","floor":3.0,"turns":2.0},{"damage":12.0,"enemies":"Gremlin Nob","floor":6.0,"turns":3.0},{"damage":0.0,"enemies":"Jaw Worm","floor":7.0,"turns":2.0},{"damage":1.0,"enemies":"3 Sentries","floor":8.0,"turns":3.0},{"damage":0.0,"enemies":"Lagavulin","floor":12.0,"turns":3.0},{"damage":0.0,"enemies":"Looter","floor":13.0,"turns":2.0},{"damage":0.0,"enemies":"Gremlin Nob","floor":14.0,"turns":2.0},{"damage":34.0,"enemies":"The Guardian","floor":16.0,"turns":8.0},{"damage":0.0,"enemies":"3 Byrds","floor":18.0,"turns":1.0},{"damage":0.0,"enemies":"2 Thieves","floor":19.0,"turns":1.0},{"damage":0.0,"enemies":"Cultist and Chosen","floor":20.0,"turns":2.0},{"damage":0.0,"enemies":"Masked Bandits","floor":22.0,"turns":1.0},{"damage":0.0,"enemies":"Slavers","floor":23.0,"turns":1.0},{"damage":0.0,"enemies":"Book of Stabbing","floor":28.0,"turns":1.0},{"damage":0.0,"enemies":"Slavers","floor":29.0,"turns":1.0},{"damage":0.0,"enemies":"Snecko","floor":30.0,"turns":1.0},{"damage":0.0,"enemies":"Book of Stabbing","floor":31.0,"turns":2.0},{"damage":0.0,"enemies":"Champ","floor":33.0,"turns":2.0},{"damage":0.0,"enemies":"Orb Walker","floor":35.0,"turns":1.0},{"damage":0.0,"enemies":"Reptomancer","floor":37.0,"turns":1.0},{"damage":0.0,"enemies":"3 Darklings","floor":39.0,"turns":1.0},{"damage":0.0,"enemies":"Nemesis","floor":41.0,"turns":2.0},{"damage":0.0,"enemies":"Giant Head","floor":44.0,"turns":1.0},{"damage":0.0,"enemies":"Writhing Mass","floor":47.0,"turns":2.0},{"damage":0.0,"enemies":"Nemesis","floor":48.0,"turns":3.0},{"damage":0.0,"enemies":"Donu and Deca","floor":50.0,"turns":2.0},{"damage":19.0,"enemies":"Awakened One","floor":51.0,"turns":4.0},{"damage":0.0,"enemies":"Shield and Spear","floor":55.0,"turns":1.0},{"damage":40,"enemies":"The Heart","floor":56,"turns":6}],"seed_played":"-5433265458514618623","potions_obtained":[{"floor":3.0,"key":"AttackPotion"},{"floor":8.0,"key":"DuplicationPotion"},{"floor":12.0,"key":"Fire Potion"},{"floor":16.0,"key":"Swift Potion"}],"is_trial":true,"path_per_floor":["M","$","M","?","?","E","M","E","T","R","T","E","M","E","R","B",null,"M","M","M","$","?","E","?","R","T","R","E","E","M","E","R","B",null,"M","?","E","$","M","R","E","R","T","E","$","?","M","E","R","B","B",null,"R","$","E","B",null],"character_chosen":"IRONCLAD","items_purchased":["Membership Card","Evolve","Omamori","Ornamental Fan","Oddly Smooth Stone","OrangePellets","Lantern","Art of War"],"campfire_rested":0,"item_purchase_floors":[38,38,38,45,45,54,54,54],"current_hp_per_floor":[73,73,75,49,26,20,26,31,31,31,31,37,43,49,49,21,62,68,74,75,75,75,75,75,75,75,75,75,75,75,75,75,75,75,75,75,75,75,75,75,75,75,75,75,75,75,75,75,75,75,62,72,75,75,75,48],"gold":168,"neow_bonus":"","is_daily":false,"chose_seed":false,"campfire_upgraded":7,"win_rate":0.0,"timestamp":1608726302,"path_taken":["M","$","M","?","?","E","M","E","T","R","?","E","?","?","R","BOSS","M","M","M","$","?","E","?","R","T","R","?","E","?","E","R","BOSS","M","?","?","$","M","R","E","R","T","E","$","?","M","E","R","BOSS","BOSS","R","$","E","BOSS"],"items_purchased_type":["Relic","Card","Relic","Relic","Relic","Relic","Relic","Relic"],"build_version":"2020-12-22","purchased_purges":4,"victory":true,"max_hp_per_floor":[75,75,75,75,75,75,75,75,75,75,75,75,75,75,75,75,75,75,75,75,75,75,75,75,75,75,75,75,75,75,75,75,75,75,75,75,75,75,75,75,75,75,75,75,75,75,75,75,75,75,75,75,75,75,75,75],"relic_stats":{"Torii":15,"Happy Flower":[7],"counters":[30,63],"Golden Idol":236,"Self Forming Clay":[54],"Eternal Feather":3,"Pen Nib":[56],"Whetstone":["Gash","Go for the Eyes"],"Letter Opener":[288],"MawBank":108,"Burning Blood":75,"Mercury Hourglass":[228],"OrangePellets":[0],"Centennial Puzzle":[9],"Ornamental Fan":[276],"Bird Faced Urn":[2],"Art of War":[0],"Kunai":[76],"obtain_stats":[{"Lantern":54,"Torii":31,"Whetstone":23,"Ancient Tea Set":14,"Burning Blood":0,"Centennial Puzzle":11,"Philosopher\u0027s Stone":17,"Red Mask":22,"Kunai":41,"Happy Flower":37,"Golden Idol":4,"Self Forming Clay":44,"Oddly Smooth Stone":45,"Eternal Feather":43,"Pen Nib":12,"Omamori":38,"Letter Opener":26,"MawBank":29,"White Beast Statue":8,"Akabeko":48,"Mercury Hourglass":6,"OrangePellets":54,"Ornamental Fan":45,"Bird Faced Urn":55,"Coffee Dripper":34,"Art of War":54,"Membership Card":38,"Toy Ornithopter":28},{"Lantern":28,"Torii":18,"Whetstone":14,"Ancient Tea Set":8,"Burning Blood":0,"Centennial Puzzle":5,"Philosopher\u0027s Stone":9,"Red Mask":13,"Kunai":23,"Happy Flower":21,"Golden Idol":2,"Self Forming Clay":24,"Oddly Smooth Stone":24,"Eternal Feather":23,"Pen Nib":6,"Omamori":21,"Letter Opener":14,"MawBank":16,"White Beast Statue":5,"Akabeko":26,"Mercury Hourglass":3,"OrangePellets":28,"Ornamental Fan":24,"Bird Faced Urn":29,"Coffee Dripper":19,"Art of War":28,"Membership Card":21,"Toy Ornithopter":15},{"Lantern":56,"Torii":38,"Whetstone":33,"Ancient Tea Set":19,"Burning Blood":0,"Centennial Puzzle":12,"Philosopher\u0027s Stone":27,"Red Mask":32,"Kunai":45,"Happy Flower":42,"Golden Idol":4,"Self Forming Clay":46,"Oddly Smooth Stone":46,"Eternal Feather":45,"Pen Nib":15,"Omamori":42,"Letter Opener":33,"MawBank":35,"White Beast Statue":12,"Akabeko":50,"Mercury Hourglass":7,"OrangePellets":56,"Ornamental Fan":46,"Bird Faced Urn":57,"Coffee Dripper":40,"Art of War":56,"Membership Card":42,"Toy Ornithopter":34}],"Toy Ornithopter":5},"card_choices":[{"not_picked":["Dagger Throw","Sword Boomerang"],"picked":"Reflex","floor":1.0},{"not_picked":["Footwork","Shockwave","Hello World"],"picked":"SKIP","floor":3.0},{"not_picked":["Doppelganger","SpiritShield","BattleHymn"],"picked":"SKIP","floor":6.0},{"not_picked":["WheelKick","Cleave","Riddle With Holes"],"picked":"SKIP","floor":7.0},{"not_picked":["Blade Dance","Sucker Punch","BootSequence"],"picked":"SKIP","floor":8.0},{"not_picked":["CrushJoints","FlyingSleeves","Cleave"],"picked":"SKIP","floor":12.0},{"not_picked":["Protect","FlurryOfBlows","Wireheading"],"picked":"SKIP","floor":13.0},{"not_picked":["Havoc","SashWhip","FollowUp"],"picked":"SKIP","floor":14.0},{"not_picked":["SashWhip","Fasting2+1","Iron Wave"],"picked":"SKIP","floor":18.0},{"not_picked":["Crescendo","Redo+1","Hologram"],"picked":"SKIP","floor":19.0},{"not_picked":["Leap","Sunder","Dodge and Roll"],"picked":"SKIP","floor":20.0},{"not_picked":["Body Slam","EmptyBody"],"picked":"Gash","floor":22.0},{"not_picked":["Dagger Throw","Blasphemy","WheelKick"],"picked":"SKIP","floor":23.0},{"not_picked":["PiercingWail+1","SignatureMove","Cold Snap"],"picked":"SKIP","floor":28.0},{"not_picked":["Meditate+1","Reflex","BattleHymn"],"picked":"SKIP","floor":29.0},{"not_picked":["BowlingBash","CutThroughFate","Stack"],"picked":"SKIP","floor":30.0},{"not_picked":["Chaos","Cleave","Beam Cell"],"picked":"SKIP","floor":31.0},{"not_picked":["Chill","Cloak And Dagger","FlyingSleeves"],"picked":"SKIP","floor":35.0},{"not_picked":["Gash","Quick Slash","Go for the Eyes+1"],"picked":"SKIP","floor":37.0},{"not_picked":["Go for the Eyes","Heavy Blade+1","Perfected Strike+1"],"picked":"SKIP","floor":39.0},{"not_picked":["WindmillStrike+1","Metallicize","Barrage"],"picked":"SKIP","floor":41.0},{"not_picked":["Devotion","Static Discharge+1","Infinite Blades"],"picked":"SKIP","floor":44.0},{"not_picked":["Escape Plan","Well Laid Plans","Poisoned Stab"],"picked":"SKIP","floor":47.0},{"not_picked":["Escape Plan","Well Laid Plans","Poisoned Stab"],"picked":"SKIP","floor":47.0},{"not_picked":["Flex","Thunderclap","All Out Attack"],"picked":"SKIP","floor":48.0},{"not_picked":["Defragment","Rebound","Heavy Blade"],"picked":"SKIP","floor":55.0}],"player_experience":1599353,"relics_obtained":[{"floor":6.0,"key":"Mercury Hourglass"},{"floor":8.0,"key":"White Beast Statue"},{"floor":11.0,"key":"Centennial Puzzle"},{"floor":12.0,"key":"Pen Nib"},{"floor":14.0,"key":"Ancient Tea Set"},{"floor":22.0,"key":"Red Mask"},{"floor":23.0,"key":"Whetstone"},{"floor":26.0,"key":"Letter Opener"},{"floor":28.0,"key":"Toy Ornithopter"},{"floor":29.0,"key":"MawBank"},{"floor":31.0,"key":"Torii"},{"floor":37.0,"key":"Happy Flower"},{"floor":41.0,"key":"Kunai"},{"floor":43.0,"key":"Eternal Feather"},{"floor":44.0,"key":"Self Forming Clay"},{"floor":48.0,"key":"Akabeko"},{"floor":55.0,"key":"Bird Faced Urn"}],"event_choices":[{"damage_healed":0.0,"max_hp_gain":0.0,"max_hp_loss":0.0,"gold_gain":0.0,"event_name":"Golden Idol","player_choice":"Take Damage","floor":4.0,"gold_loss":0.0,"damage_taken":26.0,"relics_obtained":["Golden Idol"]},{"damage_healed":0.0,"max_hp_gain":0.0,"max_hp_loss":0.0,"gold_gain":0.0,"event_name":"Shining Light","player_choice":"Entered Light","floor":5.0,"gold_loss":0.0,"damage_taken":23.0,"cards_upgraded":["Acrobatics","Ghostly Armor"]},{"damage_healed":0.0,"max_hp_gain":0.0,"max_hp_loss":0.0,"gold_gain":0.0,"event_name":"Masked Bandits","player_choice":"Fought Bandits","floor":22.0,"gold_loss":0.0,"damage_taken":0.0},{"damage_healed":0.0,"max_hp_gain":0.0,"max_hp_loss":0.0,"gold_gain":0.0,"event_name":"Match and Keep!","player_choice":"1 cards matched","floor":24.0,"gold_loss":0.0,"damage_taken":0.0,"cards_obtained":["Adrenaline"]},{"cards_removed":["Acrobatics"],"damage_healed":0.0,"max_hp_gain":0.0,"max_hp_loss":0.0,"gold_gain":0.0,"event_name":"Purifier","player_choice":"Purged","floor":36.0,"gold_loss":0.0,"damage_taken":0.0},{"damage_healed":0.0,"max_hp_gain":0.0,"max_hp_loss":0.0,"gold_gain":0.0,"event_name":"Match and Keep!","player_choice":"0 cards matched","floor":46.0,"gold_loss":0.0,"damage_taken":0.0,"cards_obtained":[]}],"is_beta":false,"boss_relics":[{"not_picked":["Mark of Pain","Snecko Eye"],"picked":"Philosopher\u0027s Stone"},{"not_picked":["Calling Bell","SacredBark"],"picked":"Coffee Dripper"}],"items_purged_floors":[2,21,38,54],"is_endless":false,"potions_floor_spawned":[3,8,12,13,14,16,18,19,20,22,23,28,29,30,31,33,35,37,39,41,44,47,48,55],"ascension_level":20}}