{"host":"foq4mrde4mssg7vt","time":1608738478,"event":{"mods":["AchievementEnabler","BaseMod","Colored Map","Colored Powertips","Highlight Path","Minty Spire (QoL Compilation)","Relic Stats","everything is the same but u backflip on backflip"],"gold_per_floor":[117,133,133,153,153,186,186,220,302,302,302],"floor_reached":10,"playtime":274,"items_purged":[],"score":133,"play_id":"4edb875b-09a3-4d1f-bdb6-a108f9dd9654","local_time":"20201223234758","is_ascension_mode":true,"campfire_choices":[{"data":"Tantrum","floor":7.0,"key":"SMITH"}],"circlet_count":0,"master_deck":["AscendersBane","Strike_P","Strike_P","Strike_P","Strike_P","Defend_P","Defend_P","Defend_P","Defend_P","Eruption","Vigilance","FollowUp","BowlingBash","Tantrum+1","Wallop"],"relics":["Sozu","Girya","Blood Vial","Shuriken"],"acts_visited":["Exordium"],"potions_floor_usage":[],"damage_taken":[{"damage":0.0,"enemies":"Jaw Worm","floor":1.0,"turns":4.0},{"damage":0.0,"enemies":"2 Louse","floor":2.0,"turns":1.0},{"damage":1.0,"enemies":"Cultist","floor":4.0,"turns":4.0},{"damage":17.0,"enemies":"3 Sentries","floor":6.0,"turns":7.0},{"damage":35.0,"enemies":"Lagavulin","floor":8.0,"turns":5.0},{"damage":20,"enemies":"3 Sentries","floor":10,"turns":2}],"seed_played":"983142057542911922","potions_obtained":[],"is_trial":false,"path_per_floor":["M","M","?","M","?","E","R","E","T","E"],"character_chosen":"WATCHER","items_purchased":[],"campfire_rested":0,"item_purchase_floors":[],"current_hp_per_floor":[61,61,66,65,65,48,48,13,13,0,0],"gold":302,"neow_bonus":"BOSS_RELIC","is_daily":false,"chose_seed":false,"campfire_upgraded":1,"win_rate":0.0,"timestamp":1608738478,"path_taken":["M","M","?","M","?","E","R","E","T","E"],"items_purchased_type":[],"build_version":"2020-12-22","purchased_purges":0,"victory":false,"max_hp_per_floor":[68,68,73,73,73,73,73,73,73,73,73],"relic_stats":{"Sozu":2,"Blood Vial":2,"counters":[6,23],"Shuriken":[1],"obtain_stats":[{"Sozu":0,"Blood Vial":8,"Girya":6,"Shuriken":9,"PureWater":0},{"Sozu":0,"Blood Vial":5,"Girya":4,"Shuriken":5,"PureWater":0},{"Sozu":0,"Blood Vial":21,"Girya":16,"Shuriken":21,"PureWater":0}]},"card_choices":[{"not_picked":["BowlingBash","Evaluate"],"picked":"FollowUp","floor":1.0},{"not_picked":["Halt","Evaluate","Prostrate"],"picked":"SKIP","floor":2.0},{"not_picked":["FollowUp","Collect"],"picked":"BowlingBash","floor":4.0},{"not_picked":["Protect","EmptyBody"],"picked":"Tantrum","floor":6.0},{"not_picked":["Evaluate","FlurryOfBlows"],"picked":"Wallop","floor":8.0}],"player_experience":235711,"relics_obtained":[{"floor":6.0,"key":"Girya"},{"floor":8.0,"key":"Blood Vial"},{"floor":9.0,"key":"Shuriken"}],"event_choices":[{"damage_healed":0.0,"max_hp_gain":5.0,"max_hp_loss":0.0,"gold_gain":0.0,"event_name":"Big Fish","player_choice":"Donut","floor":3.0,"gold_loss":0.0,"damage_taken":0.0},{"damage_healed":0.0,"max_hp_gain":0.0,"max_hp_loss":0.0,"gold_gain":0.0,"event_name":"The Cleric","player_choice":"Leave","floor":5.0,"gold_loss":0.0,"damage_taken":0.0}],"is_beta":false,"boss_relics":[],"items_purged_floors":[],"is_endless":false,"potions_floor_spawned":[2,6],"killed_by":"3 Sentries","ascension_level":15}}