{"host":"qnxnem68q7ulahas","time":1608737626,"event":{"mods":["ATMod(阿瑾Mod)","Act Like it!","BaseMod","Challenge The Spire","Decade(王小明)","GungeonMod","Highlight Path","Hunter 猎人","Minty Spire (QoL Compilation)","Replay The Spire","RumiaBox-露米娅的神秘盒子","SOS（斯巴达之子）","Spicy Shops","StSLib","The Alterego","The Senshi","Waifu the Spire","[IsaacMod]以撒尖塔","【功能Mod】混沌之环修复补丁","【遗物卡牌】REMEMod","残留之物"],"gold_per_floor":[228,228,358,471,634,634,87,87,214,330,559,559,62,62,309,569,798,798,798,181,453,453],"floor_reached":21,"playtime":1279,"items_purged":["Shoot","Shoot","Defend_Dante","Defend_Dante","Defend_Dante+1","Defend_Dante","Defend_Dante+1"],"score":5321,"play_id":"b4650dd1-0f01-4e73-aff7-8fb5ca1e8d14","local_time":"20201223233346","daily_mods":["challengethespire:Platinum Difficulty","challengethespire:Boss Rush","Uncertain Future"],"is_ascension_mode":true,"campfire_choices":[{"data":"Provocation","floor":2.0,"key":"SMITH"},{"data":"Attack_b","floor":8.0,"key":"SMITH"},{"data":"Attack_a","floor":14.0,"key":"SMITH"},{"floor":19.0,"key":"REST"}],"circlet_count":0,"master_deck":["AscendersBane","Attack_a+1","Attack_a+1","Attack_b+1","Provocation+1","Redorb+1","Rebellion+1","Dash2+1","GilgameshcomboA+1","Demonreform+1","Swordcombo+1","Swordmaster+1","Dash2+1","Gilgamesh+1","Attack_a+1"],"relics":["SSS","The Courier","Molten Egg 2","Toxic Egg 2","Frozen Egg 2","AT_ATBox","HushsDoor","REME_ComplimentaryCards","MoneyPower","BargainBundle","Bag of Preparation","PlaceholderMod:FlatBlood","Kunai","REME_IWantAll","DemoMod:Bottle","PlaceholderMod:LiveLive","ClockworkSouvenir","Ccalipers","Void","Omamori","AT_TheCollector","Gremlin Food","AT_SpeedBoots","DemoMod:DecoyRelic","Chaos","DemoMod:ResourcefulSack","DemoMod:GlassGuonStoneRelic","Habit","Damocles","PlaceholderMod:DaolothFragment","TheAbacus","REME_PuzzleBoxRelic"],"acts_visited":["TheCity","TheBeyond","TheEnding"],"potions_floor_usage":[],"damage_taken":[{"damage":0.0,"enemies":"Hexaghost","floor":3.0,"turns":5.0},{"damage":0.0,"enemies":"The Guardian","floor":4.0,"turns":6.0},{"damage":0.0,"enemies":"Slime Boss","floor":5.0,"turns":3.0},{"damage":0.0,"enemies":"The Guardian","floor":9.0,"turns":2.0},{"damage":0.0,"enemies":"Hexaghost","floor":10.0,"turns":1.0},{"damage":0.0,"enemies":"Slime Boss","floor":11.0,"turns":1.0},{"damage":0.0,"enemies":"Champ","floor":15.0,"turns":1.0},{"damage":0.0,"enemies":"Automaton","floor":16.0,"turns":2.0},{"damage":0.0,"enemies":"Collector","floor":17.0,"turns":1.0},{"damage":0.0,"enemies":"Shield and Spear","floor":21.0,"turns":2.0}],"seed_played":"3260056704813802300","potions_obtained":[{"floor":9.0,"key":"Strength Potion"}],"is_trial":true,"path_per_floor":["$","R","M","M","M","T","$","R","M","M","M","T","$","R","M","M","M","T","R","$","E"],"character_chosen":"DANTE","items_purchased":["BargainBundle","Rebellion+1","Dash2+1","Bag of Preparation","PlaceholderMod:FlatBlood","REME_GoldPotion","ColorlessPotion","Swordcombo+1","ClockworkSouvenir","Ccalipers","Void","AT_SpeedBoots","DemoMod:DecoyRelic","Chaos","Gilgamesh+1","PlaceholderMod:DaolothFragment","TheAbacus","REME_PuzzleBoxRelic"],"campfire_rested":1,"item_purchase_floors":[1,1,1,1,1,1,1,6,7,7,7,13,13,13,18,20,20,20],"current_hp_per_floor":[68,68,68,68,68,65,65,65,65,65,65,65,65,65,65,65,65,53,53,53,53,53],"gold":453,"neow_bonus":"","is_daily":false,"chose_seed":false,"campfire_upgraded":3,"win_rate":0.0,"timestamp":1608737626,"path_taken":["$","R","M","M","M","T","$","R","M","M","M","T","$","R","M","M","M","T","R","$","E"],"items_purchased_type":["Relic","Card","Card","Relic","Relic","Potion","Potion","Card","Relic","Relic","Card","Relic","Relic","Card","Card","Relic","Relic","Relic"],"build_version":"2020-12-22","purchased_purges":7,"victory":false,"max_hp_per_floor":[75,75,75,75,75,65,65,65,65,65,65,65,65,65,65,65,65,53,53,53,53,53],"card_choices":[{"not_picked":["Shock+1","Gilgamesh+1","Holywater+1"],"picked":"SKIP","floor":21}],"player_experience":407333,"relics_obtained":[{"floor":3.0,"key":"Kunai"},{"floor":4.0,"key":"REME_IWantAll"},{"floor":5.0,"key":"DemoMod:Bottle"},{"floor":9.0,"key":"Omamori"},{"floor":10.0,"key":"AT_TheCollector"},{"floor":11.0,"key":"Gremlin Food"},{"floor":15.0,"key":"DemoMod:ResourcefulSack"},{"floor":17.0,"key":"Habit"}],"event_choices":[],"is_beta":false,"boss_relics":[{"not_picked":["Astrolabe","Coffee Dripper"],"picked":"PlaceholderMod:LiveLive"},{"not_picked":[]},{"not_picked":[]},{"not_picked":["ReplayTheSpireMod:TigerMarble","TheBible"],"picked":"Damocles"},{"not_picked":[]}],"items_purged_floors":[1,1,6,7,13,18,20],"is_endless":false,"potions_floor_spawned":[3,4,9,15,17],"killed_by":"Shield and Spear","ascension_level":20}}