{"host":"zjh67scmpoerk5lt","time":1608722895,"event":{"mods":["BaseMod","Infinite Spire","Minty Spire (QoL Compilation)","Quick Restart","Replay The Spire","StSLib","The Animator","The Bug Knight","The Cursed","The IronCluck","The Servant 0.9.4"],"gold_per_floor":[113,113,113,113,124,124,156,175,199,219,238,238,49,61,61,61,61],"floor_reached":16,"playtime":2044,"items_purged":["Regret"],"score":102,"play_id":"fa7e0860-3b7d-453b-9b02-40cec86c8729","local_time":"20201223042815","is_ascension_mode":false,"campfire_choices":[{"data":"Iron Wave","floor":6,"key":"SMITH"},{"floor":12,"key":"REST"},{"floor":15,"key":"REST"}],"circlet_count":0,"master_deck":["Strike_R","Strike_R","Strike_R","Strike_R","Defend_R","Defend_R","Defend_R","Defend_R","Bash","ReplayTheSpireMod:Stacked","Amnesia","Iron Wave+1","ReplayTheSpireMod:Strike From Hell+1","ReplayTheSpireMod:Strike From Hell","Demon Form","Cleave","Burning Pact","Combust","Armaments+1"],"relics":["Burning Blood","Ring of Hypnosis","Ring of Hypnosis","Gremlin Food","Gremlin Horn","Boot"],"acts_visited":["Exordium"],"potions_floor_usage":[],"damage_taken":[{"damage":10,"enemies":"Jaw Worm","floor":1,"turns":4},{"damage":5,"enemies":"2 Louse","floor":5,"turns":3},{"damage":58,"enemies":"HollowMod:MossKnight","floor":7,"turns":19},{"damage":8,"enemies":"Small Slimes","floor":8,"turns":3},{"damage":15,"enemies":"Exordium Thugs","floor":10,"turns":4},{"damage":3,"enemies":"Looter","floor":11,"turns":4},{"damage":18,"enemies":"Exordium Wildlife","floor":14,"turns":4},{"damage":53,"enemies":"The Guardian","floor":16,"turns":11}],"seed_played":"314047720157746803","potions_obtained":[{"floor":5,"key":"GamblersBrew"},{"floor":7,"key":"EssenceOfSteel"},{"floor":11,"key":"ElixirPotion"}],"is_trial":false,"path_per_floor":["M","?","?","?","M","R","E","M","T","M","M","R","$","M","R","B"],"character_chosen":"IRONCLAD","items_purchased":["Burning Pact","Combust"],"campfire_rested":2,"item_purchase_floors":[13,13],"current_hp_per_floor":[76,76,76,76,77,77,25,23,23,14,17,41,41,29,53,0,0],"gold":61,"neow_bonus":"","is_daily":false,"chose_seed":false,"campfire_upgraded":1,"win_rate":0.0,"timestamp":1608722895,"path_taken":["M","?","?","?","M","R","E","M","T","M","?","R","$","M","R","BOSS"],"items_purchased_type":["Card","Card"],"build_version":"2020-12-22","purchased_purges":1,"victory":false,"max_hp_per_floor":[80,80,80,80,80,80,80,80,80,80,80,80,80,80,80,80,80],"card_choices":[{"not_picked":["Blood for Blood","ReplayTheSpireMod:Corrosion Curse"],"picked":"ReplayTheSpireMod:Stacked","floor":1},{"not_picked":["Twin Strike","Shrug It Off"],"picked":"Iron Wave","floor":5},{"not_picked":["Ghostly Armor","Iron Wave"],"picked":"ReplayTheSpireMod:Strike From Hell","floor":7},{"not_picked":["Shrug It Off","Pommel Strike"],"picked":"ReplayTheSpireMod:Strike From Hell","floor":8},{"not_picked":["Sword Boomerang","Run Through"],"picked":"Demon Form","floor":10},{"not_picked":["ReplayTheSpireMod:Limb From Limb","Hemokinesis"],"picked":"Cleave","floor":11},{"not_picked":["Replay:Undeath\u0027s Touch","Flame Barrier"],"picked":"Armaments","floor":14}],"player_experience":81319,"relics_obtained":[{"floor":2,"key":"Ring of Hypnosis"},{"floor":2,"key":"Ring of Hypnosis"},{"floor":7,"key":"Gremlin Horn"},{"floor":9,"key":"Boot"}],"event_choices":[{"damage_healed":0,"gold_gain":0,"player_choice":"Box","damage_taken":0,"relics_obtained":["Gremlin Food"],"max_hp_gain":0,"max_hp_loss":0,"event_name":"Big Fish","floor":4,"gold_loss":0,"cards_obtained":["Regret"]}],"is_beta":false,"boss_relics":[],"items_purged_floors":[13],"is_endless":false,"potions_floor_spawned":[5,7,11],"killed_by":"The Guardian","ascension_level":0}}