{"host":"5bdt6s51dmpd4l3v","time":1608718458,"event":{"mods":["AchievementEnabler","BaseMod","Colored Map","Colored Powertips","Highlight Path","Minty Spire (QoL Compilation)","Quick Restart","Rare Cards Sparkle","StSLib"],"gold_per_floor":[109,128,75,150,150,150,181,181,181,194,209,209,235,200,200,272,272,284,300,225,275,69,95,95,114,114,132,132,157,157,157,157],"floor_reached":31,"playtime":716,"items_purged":["Defend_R"],"score":579,"play_id":"cf5569b7-213e-44fb-b935-a939d2399cb0","local_time":"20201223181418","is_ascension_mode":true,"campfire_choices":[{"data":"Inflame","floor":6,"key":"SMITH"},{"data":"Sword Boomerang","floor":8,"key":"SMITH"},{"data":"Shockwave","floor":12,"key":"SMITH"},{"data":"Limit Break","floor":15,"key":"SMITH"},{"data":"Flex","floor":24,"key":"SMITH"},{"floor":28,"key":"REST"},{"floor":30,"key":"REST"}],"circlet_count":0,"master_deck":["AscendersBane","Strike_R","Strike_R","Strike_R","Strike_R","Strike_R","Defend_R","Defend_R","Defend_R","Bash","Clash","Inflame+1","Sword Boomerang+1","Shockwave+1","Limit Break+1","Flex+1","Heavy Blade+1","Seeing Red","Pommel Strike+1"],"relics":["Black Blood","NeowsBlessing","Bottled Flame","Toy Ornithopter","MealTicket","Bag of Marbles","Pocketwatch","Paper Frog","Shovel"],"acts_visited":["Exordium","TheCity"],"potions_floor_usage":[13,16,23,29],"damage_taken":[{"damage":0,"enemies":"Jaw Worm","floor":1,"turns":1},{"damage":0,"enemies":"Small Slimes","floor":2,"turns":1},{"damage":0,"enemies":"3 Sentries","floor":7,"turns":2},{"damage":6,"enemies":"2 Louse","floor":10,"turns":3},{"damage":12,"enemies":"Exordium Wildlife","floor":11,"turns":4},{"damage":15,"enemies":"Lagavulin","floor":13,"turns":5},{"damage":44,"enemies":"Hexaghost","floor":16,"turns":8},{"damage":37,"enemies":"Shell Parasite","floor":18,"turns":5},{"damage":12,"enemies":"Chosen","floor":19,"turns":4},{"damage":49,"enemies":"Slavers","floor":23,"turns":4},{"damage":32,"enemies":"Shelled Parasite and Fungi","floor":25,"turns":3},{"damage":0,"enemies":"Snecko","floor":27,"turns":2},{"damage":52,"enemies":"Book of Stabbing","floor":29,"turns":5},{"damage":44,"enemies":"Gremlin Leader","floor":31,"turns":4}],"seed_played":"-1634984426547610090","potions_obtained":[{"floor":10,"key":"SpeedPotion"},{"floor":13,"key":"EssenceOfSteel"},{"floor":19,"key":"Energy Potion"},{"floor":25,"key":"Dexterity Potion"}],"is_trial":false,"path_per_floor":["M","M","$","?","?","R","E","R","T","M","M","R","E","?","R","B",null,"M","M","$","?","$","E","R","M","T","M","R","E","R","E"],"character_chosen":"IRONCLAD","items_purchased":["Sword Boomerang","Flex","Bag of Marbles"],"campfire_rested":2,"item_purchase_floors":[3,22,22],"current_hp_per_floor":[74,75,75,64,64,64,70,70,70,70,64,64,60,75,75,42,67,42,42,57,57,72,38,38,18,18,30,52,17,39,0,0],"gold":157,"neow_bonus":"THREE_ENEMY_KILL","is_daily":false,"chose_seed":false,"campfire_upgraded":5,"win_rate":0.0,"timestamp":1608718458,"path_taken":["M","M","$","?","?","R","E","R","T","M","M","R","E","?","R","BOSS","M","M","$","?","$","E","R","M","T","M","R","E","R","E"],"items_purchased_type":["Card","Card","Relic"],"build_version":"2020-12-22","purchased_purges":1,"victory":false,"max_hp_per_floor":[75,75,75,75,75,75,75,75,75,75,75,75,75,75,75,75,75,75,75,75,75,75,75,75,75,75,75,75,75,75,75,75],"card_choices":[{"not_picked":["Headbutt","Spot Weakness"],"picked":"Clash","floor":1},{"not_picked":["Searing Blow","Clothesline"],"picked":"Inflame","floor":2},{"not_picked":["Spot Weakness","Sever Soul","Exhume"],"picked":"SKIP","floor":7},{"not_picked":["Heavy Blade","Hemokinesis"],"picked":"Shockwave","floor":10},{"not_picked":["Bloodletting","Clothesline","Headbutt"],"picked":"SKIP","floor":11},{"not_picked":["Thunderclap","Clash"],"picked":"Limit Break","floor":13},{"not_picked":["Dual Wield","Ghostly Armor","Shrug It Off"],"picked":"SKIP","floor":18},{"not_picked":["True Grit+1","Iron Wave","Disarm"],"picked":"SKIP","floor":19},{"not_picked":["Flex","Sentinel"],"picked":"Heavy Blade+1","floor":23},{"not_picked":["Hemokinesis","Inflame"],"picked":"Seeing Red","floor":25},{"not_picked":["Shockwave","Disarm"],"picked":"Pommel Strike+1","floor":27},{"not_picked":["Sever Soul+1","Anger","Evolve+1"],"picked":"SKIP","floor":29}],"player_experience":204718,"relics_obtained":[{"floor":7,"key":"Bottled Flame"},{"floor":9,"key":"Toy Ornithopter"},{"floor":13,"key":"MealTicket"},{"floor":23,"key":"Pocketwatch"},{"floor":26,"key":"Paper Frog"},{"floor":29,"key":"Shovel"}],"event_choices":[{"damage_healed":0,"gold_gain":75,"player_choice":"Gather Gold","damage_taken":11,"max_hp_gain":0,"max_hp_loss":0,"event_name":"World of Goop","floor":4,"gold_loss":0},{"damage_healed":0,"gold_gain":0,"player_choice":"Ignored","damage_taken":0,"max_hp_gain":0,"max_hp_loss":0,"event_name":"Liars Game","floor":5,"gold_loss":0},{"damage_healed":18,"gold_gain":0,"player_choice":"Healed","damage_taken":0,"max_hp_gain":0,"max_hp_loss":0,"event_name":"The Cleric","floor":14,"gold_loss":35},{"damage_healed":0,"gold_gain":50,"player_choice":"Stole From Cult","damage_taken":0,"max_hp_gain":0,"max_hp_loss":0,"event_name":"Nest","floor":21,"gold_loss":0}],"is_beta":false,"boss_relics":[{"not_picked":["Busted Crown","Cursed Key"],"picked":"Black Blood"}],"items_purged_floors":[20],"is_endless":false,"potions_floor_spawned":[10,13,19,25],"killed_by":"Gremlin Leader","ascension_level":15}}