{"host":"i39dbljnp2r9g04i","time":1608739661,"event":{"mods":["BaseMod","Minty Spire (QoL Compilation)","StSLib"],"gold_per_floor":[114,114,189,189,202,230,245,245,245,245,258,283,283,182,182,275,275,296,320,338,197,261,295,295,295,295,308,308,323,371,415,415,508,508,526,545,608,9,9,9,9,49,49,49,74,407,407,407,407,407,407,407,6,35,35],"floor_reached":56,"playtime":3796,"items_purged":["Strike_G","Strike_G"],"score":1836,"play_id":"00a91144-428e-4e54-bfde-435b1b9f0964","local_time":"20201224000741","is_ascension_mode":true,"campfire_choices":[{"data":"Well Laid Plans","floor":8.0,"key":"SMITH"},{"data":"Blade Dance","floor":10.0,"key":"SMITH"},{"data":"Finisher","floor":15.0,"key":"SMITH"},{"data":"Cloak And Dagger","floor":24.0,"key":"SMITH"},{"data":"Footwork","floor":28.0,"key":"SMITH"},{"data":"Backflip","floor":32.0,"key":"SMITH"},{"floor":40.0,"key":"RECALL"},{"data":"Tools of the Trade","floor":44.0,"key":"SMITH"},{"data":"After Image","floor":49.0,"key":"SMITH"},{"data":"A Thousand Cuts","floor":52.0,"key":"SMITH"}],"circlet_count":0,"master_deck":["AscendersBane","Strike_G","Strike_G+1","Defend_G","Defend_G","Defend_G","Defend_G+1","Defend_G","Survivor+1","Neutralize+1","Blade Dance+1","Backflip+1","Finisher+1","Endless Agony","Well Laid Plans+1","Cloak And Dagger+1","A Thousand Cuts+1","Prepared+1","Footwork+1","Slice+1","After Image+1","Choke","Distraction+1","Cloak And Dagger","Tools of the Trade+1","Slice+1","Panache","Footwork+1"],"relics":["Ring of the Serpent","NeowsBlessing","Gambling Chip","Pantograph","Calipers","Omamori","Coffee Dripper","The Courier","MealTicket","Whetstone","Ice Cream","Tingsha","TheAbacus","Ornamental Fan","Torii","Juzu Bracelet","DollysMirror","Bronze Scales","War Paint","Pen Nib"],"acts_visited":["Exordium","TheCity","TheBeyond","TheEnding"],"potions_floor_usage":[55],"damage_taken":[{"damage":0.0,"enemies":"Small Slimes","floor":1.0,"turns":1.0},{"damage":0.0,"enemies":"Jaw Worm","floor":5.0,"turns":1.0},{"damage":0.0,"enemies":"3 Sentries","floor":6.0,"turns":1.0},{"damage":0.0,"enemies":"Cultist","floor":7.0,"turns":4.0},{"damage":0.0,"enemies":"Large Slime","floor":11.0,"turns":2.0},{"damage":17.0,"enemies":"Lagavulin","floor":12.0,"turns":5.0},{"damage":14.0,"enemies":"Slime Boss","floor":16.0,"turns":8.0},{"damage":8.0,"enemies":"2 Thieves","floor":18.0,"turns":4.0},{"damage":4.0,"enemies":"Chosen","floor":19.0,"turns":4.0},{"damage":11.0,"enemies":"Snake Plant","floor":20.0,"turns":4.0},{"damage":0.0,"enemies":"3 Cultists","floor":22.0,"turns":4.0},{"damage":10.0,"enemies":"Slavers","floor":23.0,"turns":12.0},{"damage":10.0,"enemies":"Snecko","floor":27.0,"turns":4.0},{"damage":6.0,"enemies":"Snake Plant","floor":29.0,"turns":4.0},{"damage":0.0,"enemies":"Gremlin Leader","floor":31.0,"turns":1.0},{"damage":22.0,"enemies":"Champ","floor":33.0,"turns":14.0},{"damage":0.0,"enemies":"Orb Walker","floor":35.0,"turns":4.0},{"damage":22.0,"enemies":"3 Shapes","floor":36.0,"turns":3.0},{"damage":24.0,"enemies":"2 Orb Walkers","floor":37.0,"turns":6.0},{"damage":3.0,"enemies":"Reptomancer","floor":42.0,"turns":10.0},{"damage":0.0,"enemies":"Transient","floor":45.0,"turns":5.0},{"damage":48.0,"enemies":"Time Eater","floor":50.0,"turns":15.0},{"damage":22,"enemies":"Shield and Spear","floor":54,"turns":8},{"damage":36,"enemies":"The Heart","floor":55,"turns":10}],"seed_played":"-7850113065522071731","potions_obtained":[{"floor":6.0,"key":"LiquidMemories"},{"floor":7.0,"key":"Strength Potion"},{"floor":16.0,"key":"ColorlessPotion"},{"floor":19.0,"key":"Dexterity Potion"},{"floor":22.0,"key":"Block Potion"},{"floor":27.0,"key":"DuplicationPotion"},{"floor":29.0,"key":"Fire Potion"},{"floor":33.0,"key":"Strength Potion"},{"floor":35.0,"key":"Fire Potion"},{"floor":37.0,"key":"Swift Potion"},{"floor":45.0,"key":"Ancient Potion"}],"is_trial":false,"path_per_floor":["M","?","?","?","M","E","M","R","T","R","M","E","?","$","R","B",null,"M","M","M","$","M","E","R","?","T","M","R","M","T","E","R","B",null,"M","M","?","$","?","R","$","E","T","R","M","?","?","$","R","B",null,"R","$","E","B",null],"character_chosen":"THE_SILENT","items_purchased":["Cloak And Dagger","Footwork","Cloak And Dagger","Tingsha","TheAbacus","Ornamental Fan","DollysMirror","Bronze Scales","War Paint","SpeedPotion"],"campfire_rested":0,"item_purchase_floors":[14,21,38,38,38,38,53,53,53,53],"current_hp_per_floor":[63,63,52,45,45,45,45,45,45,45,45,28,28,28,28,39,59,51,47,36,36,36,26,26,26,26,16,16,10,10,10,10,13,52,52,30,6,21,21,21,36,33,33,33,33,33,33,48,48,17,53,53,65,43,29],"gold":35,"neow_bonus":"THREE_ENEMY_KILL","is_daily":false,"chose_seed":false,"campfire_upgraded":9,"win_rate":0.0,"timestamp":1608739661,"path_taken":["M","?","?","?","M","E","M","R","T","R","M","E","?","$","R","BOSS","M","M","M","$","M","E","R","?","T","M","R","M","?","E","R","BOSS","M","M","?","$","?","R","?","E","T","R","M","?","?","$","R","BOSS","R","$","E","BOSS"],"items_purchased_type":["Card","Card","Card","Relic","Relic","Relic","Relic","Relic","Relic","Potion"],"build_version":"2020-12-22","purchased_purges":2,"victory":true,"max_hp_per_floor":[70,70,70,70,70,70,70,70,70,70,70,70,65,65,65,65,65,65,65,65,65,65,65,65,65,65,65,65,65,65,65,65,65,65,65,65,65,65,65,65,65,65,65,65,65,65,65,65,65,65,65,65,65,65,65],"card_choices":[{"not_picked":["Flying Knee","Deflect"],"picked":"Blade Dance","floor":1.0},{"not_picked":["Quick Slash","Escape Plan"],"picked":"Finisher","floor":5.0},{"not_picked":["Outmaneuver","Blur"],"picked":"Endless Agony","floor":6.0},{"not_picked":["Noxious Fumes","Heel Hook"],"picked":"Well Laid Plans","floor":7.0},{"not_picked":["Quick Slash","Expertise","Bane"],"picked":"SKIP","floor":11.0},{"not_picked":["Corpse Explosion","Flying Knee","Leg Sweep"],"picked":"SKIP","floor":12.0},{"not_picked":["Corpse Explosion","Die Die Die"],"picked":"A Thousand Cuts","floor":16.0},{"not_picked":["Dagger Spray","Caltrops","Blur"],"picked":"SKIP","floor":18.0},{"not_picked":["PiercingWail","Escape Plan","Noxious Fumes"],"picked":"SKIP","floor":19.0},{"not_picked":["Flying Knee","Dagger Throw"],"picked":"Prepared+1","floor":20.0},{"not_picked":["PiercingWail","Noxious Fumes","Setup"],"picked":"SKIP","floor":22.0},{"not_picked":["Unload","Masterful Stab"],"picked":"Slice+1","floor":23.0},{"not_picked":["Deflect","Calculated Gamble","Eviscerate"],"picked":"SKIP","floor":27.0},{"not_picked":["Sucker Punch","Underhanded Strike","Dagger Throw"],"picked":"SKIP","floor":29.0},{"not_picked":["Underhanded Strike+1","Bane","Escape Plan"],"picked":"SKIP","floor":31.0},{"not_picked":["Phantasmal Killer","Die Die Die"],"picked":"After Image","floor":33.0},{"not_picked":["Flying Knee","Distraction+1"],"picked":"Choke","floor":35.0},{"not_picked":["Distraction","Escape Plan"],"picked":"Infinite Blades","floor":36.0},{"not_picked":["Endless Agony","PiercingWail"],"picked":"Distraction+1","floor":37.0},{"not_picked":["Dodge and Roll+1","Acrobatics"],"picked":"Tools of the Trade","floor":42.0},{"not_picked":["PiercingWail","Crippling Poison"],"picked":"Slice+1","floor":45.0},{"not_picked":["Violence","Secret Weapon"],"picked":"Panache","floor":47.0},{"not_picked":["Blade Dance","Predator","Finisher"],"picked":"SKIP","floor":54}],"player_experience":437207,"relics_obtained":[{"floor":6.0,"key":"Pantograph"},{"floor":9.0,"key":"Calipers"},{"floor":12.0,"key":"Omamori"},{"floor":23.0,"key":"The Courier"},{"floor":30.0,"key":"MealTicket"},{"floor":31.0,"key":"Whetstone"},{"floor":37.0,"key":"Ice Cream"},{"floor":42.0,"key":"Torii"},{"floor":43.0,"key":"Juzu Bracelet"},{"floor":54,"key":"Pen Nib"}],"event_choices":[{"damage_healed":0.0,"max_hp_gain":0.0,"max_hp_loss":0.0,"gold_gain":0.0,"cards_transformed":["Strike_G"],"event_name":"Living Wall","player_choice":"Change","floor":2.0,"gold_loss":0.0,"damage_taken":0.0,"cards_obtained":["Backflip"]},{"damage_healed":0.0,"max_hp_gain":0.0,"max_hp_loss":0.0,"gold_gain":75.0,"event_name":"World of Goop","player_choice":"Gather Gold","floor":3.0,"gold_loss":0.0,"damage_taken":11.0},{"damage_healed":0.0,"max_hp_gain":0.0,"max_hp_loss":0.0,"gold_gain":0.0,"event_name":"Scrap Ooze","player_choice":"Success","floor":4.0,"gold_loss":0.0,"damage_taken":7.0,"relics_obtained":["Gambling Chip"]},{"damage_healed":0.0,"max_hp_gain":0.0,"max_hp_loss":5.0,"gold_gain":0.0,"event_name":"Golden Idol","player_choice":"Lose Max HP","floor":13.0,"gold_loss":0.0,"damage_taken":0.0,"relics_obtained":["Golden Idol"]},{"damage_healed":0.0,"max_hp_gain":0.0,"max_hp_loss":0.0,"gold_gain":0.0,"event_name":"Vampires","player_choice":"Ignored","floor":25.0,"gold_loss":0.0,"damage_taken":0.0},{"damage_healed":0.0,"max_hp_gain":0.0,"max_hp_loss":0.0,"gold_gain":0.0,"event_name":"Mysterious Sphere","player_choice":"Fight","floor":37.0,"gold_loss":0.0,"damage_taken":0.0},{"cards_removed":["Infinite Blades"],"damage_healed":0.0,"max_hp_gain":0.0,"max_hp_loss":0.0,"gold_gain":0.0,"event_name":"Falling","player_choice":"Removed Power","floor":39.0,"gold_loss":0.0,"damage_taken":0.0},{"damage_healed":0.0,"max_hp_gain":0.0,"max_hp_loss":0.0,"gold_gain":333.0,"event_name":"The Moai Head","player_choice":"Gave Idol","floor":46.0,"relics_lost":["Golden Idol"],"gold_loss":0.0,"damage_taken":0.0},{"damage_healed":0.0,"max_hp_gain":0.0,"max_hp_loss":0.0,"gold_gain":0.0,"event_name":"SensoryStone","player_choice":"Memory 1","floor":47.0,"gold_loss":0.0,"damage_taken":0.0}],"is_beta":false,"boss_relics":[{"not_picked":["Busted Crown","Ectoplasm"],"picked":"Coffee Dripper"},{"not_picked":["Black Star","SacredBark"],"picked":"Ring of the Serpent"}],"items_purged_floors":[14,21],"is_endless":false,"potions_floor_spawned":[6,7,16,19,22,27,29,33,35,37,45],"ascension_level":13}}