{"host":"30jsp143e4v19aze","time":1608735929,"event":{"mods":["BaseMod","Colored Map","Colored Powertips","Curses Come First","DeckTracker","Highlight Path","Minty Spire (QoL Compilation)","Quick Restart","Relic Stats","StSLib"],"gold_per_floor":[99,99,99,99,99,99,99,99,99,69,69,69,69,69,69,69,69,0,0,0,0,0,0,0,0,0,0,0,0,0,0],"floor_reached":30,"playtime":1077,"items_purged":[],"score":325,"play_id":"74563210-e2f1-4eb7-b7b0-b480317ac367","local_time":"20201223160529","is_ascension_mode":true,"campfire_choices":[{"floor":6,"key":"REST"},{"floor":8,"key":"REST"},{"data":"Tempest","floor":12,"key":"SMITH"},{"floor":15,"key":"REST"},{"floor":24,"key":"REST"}],"circlet_count":0,"master_deck":["Strike_B","Strike_B","Defend_B","Defend_B","Defend_B","Defend_B","Zap","Dualcast","Tempest+1","Coolheaded","Conserve Battery","Meteor Strike+1","Cold Snap","Multi-Cast","Rainbow","Defragment","Consume","Redo","Streamline","Force Field","Recycle"],"relics":["Ectoplasm","Golden Idol","Vajra","Strawberry","Omamori","Calling Bell","Regal Pillow","Question Card","Thread and Needle","TungstenRod","CeramicFish","Ancient Tea Set","Nunchaku"],"acts_visited":["Exordium","TheCity"],"potions_floor_usage":[23,30,30],"damage_taken":[{"damage":1,"enemies":"2 Louse","floor":1,"turns":2},{"damage":8,"enemies":"Small Slimes","floor":3,"turns":3},{"damage":5,"enemies":"Jaw Worm","floor":4,"turns":3},{"damage":24,"enemies":"Large Slime","floor":5,"turns":7},{"damage":37,"enemies":"Gremlin Nob","floor":7,"turns":5},{"damage":1,"enemies":"Looter","floor":10,"turns":3},{"damage":17,"enemies":"Lagavulin","floor":13,"turns":6},{"damage":19,"enemies":"The Guardian","floor":16,"turns":14},{"damage":11,"enemies":"2 Thieves","floor":18,"turns":5},{"damage":2,"enemies":"Chosen","floor":21,"turns":5},{"damage":10,"enemies":"Snecko","floor":22,"turns":4},{"damage":28,"enemies":"Slavers","floor":23,"turns":6},{"damage":20,"enemies":"Snake Plant","floor":25,"turns":4},{"damage":30,"enemies":"Shelled Parasite and Fungi","floor":29,"turns":8},{"damage":24,"enemies":"Centurion and Healer","floor":30,"turns":3}],"seed_played":"8012916261637289039","potions_obtained":[{"floor":1,"key":"Fire Potion"},{"floor":5,"key":"DuplicationPotion"},{"floor":10,"key":"Dexterity Potion"},{"floor":25,"key":"FocusPotion"},{"floor":29,"key":"Regen Potion"}],"is_trial":false,"path_per_floor":["M","?","M","M","M","R","E","R","T","M","?","R","E","?","R","B",null,"M","?","?","M","M","E","R","M","T","?","?","M","M"],"character_chosen":"DEFECT","items_purchased":[],"campfire_rested":4,"item_purchase_floors":[],"current_hp_per_floor":[74,56,48,43,19,41,4,26,33,32,32,32,15,15,39,20,67,56,56,56,54,44,16,55,35,35,35,35,5,0,0],"gold":0,"neow_bonus":"BOSS_RELIC","is_daily":false,"chose_seed":false,"campfire_upgraded":1,"win_rate":0.0,"timestamp":1608735929,"path_taken":["M","?","M","M","M","R","E","R","T","M","?","R","E","?","R","BOSS","M","?","?","M","M","E","R","M","T","?","?","?","M"],"items_purchased_type":[],"build_version":"2020-12-22","purchased_purges":0,"victory":false,"max_hp_per_floor":[75,75,75,75,75,75,75,75,82,82,82,82,82,82,82,82,82,82,82,82,82,82,82,82,82,82,82,82,82,82,82],"relic_stats":{"Regal Pillow":15,"Nunchaku":[0],"counters":[15,78],"Golden Idol":82,"CeramicFish":0,"Ectoplasm":706,"Question Card":6,"obtain_stats":[{"Regal Pillow":17,"Golden Idol":2,"CeramicFish":23,"Vajra":7,"Thread and Needle":17,"Omamori":13,"Question Card":17,"Ancient Tea Set":26,"Calling Bell":17,"Nunchaku":28,"Strawberry":9,"Ectoplasm":0,"Cracked Core":0,"TungstenRod":19},{"Regal Pillow":8,"Golden Idol":1,"CeramicFish":12,"Vajra":5,"Thread and Needle":8,"Omamori":7,"Question Card":8,"Ancient Tea Set":13,"Calling Bell":8,"Nunchaku":13,"Strawberry":5,"Ectoplasm":0,"Cracked Core":0,"TungstenRod":9},{"Regal Pillow":43,"Golden Idol":2,"CeramicFish":63,"Vajra":20,"Thread and Needle":43,"Omamori":29,"Question Card":43,"Ancient Tea Set":67,"Calling Bell":43,"Nunchaku":67,"Strawberry":20,"Ectoplasm":0,"Cracked Core":0,"TungstenRod":48}],"TungstenRod":21},"card_choices":[{"not_picked":["Rip and Tear","Streamline"],"picked":"Tempest","floor":1},{"not_picked":["Heatsinks","Double Energy"],"picked":"Coolheaded","floor":3},{"not_picked":["Steam","Turbo","Aggregate"],"picked":"SKIP","floor":4},{"not_picked":["Rebound","Skim"],"picked":"Conserve Battery","floor":5},{"not_picked":["Sunder","Storm"],"picked":"Meteor Strike","floor":7},{"not_picked":["Streamline","Storm"],"picked":"Cold Snap","floor":10},{"not_picked":["Gash","Leap"],"picked":"Multi-Cast","floor":13},{"not_picked":["Buffer","Multi-Cast"],"picked":"Rainbow","floor":16},{"not_picked":["Compile Driver+1","Rebound+1","Cold Snap","Barrage"],"picked":"SKIP","floor":18},{"not_picked":["Coolheaded","Turbo+1","Leap"],"picked":"Defragment","floor":21},{"not_picked":["Barrage","Rebound","Hello World","Consume"],"picked":"SKIP","floor":22},{"not_picked":["Barrage","Rebound","Hello World"],"picked":"Consume","floor":22},{"not_picked":["Meteor Strike","Leap","Reprogram","Hologram"],"picked":"SKIP","floor":23},{"not_picked":["Recycle","Streamline","Chaos"],"picked":"Redo","floor":25},{"not_picked":["Leap","Streamline","Hologram"],"picked":"Recycle","floor":29}],"player_experience":3094947,"relics_obtained":[{"floor":7,"key":"Vajra"},{"floor":9,"key":"Strawberry"},{"floor":13,"key":"Omamori"},{"floor":17,"key":"Regal Pillow"},{"floor":17,"key":"Question Card"},{"floor":17,"key":"Thread and Needle"},{"floor":23,"key":"CeramicFish"},{"floor":26,"key":"Ancient Tea Set"}],"event_choices":[{"damage_healed":0,"gold_gain":0,"player_choice":"Take Damage","damage_taken":18,"relics_obtained":["Golden Idol"],"max_hp_gain":0,"max_hp_loss":0,"event_name":"Golden Idol","floor":2,"gold_loss":0},{"damage_healed":0,"gold_gain":0,"player_choice":"Grow","damage_taken":0,"max_hp_gain":0,"max_hp_loss":0,"event_name":"Living Wall","floor":11,"gold_loss":0,"cards_upgraded":["Meteor Strike"]},{"damage_healed":0,"gold_gain":0,"player_choice":"Ignored","damage_taken":0,"max_hp_gain":0,"max_hp_loss":0,"event_name":"Shining Light","floor":14,"gold_loss":0},{"damage_healed":0,"gold_gain":0,"player_choice":"Opened","damage_taken":0,"relics_obtained":["TungstenRod"],"max_hp_gain":0,"max_hp_loss":0,"event_name":"The Mausoleum","floor":19,"gold_loss":0},{"damage_healed":0,"gold_gain":99,"player_choice":"Stole From Cult","damage_taken":0,"max_hp_gain":0,"max_hp_loss":0,"event_name":"Nest","floor":20,"gold_loss":0},{"damage_healed":0,"gold_gain":0,"cards_transformed":["Strike_B","Strike_B"],"player_choice":"Became Test Subject","damage_taken":0,"max_hp_gain":0,"max_hp_loss":0,"event_name":"Drug Dealer","floor":27,"gold_loss":0,"cards_obtained":["Streamline","Force Field"]},{"damage_healed":0,"gold_gain":0,"player_choice":"Stole Relic","damage_taken":0,"relics_obtained":["Nunchaku"],"max_hp_gain":0,"max_hp_loss":0,"event_name":"Addict","floor":28,"gold_loss":0,"cards_obtained":["Shame"]}],"is_beta":false,"boss_relics":[{"not_picked":["Black Star","SacredBark"],"picked":"Calling Bell"}],"items_purged_floors":[],"is_endless":false,"potions_floor_spawned":[1,5,10,13,21,25,29],"killed_by":"Centurion and Healer","ascension_level":5}}