{"host":"00tqcjwpycel7e54","time":1608688000,"event":{"mods":["ATMod(阿瑾Mod)","BaseMod","Colored Powertips","Displayed Cursed Tome","Downfall","Hermit","Highlight Path","KomeijiMod","Lobotomy","Luminous","Marisa（F雨　魔理沙）","Minty Spire (QoL Compilation)","Remilia（蕾米莉亚）","Replay The Spire","Robot Space Explorer","Shop Mod","Spicy Shops","StSLib","The Administrix","The Bug Knight","The Cursed","The Dragon Tamer","The Gatherer","The Hierophant","The Runesmith","The Senshi","The Servant 0.9.4","WarShipGirlsR/战舰少女R mod","Youmu（魂魄妖梦）","Yuyuko","【东方二次创作】八云紫mod","【遗物卡牌】REMEMod"],"gold_per_floor":[112,112,129,142,152,181,181,193,193,193,203,264,29,48,48,48,48],"floor_reached":16,"playtime":977,"items_purged":["FieryBird"],"score":264,"play_id":"5499058b-c07c-45cc-b218-092107370820","local_time":"20201223094640","is_ascension_mode":true,"campfire_choices":[{"floor":7.0,"key":"REST"},{"floor":15,"key":"REST"}],"circlet_count":0,"master_deck":["AscendersBane","Strike_G","Strike_G","Strike_G","Strike_G","Strike_G","Defend_G","Defend_G","Defend_G","Defend_G","Defend_G","Survivor","Neutralize","AT_WindFlip+1","BlackSwan","Flying Knee","SnowQueen","Draining Mist","Backstab","Murderer","QueenOfHatred","Outmaneuver","Bouncing Flask"],"relics":["Ring of the Snake","AT_ATBox","REME_ComplimentaryCards","CogitoBucket","Ancient Tea Set","ChangeAnything","Du-Vu Doll","FossilizedHelix","ReplayTheSpireMod:Shallot","Regal Pillow"],"acts_visited":["Exordium"],"potions_floor_usage":[],"damage_taken":[{"damage":2.0,"enemies":"Jaw Worm","floor":1.0,"turns":4.0},{"damage":0.0,"enemies":"Cultist","floor":3.0,"turns":3.0},{"damage":0.0,"enemies":"Small Slimes","floor":4.0,"turns":3.0},{"damage":24.0,"enemies":"Exordium Thugs","floor":5.0,"turns":4.0},{"damage":12.0,"enemies":"Lagavulin","floor":6.0,"turns":8.0},{"damage":7.0,"enemies":"Lots of Slimes","floor":8.0,"turns":3.0},{"damage":0.0,"enemies":"Looter","floor":11.0,"turns":2.0},{"damage":0.0,"enemies":"3 Sentries","floor":12.0,"turns":3.0},{"damage":0,"enemies":"Blue Slaver","floor":14,"turns":3},{"damage":38,"enemies":"Slime Boss","floor":16,"turns":9}],"seed_played":"2552592566826425782","potions_obtained":[{"floor":3.0,"key":"Dexterity Potion"},{"floor":5.0,"key":"Weak Potion"},{"floor":8.0,"key":"REME_GoldPotion"}],"is_trial":false,"path_per_floor":["M","?","M","M","M","E","R","M","T","T","M","E","$","M","R","B"],"character_chosen":"THE_SILENT","items_purchased":["Regal Pillow","Bouncing Flask"],"campfire_rested":2,"item_purchase_floors":[13,13],"current_hp_per_floor":[57,57,57,57,33,21,40,33,33,33,33,33,33,33,66,31,31],"gold":48,"neow_bonus":"","is_daily":false,"chose_seed":false,"campfire_upgraded":0,"win_rate":0.0,"timestamp":1608688000,"path_taken":["M","?","M","M","M","E","R","?","T","?","M","E","$","M","R","BOSS"],"items_purchased_type":["Relic","Card"],"build_version":"2020-12-13","purchased_purges":1,"victory":false,"max_hp_per_floor":[66,66,66,66,66,66,66,66,66,66,66,66,66,66,66,66,66],"card_choices":[{"not_picked":["CrumblingArmor","OldLady"],"picked":"BlackSwan","floor":1.0},{"not_picked":["Bane","Choke"],"picked":"Flying Knee","floor":1.0},{"not_picked":["ShyLook","SpiderBud"],"picked":"SnowQueen","floor":3.0},{"not_picked":["Slice","Cloak And Dagger"],"picked":"Draining Mist","floor":3.0},{"not_picked":["Tactician","Riddle With Holes","Sucker Punch"],"picked":"SKIP","floor":4.0},{"not_picked":["ReplayTheSpireMod:Exploit Weakness","Heel Hook"],"picked":"Backstab","floor":5.0},{"not_picked":["MeatLantern","Scarecrow"],"picked":"FieryBird","floor":6.0},{"not_picked":["Reflex","Bane","All Out Attack"],"picked":"SKIP","floor":6.0},{"not_picked":["Dodge and Roll","Terror","Deflect"],"picked":"SKIP","floor":8.0},{"not_picked":["Dodge and Roll","Terror","Deflect"],"picked":"SKIP","floor":8.0},{"not_picked":["WallGazer","MHz"],"picked":"Murderer","floor":11.0},{"not_picked":["Acrobatics","ReplayTheSpireMod:Scrap Shanks","Slice"],"picked":"SKIP","floor":11.0},{"not_picked":["Laetitia","Porccubus"],"picked":"QueenOfHatred","floor":12.0},{"not_picked":["Underhanded Strike","Finisher"],"picked":"Outmaneuver","floor":12.0},{"not_picked":["Backflip","Underhanded Strike","AT_MyraUnstableElement"],"picked":"SKIP","floor":14},{"not_picked":["Backflip","Underhanded Strike","AT_MyraUnstableElement"],"picked":"SKIP","floor":14},{"not_picked":["Backflip","Underhanded Strike","AT_MyraUnstableElement"],"picked":"SKIP","floor":14}],"player_experience":685791,"relics_obtained":[{"floor":6.0,"key":"Ancient Tea Set"},{"floor":9.0,"key":"Du-Vu Doll"},{"floor":10.0,"key":"FossilizedHelix"},{"floor":12.0,"key":"ReplayTheSpireMod:Shallot"}],"event_choices":[{"damage_healed":0.0,"max_hp_gain":0.0,"max_hp_loss":0.0,"gold_gain":0.0,"event_name":"Upgrade Shrine","player_choice":"Upgraded","floor":2.0,"gold_loss":0.0,"damage_taken":0.0,"cards_upgraded":["AT_WindFlip"]}],"is_beta":false,"boss_relics":[],"items_purged_floors":[13],"is_endless":false,"potions_floor_spawned":[3,5,8,11],"killed_by":"Slime Boss","ascension_level":18}}