{"host":"l66odvkqh04jpxx0","time":1608742016,"event":{"mods":["BaseMod","Colored Powertips","Conspire","Luminous","Minty Spire (QoL Compilation)","Replay The Spire","StSLib","The Construct","The Cursed","The Mystic","The Servant 0.9.4"],"gold_per_floor":[113,125,141,141,157,157,169,109,161,161,41,51,68,68,68,170,170,154,170,170,170,27,27,46,65,65,65,81,106,106,106,106,122,122,220,220,230,46,62,62,62],"floor_reached":40,"playtime":4234,"items_purged":[],"score":405,"play_id":"8063fbaf-71bb-463c-bf1f-7ffe60f3e235","local_time":"20201224004656","is_ascension_mode":false,"campfire_choices":[{"data":"Juggernaut","floor":6,"key":"SMITH"},{"floor":10,"key":"REST"},{"floor":15,"key":"REST"},{"floor":23,"key":"REST"},{"floor":27,"key":"REST"},{"floor":30,"key":"REST"},{"floor":34,"key":"REST"}],"circlet_count":0,"master_deck":["Strike_R","Strike_R","Strike_R","Strike_R","Strike_R","Defend_R","Defend_R+1","Defend_R+1","Defend_R","Bash+1","mysticmod:ArcaneDodge","Strike_R","Juggernaut+1","Thunderclap+1","Replay:Undeath\u0027s Touch","Headbutt","Limit Break+1","ReplayTheSpireMod:LeadingStrike","Fire Breathing","Fire Breathing","Rupture+1","Hemokinesis","Anger","Armaments+1","Limit Break","Cleave","Clash+1","RitualDagger","Dual Wield","Second Wind","Fiend Fire","Flame Barrier","Blood for Blood+1","conspire:HitWhereItHurts","Heavy Blade","ReplayTheSpireMod:Necrogeddon","ReplayTheSpireMod:Stacked+1"],"relics":["Burning Blood","Replay:Rubber Ducky","Replay:Bronze Core","Ring of Fury","Ring of Panic","Gremlin Food","construct:BoolHorns","War Paint","SlaversCollar"],"acts_visited":["Exordium","TheCity","TheBeyond"],"potions_floor_usage":[16,29,35,35,39],"damage_taken":[{"damage":3,"enemies":"conspire:RoseBush","floor":1,"turns":4},{"damage":0,"enemies":"Jaw Worm","floor":2,"turns":5},{"damage":1,"enemies":"Cultist","floor":3,"turns":4},{"damage":15,"enemies":"Looter","floor":5,"turns":4},{"damage":19,"enemies":"2 Fungi Beasts","floor":7,"turns":4},{"damage":13,"enemies":"Blue Slaver","floor":12,"turns":5},{"damage":23,"enemies":"Exordium Thugs","floor":13,"turns":6},{"damage":48,"enemies":"Slime Boss","floor":16,"turns":9},{"damage":30,"enemies":"2 Thieves","floor":18,"turns":5},{"damage":37,"enemies":"Spheric Guardian","floor":19,"turns":6},{"damage":2,"enemies":"Snecko","floor":24,"turns":3},{"damage":13,"enemies":"Chosen and Byrds","floor":25,"turns":4},{"damage":18,"enemies":"Cultist and Chosen","floor":28,"turns":5},{"damage":40,"enemies":"conspire:MimicChest","floor":29,"turns":5},{"damage":10,"enemies":"Centurion and Healer","floor":33,"turns":6},{"damage":19,"enemies":"Champ","floor":35,"turns":8},{"damage":0,"enemies":"3 Shapes","floor":37,"turns":3},{"damage":71,"enemies":"3 Darklings","floor":39,"turns":6},{"damage":38,"enemies":"Sphere and 2 Shapes","floor":40,"turns":4}],"seed_played":"2642460068236041500","potions_obtained":[{"floor":2,"key":"LiquidBronze"},{"floor":5,"key":"ElixirPotion"},{"floor":24,"key":"Cursed Concoction"},{"floor":25,"key":"PowerPotion"},{"floor":33,"key":"Explosive Potion"},{"floor":37,"key":"BloodPotion"}],"is_trial":false,"path_per_floor":["M","M","M","?","M","R","M","$","T","R","$","M","M","?","R","B",null,"M","M","?","?","$","R","M","M","T","R","M","?","R","PTL","PTL","M","R","B",null,"M","$","M","M"],"character_chosen":"IRONCLAD","items_purchased":["Fire Breathing","Rupture+1","Hemokinesis","Gremlin Food","ReplayTheSpireMod:Necrogeddon"],"campfire_rested":6,"item_purchase_floors":[8,11,11,22,38],"current_hp_per_floor":[80,80,80,85,76,76,63,63,63,85,85,78,61,61,85,43,85,61,30,30,24,24,49,53,46,46,71,59,25,50,50,50,46,71,58,85,85,85,37,0,0],"gold":62,"neow_bonus":"THREE_RARE_CARDS","is_daily":false,"chose_seed":false,"campfire_upgraded":1,"win_rate":0.0,"timestamp":1608742016,"path_taken":["M","?","M","?","M","R","M","$","T","R","?","M","M","?","R","BOSS","M","M","?","?","$","R","M","?","T","R","M","?","R","PTL","PTL","M","R","BOSS","M","$","M","M"],"items_purchased_type":["Card","Card","Card","Relic","Card"],"build_version":"2020-12-22","purchased_purges":0,"victory":false,"max_hp_per_floor":[80,80,80,85,85,85,85,85,85,85,85,85,85,85,85,85,85,85,85,85,85,85,85,85,85,85,85,85,85,85,85,85,85,85,85,85,85,85,85,85,85],"card_choices":[{"not_picked":["Offering","Demonic Infusion"],"picked":"Juggernaut","floor":0},{"not_picked":["Sword Boomerang","Run Through"],"picked":"Thunderclap","floor":1},{"not_picked":["ReplayTheSpireMod:Corrosion Curse","Reckless Charge"],"picked":"Replay:Undeath\u0027s Touch","floor":2},{"not_picked":["Body Slam","Anger"],"picked":"Headbutt","floor":3},{"not_picked":["Iron Wave","Thunderclap"],"picked":"Limit Break","floor":5},{"not_picked":["Thunderclap","Armaments"],"picked":"ReplayTheSpireMod:LeadingStrike","floor":7},{"not_picked":["Second Wind","conspire:Purge"],"picked":"Anger","floor":12},{"not_picked":["Run Through","Replay:Undeath\u0027s Touch"],"picked":"Armaments","floor":13},{"not_picked":["Brutality","Double Tap"],"picked":"Limit Break","floor":16},{"not_picked":["Twin Strike+1","Hemokinesis"],"picked":"Cleave","floor":18},{"not_picked":["ReplayTheSpireMod:Strike From Hell+1","Shrug It Off"],"picked":"Clash+1","floor":19},{"not_picked":["ReplayTheSpireMod:Strike From Hell+1","Power Through"],"picked":"Dual Wield","floor":24},{"not_picked":["Cleave","Power Through"],"picked":"Second Wind","floor":25},{"not_picked":["Shrug It Off","Clash"],"picked":"Fiend Fire","floor":28},{"not_picked":["Replay:Undeath\u0027s Touch","Shockwave"],"picked":"Flame Barrier","floor":29},{"not_picked":["ReplayTheSpireMod:Strike From Hell+1","Thunderclap"],"picked":"Blood for Blood+1","floor":33},{"not_picked":["Brutality","Limit Break"],"picked":"conspire:HitWhereItHurts","floor":35},{"not_picked":["Clash","Intimidate+1"],"picked":"Heavy Blade","floor":37},{"not_picked":["Shrug It Off+1","Headbutt+1"],"picked":"ReplayTheSpireMod:Stacked+1","floor":39}],"player_experience":14375,"relics_obtained":[{"floor":9,"key":"Replay:Rubber Ducky"},{"floor":20,"key":"Ring of Fury"},{"floor":20,"key":"Ring of Panic"},{"floor":26,"key":"construct:BoolHorns"},{"floor":29,"key":"War Paint"}],"event_choices":[{"damage_healed":0,"gold_gain":0,"player_choice":"Donut","damage_taken":0,"max_hp_gain":5,"max_hp_loss":0,"event_name":"Big Fish","floor":4,"gold_loss":0},{"damage_healed":0,"gold_gain":0,"player_choice":"Ignored","damage_taken":0,"max_hp_gain":0,"max_hp_loss":0,"event_name":"Liars Game","floor":14,"gold_loss":0},{"damage_healed":0,"gold_gain":0,"player_choice":"Joined the Cult","damage_taken":6,"max_hp_gain":0,"max_hp_loss":0,"event_name":"Nest","floor":21,"gold_loss":0,"cards_obtained":["RitualDagger"]}],"is_beta":false,"boss_relics":[{"not_picked":["SacredBark","conspire:RunicOctahedron"],"picked":"Replay:Bronze Core"},{"not_picked":["conspire:RoyalGoblet","Replay:Wanted Poster"],"picked":"SlaversCollar"}],"items_purged_floors":[],"is_endless":false,"potions_floor_spawned":[2,5,24,25,33,37],"killed_by":"Sphere and 2 Shapes","ascension_level":0}}