{"host":"ic2t2jxz7s3jvs1m","time":1608748936,"event":{"mods":["AchievementEnabler","Act Like it!","Aspiration","Bard","BaseMod","Better Third Choice","Block Reminder","Curses Come First","Downfall","Energized Spire","Halation","Hallownest","Hubris","Infinite Spire","Jess\u0027s Bottle","Minty Spire (QoL Compilation)","Quick Restart","Relic Stats","Replay The Spire","SacredBarkPlus","Small Relic Pack","StSLib","The Blue Laboratory","The Bug Knight","Trackpad","Transform Curses","Uncapped","vexMod"],"gold_per_floor":[118,118,136,148,13,41,52,52,120,139,165,183,203,222,0,101,101,116,116,128,128,128,141,161,161,174,187,214,214,259,259,279,317,317,333,333],"floor_reached":35,"playtime":69167,"items_purged":["Pride"],"score":295,"play_id":"b5dc36a8-e403-47db-9ef7-9aa07d0dea3b","local_time":"20201223124216","is_ascension_mode":false,"campfire_choices":[{"floor":8,"key":"REST"},{"floor":25,"key":"REST"},{"floor":31,"key":"REST"},{"floor":34,"key":"DIG"}],"circlet_count":0,"master_deck":["HollowMod:NailStrikeStart","HollowMod:NailStrikeStart","HollowMod:NailStrikeStart","HollowMod:NailStrikeStart","HollowMod:QuickDashStart","HollowMod:QuickDashStart","HollowMod:QuickDashStart","HollowMod:QuickDashStart","HollowMod:FocusHealStart","HollowMod:PogoStrike","expansioncontent:ChargeUp","HollowMod:CornifersMapStart","HollowMod:SiblingsSouls","HollowMod:FastStrike","HollowMod:SlysStrikes","HollowMod:ZotesMagnificence","HollowMod:ChannelNail","HollowMod:NewLittleFool","HollowMod:SoulMaster","HollowMod:SoulShaman","HollowMod:GoodIntentions","HollowMod:VengefulSpirit","HollowMod:AwokenDreamNail","HollowMod:PerfectDash+1","HollowMod:HowlingWraiths+1","HollowMod:ChannelNail+1","HollowMod:SoulSplash","HollowMod:VoidDash","HollowMod:DoubleDash+1","infinitespire:Gouge","HollowMod:QuirrelsAssistance+1","HollowMod:DungDefenderAura","infinitespire:Starlight","HollowMod:HornetsHelp"],"relics":["HollowMod:VesselMask","Hallownest:DreamNailRelic","Bag of Preparation","Replay:Bottled Steam","HollowMod:LumaflyLanternRelic","trackpad:WritersBlock","vexMod:CursedCompass","Bag of Marbles","Incense Burner","halation:IllGainedPizza","hubris:MedicalManual","Blood Vial","Thread and Needle"],"acts_visited":["Hallownest:Greenpath","Hallownest:CityofTears"],"potions_floor_usage":[16,16,16,30,30,30,33,35],"damage_taken":[{"damage":1,"enemies":"Hallownest:monsterHuskWarrior","floor":1,"turns":3},{"damage":5,"enemies":"Hallownest:monsterHuskGuard","floor":3,"turns":6},{"damage":1,"enemies":"2_ Uuma","floor":4,"turns":7},{"damage":13,"enemies":"Hallownest:eliteCrystalGuardian","floor":6,"turns":5},{"damage":22,"enemies":"Hallownest:2_Tiktiks_1_Baldur_1_Crawlid","floor":7,"turns":5},{"damage":1,"enemies":"Hallownest:monsterMossCharger","floor":10,"turns":3},{"damage":14,"enemies":"Hallownest:eliteMossKnight","floor":11,"turns":8},{"damage":31,"enemies":"Hallownest:1_Ooma_and_2_Uuma","floor":12,"turns":10},{"damage":11,"enemies":"Hallownest:monsterFoolEater","floor":13,"turns":4},{"damage":22,"enemies":"Hallownest:2_Tiktiks_1_Baldur_1_Crawlid","floor":14,"turns":6},{"damage":12,"enemies":"Hallownest:BossFalseKnight","floor":16,"turns":13},{"damage":8,"enemies":"Hallownest:3_Youths","floor":18,"turns":8},{"damage":0,"enemies":"Hallownest:2_Mistakes","floor":20,"turns":6},{"damage":35,"enemies":"Hallownest:3_Mistakes","floor":23,"turns":6},{"damage":37,"enemies":"Hallownest:Master_and_Novice","floor":26,"turns":6},{"damage":3,"enemies":"Hallownest:Warrior_and_Youth","floor":27,"turns":8},{"damage":21,"enemies":"Hallownest:Glutton_and_Coward","floor":30,"turns":4},{"damage":0,"enemies":"Hallownest:Master_and_Novice","floor":32,"turns":5},{"damage":33,"enemies":"Nightmare","floor":33,"turns":10},{"damage":32,"enemies":"Hallownest:BossMantisLord","floor":35,"turns":6}],"seed_played":"-672315156890901810","potions_obtained":[{"floor":4,"key":"blueLaboratory:ExaltedPotion"},{"floor":7,"key":"PowerPotion"},{"floor":10,"key":"Milkshake"},{"floor":13,"key":"Block Potion"},{"floor":16,"key":"BlessingOfTheForge"},{"floor":20,"key":"blueLaboratory:BottledHope"},{"floor":27,"key":"blueLaboratory:PhilterOfMotion"},{"floor":30,"key":"Weak Potion"},{"floor":32,"key":"Regen Potion"}],"is_trial":false,"path_per_floor":["M","?","M","M","$","E","M","R","T","M","E","M","M","M","R","B",null,"M","?","M","PTL","PTL","M","?","R","M","M","T","AVR","M","R","M","NM","R","B"],"character_chosen":"THE_BUGKNIGHT","items_purchased":["HollowMod:SlysStrikes"],"campfire_rested":3,"item_purchase_floors":[5],"current_hp_per_floor":[74,74,75,75,75,68,46,68,68,67,59,38,27,5,5,3,75,72,72,72,72,72,43,25,47,16,19,19,19,4,26,26,8,8,0,0],"gold":333,"neow_bonus":"RANDOM_COLORLESS","is_daily":false,"chose_seed":false,"campfire_upgraded":0,"win_rate":0.0,"timestamp":1608748936,"path_taken":["M","?","M","?","$","E","M","R","T","?","E","M","M","M","R","BOSS","M","?","M","PTL","PTL","M","?","R","M","?","T","AVR","M","R","M","NM","R","BOSS"],"items_purchased_type":["Card"],"build_version":"2020-12-13","purchased_purges":1,"victory":false,"max_hp_per_floor":[75,75,75,75,75,75,75,75,75,75,75,75,75,75,75,75,75,75,75,75,75,75,75,75,75,75,75,75,75,75,75,75,75,75,75,75],"relic_stats":{"Blood Vial":2,"counters":[20,129],"Bag of Preparation":[32],"obtain_stats":[{"HollowMod:LumaflyLanternRelic":11,"halation:IllGainedPizza":28,"HollowMod:VesselMask":0,"Thread and Needle":34,"hubris:MedicalManual":29,"Hallownest:DreamNailRelic":2,"Bag of Preparation":6,"Incense Burner":24,"Blood Vial":33,"trackpad:WritersBlock":15,"vexMod:CursedCompass":17,"Bag of Marbles":19,"Replay:Bottled Steam":9},{"HollowMod:LumaflyLanternRelic":7,"halation:IllGainedPizza":16,"HollowMod:VesselMask":0,"Thread and Needle":19,"hubris:MedicalManual":16,"Hallownest:DreamNailRelic":1,"Bag of Preparation":4,"Incense Burner":14,"Blood Vial":19,"trackpad:WritersBlock":10,"vexMod:CursedCompass":11,"Bag of Marbles":12,"Replay:Bottled Steam":5},{"HollowMod:LumaflyLanternRelic":37,"halation:IllGainedPizza":104,"HollowMod:VesselMask":0,"Thread and Needle":123,"hubris:MedicalManual":104,"Hallownest:DreamNailRelic":3,"Bag of Preparation":21,"Incense Burner":90,"Blood Vial":123,"trackpad:WritersBlock":57,"vexMod:CursedCompass":70,"Bag of Marbles":78,"Replay:Bottled Steam":26}]},"card_choices":[{"not_picked":["expansioncontent:SlimeTackle","Blind"],"picked":"expansioncontent:ChargeUp","floor":0},{"not_picked":["HollowMod:FastStrike","HollowMod:FallenFury"],"picked":"HollowMod:CornifersMapStart","floor":1},{"not_picked":["HollowMod:LifebloodCocoon","HollowMod:WraithStrike"],"picked":"HollowMod:SiblingsSouls","floor":3},{"not_picked":["HollowMod:NewGlowingWomb","HollowMod:SoulSplash"],"picked":"HollowMod:FastStrike","floor":4},{"not_picked":["HollowMod:VengefulSpirit","HollowMod:SoulMaster"],"picked":"HollowMod:ZotesMagnificence","floor":6},{"not_picked":["HollowMod:GrimmsGift","HollowMod:CornifersMapStart"],"picked":"HollowMod:ChannelNail","floor":7},{"not_picked":["HollowMod:InfectedAttack","HollowMod:TaintedHusks"],"picked":"HollowMod:NewLittleFool","floor":10},{"not_picked":["HollowMod:DescendingDark","HollowMod:TaintedHusks"],"picked":"HollowMod:SoulMaster","floor":11},{"not_picked":["HollowMod:ShadowDash","HollowMod:InfectedCysts"],"picked":"HollowMod:SoulShaman","floor":12},{"not_picked":["HollowMod:NewGlowingWomb","HollowMod:DreamGate"],"picked":"HollowMod:GoodIntentions","floor":13},{"not_picked":["HollowMod:CloakDash","HollowMod:DescendingDark"],"picked":"HollowMod:VengefulSpirit","floor":14},{"not_picked":["HollowMod:ZotesMagnificence","HollowMod:SoulMaster"],"picked":"HollowMod:AwokenDreamNail","floor":16},{"not_picked":["HollowMod:LifebloodCocoon","HollowMod:PureNailStrike"],"picked":"HollowMod:PerfectDash+1","floor":18},{"not_picked":["HollowMod:InfectedAttack+1","HollowMod:HeavyBlow+1"],"picked":"HollowMod:HowlingWraiths+1","floor":20},{"not_picked":["HollowMod:InfectedCysts+1","HollowMod:NewLittleFool"],"picked":"HollowMod:ChannelNail+1","floor":23},{"not_picked":["HollowMod:CornifersMapStart","HollowMod:CoiledNail"],"picked":"HollowMod:SoulSplash","floor":24},{"not_picked":["HollowMod:InfectedAttack","HollowMod:WraithStrike"],"picked":"HollowMod:VoidDash","floor":26},{"not_picked":["HollowMod:DescendingDark","HollowMod:CloakDash"],"picked":"HollowMod:DoubleDash+1","floor":27},{"not_picked":["HollowMod:InfectionAssault+1","HollowMod:VengefulSpirit"],"picked":"HollowMod:QuirrelsAssistance+1","floor":30},{"not_picked":["HollowMod:NewGlowingWomb","HollowMod:Grubsong"],"picked":"HollowMod:DungDefenderAura","floor":32},{"not_picked":["infinitespire:FinalStrike","ReplayTheSpireMod:Echoes of Time"],"picked":"infinitespire:Starlight","floor":33},{"not_picked":["HollowMod:InfectedCysts+1","HollowMod:DreamGate"],"picked":"HollowMod:HornetsHelp","floor":33}],"player_experience":245172,"relics_obtained":[{"floor":6,"key":"Bag of Preparation"},{"floor":9,"key":"Replay:Bottled Steam"},{"floor":11,"key":"HollowMod:LumaflyLanternRelic"},{"floor":24,"key":"Incense Burner"},{"floor":28,"key":"halation:IllGainedPizza"},{"floor":33,"key":"Blood Vial"},{"floor":34,"key":"Thread and Needle"}],"event_choices":[],"is_beta":false,"boss_relics":[{"not_picked":["energizedSpire:SpiderWeb","vexMod:NewClearReactor"],"picked":"vexMod:CursedCompass"}],"items_purged_floors":[29],"is_endless":true,"potions_floor_spawned":[4,7,10,13,14,16,20,27,30,32],"killed_by":"Hallownest:BossMantisLord","ascension_level":0}}