{"host":"8dhn6p16jorj0i1s","time":1608757669,"event":{"mods":["BaseMod","Colored Map","DeckTracker","Minty Spire (QoL Compilation)","Permanent Neow","Quick Restart"],"gold_per_floor":[115,132,132,65,85,85,121,121,121,162,162,162,87,87,87,210,273,291,315,339,339,353,393,413,413,413,413,413],"floor_reached":27,"playtime":1951,"items_purged":["Strike_R"],"score":364,"play_id":"f3911bbe-f312-4c9a-9fb6-c6a736a4fb6e","local_time":"20201223220749","is_ascension_mode":true,"campfire_choices":[{"data":"Infernal Blade","floor":6.0,"key":"SMITH"},{"data":"Dark Embrace","floor":8.0,"key":"SMITH"},{"data":"Exhume","floor":11.0,"key":"SMITH"},{"floor":15.0,"key":"REST"},{"data":"Feel No Pain","floor":25.0,"key":"SMITH"}],"circlet_count":0,"master_deck":["Strike_R","Defend_R","Defend_R","Defend_R","Defend_R+1","Bash","Havoc","Dropkick","Anger","Dark Embrace+1","Infernal Blade+1","Exhume+1","Infernal Blade+1","Exhume","Impervious","Seeing Red","Feel No Pain+1","RitualDagger","Entrench+1"],"relics":["Burning Blood","Golden Idol","Question Card","Mummified Hand","Torii","Tiny House","Tiny Chest","Toxic Egg 2"],"acts_visited":["Exordium","TheCity"],"potions_floor_usage":[27],"damage_taken":[{"damage":6.0,"enemies":"Cultist","floor":1.0,"turns":3.0},{"damage":4.0,"enemies":"Jaw Worm","floor":2.0,"turns":3.0},{"damage":0.0,"enemies":"Small Slimes","floor":5.0,"turns":3.0},{"damage":35.0,"enemies":"Gremlin Nob","floor":7.0,"turns":4.0},{"damage":25.0,"enemies":"3 Sentries","floor":10.0,"turns":8.0},{"damage":0.0,"enemies":"Slime Boss","floor":16.0,"turns":4.0},{"damage":1.0,"enemies":"Chosen","floor":18.0,"turns":4.0},{"damage":30.0,"enemies":"Spheric Guardian","floor":19.0,"turns":4.0},{"damage":17.0,"enemies":"Snecko","floor":20.0,"turns":5.0},{"damage":16.0,"enemies":"Chosen and Byrds","floor":22.0,"turns":6.0},{"damage":19.0,"enemies":"Slavers","floor":23.0,"turns":6.0},{"damage":0.0,"enemies":"3 Cultists","floor":24.0,"turns":4.0},{"damage":29,"enemies":"Book of Stabbing","floor":27,"turns":4}],"seed_played":"-263571249148873406","potions_obtained":[{"floor":7.0,"key":"Weak Potion"},{"floor":10.0,"key":"Swift Potion"},{"floor":17.0,"key":"BloodPotion"},{"floor":18.0,"key":"Fruit Juice"},{"floor":20.0,"key":"LiquidBronze"},{"floor":22.0,"key":"ElixirPotion"},{"floor":24.0,"key":"EssenceOfSteel"}],"is_trial":false,"path_per_floor":["M","M","?","$","M","R","E","R","T","E","R","?","$","?","R","B",null,"M","M","M","?","M","E","M","R","T","E"],"character_chosen":"IRONCLAD","items_purchased":["Dark Embrace"],"campfire_rested":1,"item_purchase_floors":[4],"current_hp_per_floor":[72,72,67,67,67,67,38,38,38,19,19,19,19,19,39,45,67,77,53,42,36,41,28,34,34,34,5,5],"gold":413,"neow_bonus":"TRANSFORM_TWO_CARDS","is_daily":false,"chose_seed":false,"campfire_upgraded":4,"win_rate":0.0,"timestamp":1608757669,"path_taken":["M","?","?","$","M","R","E","R","T","E","R","?","$","?","R","BOSS","M","M","?","?","M","E","M","R","T","E"],"items_purchased_type":["Card"],"build_version":"2020-12-22","purchased_purges":1,"victory":false,"max_hp_per_floor":[72,72,67,67,67,67,67,67,67,67,67,67,67,67,67,67,72,77,77,77,77,77,77,77,77,77,77,77],"card_choices":[{"not_picked":["Thunderclap","Pommel Strike"],"picked":"Anger","floor":1.0},{"not_picked":["Carnage","Blood for Blood","Sword Boomerang"],"picked":"SKIP","floor":2.0},{"not_picked":["Spot Weakness","Clothesline"],"picked":"Infernal Blade","floor":5.0},{"not_picked":["Iron Wave","Pommel Strike"],"picked":"Exhume","floor":7.0},{"not_picked":["Perfected Strike","Armaments","Sever Soul"],"picked":"Infernal Blade","floor":10.0},{"not_picked":["Reaper","Double Tap","Exhume"],"picked":"Impervious","floor":16.0},{"not_picked":["Clothesline","Pommel Strike","Iron Wave+1"],"picked":"Seeing Red","floor":18.0},{"not_picked":["Headbutt","Pommel Strike+1","Clash+1"],"picked":"Feel No Pain","floor":19.0},{"not_picked":["Flex","Perfected Strike+1","Fire Breathing+1","Heavy Blade"],"picked":"SKIP","floor":20.0},{"not_picked":["Clash+1","Clothesline+1","Heavy Blade","Cleave"],"picked":"SKIP","floor":22.0},{"not_picked":["Heavy Blade","Anger","Immolate","Cleave"],"picked":"SKIP","floor":23.0},{"not_picked":["Uppercut","Power Through+1","Armaments"],"picked":"Entrench+1","floor":24.0}],"player_experience":379413,"relics_obtained":[{"floor":7.0,"key":"Question Card"},{"floor":9.0,"key":"Mummified Hand"},{"floor":10.0,"key":"Torii"},{"floor":23.0,"key":"Tiny Chest"},{"floor":26.0,"key":"Toxic Egg 2"}],"event_choices":[{"damage_healed":0.0,"max_hp_gain":0.0,"max_hp_loss":5.0,"gold_gain":0.0,"event_name":"Golden Idol","player_choice":"Lose Max HP","floor":3.0,"gold_loss":0.0,"damage_taken":0.0,"relics_obtained":["Golden Idol"]},{"damage_healed":0.0,"max_hp_gain":0.0,"max_hp_loss":0.0,"gold_gain":0.0,"event_name":"Living Wall","player_choice":"Grow","floor":12.0,"gold_loss":0.0,"damage_taken":0.0,"cards_upgraded":["Infernal Blade"]},{"damage_healed":0.0,"max_hp_gain":0.0,"max_hp_loss":0.0,"gold_gain":0.0,"cards_transformed":["Strike_R"],"event_name":"Transmorgrifier","player_choice":"Transformed","floor":14.0,"gold_loss":0.0,"damage_taken":0.0,"cards_obtained":["Exhume"]},{"damage_healed":0.0,"max_hp_gain":0.0,"max_hp_loss":0.0,"gold_gain":0.0,"event_name":"Nest","player_choice":"Joined the Cult","floor":21.0,"gold_loss":0.0,"damage_taken":6.0,"cards_obtained":["RitualDagger"]}],"is_beta":false,"boss_relics":[{"not_picked":["Black Star","Snecko Eye"],"picked":"Tiny House"}],"items_purged_floors":[13],"is_endless":false,"potions_floor_spawned":[7,10,18,20,22,24],"killed_by":"Book of Stabbing","ascension_level":5}}