{"host":"zxkjcgzis4pm3za5","time":1608694325,"event":{"mods":["AchievementEnabler","BaseMod","Colored Map","Colored Powertips","Minty Spire (QoL Compilation)","Quick Restart","RNG Fix","Random Character Button","StSLib"],"gold_per_floor":[359,359,371,385,485,485,517,517,543,160,160,160,185,201,201,305,305,322,322,338,354,369,398,398,431,457,457,472,472,502,126,126,229,229,246,260,260,1259,1271,1271,643,692,692,317,317,317,317],"floor_reached":46,"playtime":1529,"items_purged":["Strike_B","Normality","Normality"],"score":727,"play_id":"5c7a81e7-e41e-4afc-9a3e-4778c4835496","local_time":"20201223090205","is_ascension_mode":true,"campfire_choices":[{"data":"Rip and Tear","floor":6,"key":"SMITH"},{"floor":8,"key":"REST"},{"floor":12,"key":"REST"},{"data":"Dualcast","floor":15,"key":"SMITH"},{"floor":24,"key":"REST"},{"floor":27,"key":"REST"},{"floor":32,"key":"REST"},{"floor":40,"key":"REST"}],"circlet_count":0,"master_deck":["Zap+1","Dualcast+1","Rip and Tear+1","Ball Lightning+1","FTL+1","Go for the Eyes+1","Auto Shields","Echo Form","Beam Cell+1","Scrape+1","Tempest","White Noise","Biased Cognition","Fusion","Hologram","Sunder+1","Conserve Battery+1","Self Repair+1","Reinforced Body+1","Streamline+1","Static Discharge+1","Defragment","Machine Learning","Core Surge+1","CurseOfTheBell","Stack+1","Defragment+1","Capacitor+1","Leap+1","Hologram+1"],"relics":["Cracked Core","Molten Egg 2","PreservedInsect","Sling","WingedGreaves","Pandora\u0027s Box","White Beast Statue","Dream Catcher","Whetstone","Sundial","TungstenRod","Calling Bell","Lantern","Cables","Emotion Chip","OrangePellets","Letter Opener","Strawberry","Turnip","Mercury Hourglass","Eternal Feather"],"acts_visited":["Exordium","TheCity","TheBeyond"],"potions_floor_usage":[7,16,23,30,42,42,46],"damage_taken":[{"damage":1,"enemies":"Cultist","floor":1,"turns":3},{"damage":2,"enemies":"Jaw Worm","floor":3,"turns":3},{"damage":6,"enemies":"2 Louse","floor":4,"turns":2},{"damage":15,"enemies":"3 Sentries","floor":7,"turns":5},{"damage":13,"enemies":"Gremlin Nob","floor":13,"turns":3},{"damage":0,"enemies":"2 Fungi Beasts","floor":14,"turns":2},{"damage":32,"enemies":"Hexaghost","floor":16,"turns":9},{"damage":12,"enemies":"3 Byrds","floor":18,"turns":3},{"damage":14,"enemies":"Shell Parasite","floor":20,"turns":3},{"damage":20,"enemies":"Centurion and Healer","floor":21,"turns":4},{"damage":1,"enemies":"Cultist and Chosen","floor":22,"turns":3},{"damage":2,"enemies":"Slavers","floor":23,"turns":2},{"damage":18,"enemies":"Gremlin Leader","floor":25,"turns":4},{"damage":7,"enemies":"3 Cultists","floor":28,"turns":3},{"damage":8,"enemies":"Slavers","floor":30,"turns":4},{"damage":48,"enemies":"Champ","floor":33,"turns":7},{"damage":15,"enemies":"Orb Walker","floor":35,"turns":2},{"damage":16,"enemies":"3 Shapes","floor":36,"turns":5},{"damage":34,"enemies":"Spire Growth","floor":39,"turns":6},{"damage":43,"enemies":"2 Orb Walkers","floor":42,"turns":6},{"damage":52,"enemies":"Reptomancer","floor":46,"turns":5}],"seed_played":"5038174323821299051","potions_obtained":[{"floor":4,"key":"SteroidPotion"},{"floor":14,"key":"ColorlessPotion"},{"floor":20,"key":"SkillPotion"},{"floor":21,"key":"LiquidMemories"},{"floor":22,"key":"PowerPotion"},{"floor":25,"key":"LiquidBronze"},{"floor":30,"key":"EssenceOfSteel"},{"floor":33,"key":"PotionOfCapacity"},{"floor":42,"key":"EssenceOfSteel"}],"is_trial":false,"path_per_floor":["M","$","M","M","?","R","E","R","T","$","?","R","E","M","R","B",null,"M","?","M","M","M","E","R","E","T","R","M","?","E","$","R","B",null,"M","M","?","?","M","R","$","?","T","$","$","E"],"character_chosen":"DEFECT","items_purchased":["PreservedInsect","Sling","TungstenRod","Machine Learning","OrangePellets","Letter Opener","Strawberry","Eternal Feather"],"campfire_rested":6,"item_purchase_floors":[10,10,31,31,41,41,41,44],"current_hp_per_floor":[49,49,47,41,41,41,26,48,48,48,33,55,42,42,42,10,59,47,47,33,13,12,10,32,24,24,46,49,35,37,37,61,13,63,48,42,42,42,28,52,59,36,36,36,36,0,0],"gold":317,"neow_bonus":"TWO_FIFTY_GOLD","is_daily":false,"chose_seed":false,"campfire_upgraded":2,"win_rate":0.0,"timestamp":1608694325,"path_taken":["M","$","M","M","?","R","E","R","T","$","?","R","E","M","R","BOSS","M","?","M","M","M","E","R","E","T","R","M","?","E","$","R","BOSS","M","M","?","?","M","R","$","?","T","$","$","E"],"items_purchased_type":["Relic","Relic","Relic","Card","Relic","Relic","Relic","Relic"],"build_version":"2020-12-13","purchased_purges":3,"victory":false,"max_hp_per_floor":[75,75,75,75,75,75,75,75,75,75,75,75,75,75,75,75,75,75,75,75,75,75,75,75,75,75,75,75,80,80,80,80,80,80,80,80,80,80,80,80,87,87,87,87,87,87,87],"card_choices":[{"not_picked":["Compile Driver","Beam Cell"],"picked":"Rip and Tear","floor":1},{"not_picked":["Beam Cell","White Noise"],"picked":"Ball Lightning","floor":3},{"not_picked":["Rebound","Redo","Heatsinks"],"picked":"SKIP","floor":4},{"not_picked":["Blizzard+1","Gash+1"],"picked":"FTL+1","floor":7},{"not_picked":["Gash+1","Conserve Battery"],"picked":"Go for the Eyes+1","floor":13},{"not_picked":["Rebound+1","Turbo"],"picked":"Auto Shields","floor":14},{"not_picked":["Buffer","Amplify"],"picked":"Echo Form","floor":16},{"not_picked":["Consume","Compile Driver+1"],"picked":"Gash+1","floor":18},{"not_picked":["Sunder+1","Ball Lightning+1","Turbo"],"picked":"SKIP","floor":20},{"not_picked":["Melter+1","Turbo"],"picked":"Conserve Battery+1","floor":21},{"not_picked":["Chaos+1","Glacier"],"picked":"Self Repair+1","floor":22},{"not_picked":["Streamline+1","Beam Cell+1"],"picked":"Reinforced Body+1","floor":23},{"not_picked":["Recycle","Loop"],"picked":"Streamline+1","floor":25},{"not_picked":["Skim","Steam"],"picked":"Static Discharge+1","floor":28},{"not_picked":["Rip and Tear+1","Go for the Eyes+1"],"picked":"Defragment","floor":30},{"not_picked":["Biased Cognition","Hyperbeam+1"],"picked":"Core Surge+1","floor":33},{"not_picked":["Compile Driver+1","Rebound+1"],"picked":"Stack+1","floor":35},{"not_picked":["Beam Cell+1","Lockon+1"],"picked":"Defragment+1","floor":36},{"not_picked":["Barrage+1","Reprogram"],"picked":"Capacitor+1","floor":39},{"not_picked":["Melter+1","Force Field"],"picked":"Leap+1","floor":40},{"not_picked":["Multi-Cast","Skim"],"picked":"Hologram+1","floor":42}],"player_experience":131009,"relics_obtained":[{"floor":7,"key":"Molten Egg 2"},{"floor":13,"key":"WingedGreaves"},{"floor":23,"key":"White Beast Statue"},{"floor":25,"key":"Dream Catcher"},{"floor":26,"key":"Whetstone"},{"floor":30,"key":"Sundial"},{"floor":34,"key":"Lantern"},{"floor":34,"key":"Cables"},{"floor":34,"key":"Emotion Chip"},{"floor":42,"key":"Turnip"},{"floor":43,"key":"Mercury Hourglass"}],"event_choices":[{"damage_healed":0,"gold_gain":100,"player_choice":"Pray","damage_taken":0,"max_hp_gain":0,"max_hp_loss":0,"event_name":"Golden Shrine","floor":5,"gold_loss":0},{"damage_healed":0,"gold_gain":0,"player_choice":"Entered Light","damage_taken":15,"max_hp_gain":0,"max_hp_loss":0,"event_name":"Shining Light","floor":11,"gold_loss":0,"cards_upgraded":["Ball Lightning","Zap"]},{"damage_healed":0,"gold_gain":0,"player_choice":"Read","damage_taken":0,"max_hp_gain":0,"max_hp_loss":0,"event_name":"The Library","floor":19,"gold_loss":0,"cards_obtained":["Sunder"]},{"damage_healed":0,"gold_gain":0,"player_choice":"Shed Blood","damage_taken":19,"max_hp_gain":5,"max_hp_loss":0,"event_name":"Forgotten Altar","floor":29,"gold_loss":0},{"cards_removed":["Gash"],"damage_healed":0,"gold_gain":0,"player_choice":"Card Removal","damage_taken":0,"max_hp_gain":0,"max_hp_loss":0,"event_name":"Wheel of Change","floor":37,"gold_loss":0},{"damage_healed":0,"gold_gain":999,"player_choice":"Gold","damage_taken":0,"max_hp_gain":0,"max_hp_loss":0,"event_name":"MindBloom","floor":38,"gold_loss":0,"cards_obtained":["Normality","Normality"]},{"damage_healed":0,"gold_gain":0,"player_choice":"Fight","damage_taken":0,"max_hp_gain":0,"max_hp_loss":0,"event_name":"Mysterious Sphere","floor":42,"gold_loss":0}],"is_beta":false,"boss_relics":[{"not_picked":["Sozu","Runic Pyramid"],"picked":"Pandora\u0027s Box"},{"not_picked":["Black Star","Coffee Dripper"],"picked":"Calling Bell"}],"items_purged_floors":[10,41,44],"is_endless":false,"potions_floor_spawned":[4,14,20,21,22,25,28,30,33,35,36,39,42],"killed_by":"Reptomancer","ascension_level":9}}