{"host":"yuhy0i501zzmn1iz","time":1608686047,"event":{"mods":["AchievementEnabler","AlwaysNeverKeys","BaseMod","Bestiary","Better Match","Better Third Choice","Curses Come First","Downfall","Minty Spire (QoL Compilation)","StSLib","The Blue Laboratory","slay the spire mod where everything is the same but ironclad has a cowboy hat"],"gold_per_floor":[116,135,155,155,165,165,193,193,193,226,242,253,278,10,10,109,109,127,127,137,154,154,182,182,207,207,207,207,207],"floor_reached":28,"playtime":2180,"items_purged":[],"score":306,"play_id":"8022a9d8-8c45-493f-8ce1-84aac1d95b2f","local_time":"20201222201407","is_ascension_mode":true,"campfire_choices":[{"data":"Finisher","floor":6.0,"key":"SMITH"},{"floor":8.0,"key":"REST"},{"floor":15.0,"key":"REST"},{"floor":24,"key":"REST"},{"floor":27,"key":"REST"}],"circlet_count":0,"master_deck":["Strike_G","Strike_G","Strike_G","Strike_G","Strike_G","Defend_G","Defend_G","Defend_G","Defend_G","Defend_G","Survivor","Neutralize","Catalyst","Underhanded Strike","Acrobatics","Finisher+1","Noxious Fumes","Backflip+1","Catalyst+1","Slice","Terror+1","Noxious Fumes","Blur+1","Corpse Explosion+1","Blur+1","Deadly Poison+1","Well Laid Plans","Concentrate+1"],"relics":["Ring of the Snake","Centennial Puzzle","Ornamental Fan","Toxic Egg 2","Potion Belt","Singing Bowl","HandDrill","SlaversCollar","Bronze Scales","Lantern","Vajra","Bottled Lightning"],"acts_visited":["Exordium","TheCity"],"potions_floor_usage":[],"damage_taken":[{"damage":7.0,"enemies":"Jaw Worm","floor":1.0,"turns":4.0},{"damage":0.0,"enemies":"Cultist","floor":2.0,"turns":4.0},{"damage":1.0,"enemies":"Small Slimes","floor":3.0,"turns":3.0},{"damage":7.0,"enemies":"Blue Slaver","floor":5.0,"turns":4.0},{"damage":46.0,"enemies":"3 Sentries","floor":7.0,"turns":12.0},{"damage":14.0,"enemies":"Gremlin Nob","floor":10.0,"turns":3.0},{"damage":0.0,"enemies":"Red Slaver","floor":11.0,"turns":5.0},{"damage":2.0,"enemies":"3 Louse","floor":12.0,"turns":2.0},{"damage":10.0,"enemies":"Lagavulin","floor":13.0,"turns":7.0},{"damage":7.0,"enemies":"The Guardian","floor":16.0,"turns":9.0},{"damage":2.0,"enemies":"Chosen","floor":18.0,"turns":4.0},{"damage":10.0,"enemies":"Shell Parasite","floor":20.0,"turns":7.0},{"damage":36.0,"enemies":"Sentry and Sphere","floor":21.0,"turns":6.0},{"damage":6,"enemies":"Gremlin Leader","floor":23,"turns":6},{"damage":14,"enemies":"Slavers","floor":25,"turns":3},{"damage":37,"enemies":"Snecko","floor":28,"turns":5}],"seed_played":"-2273795478891478376","potions_obtained":[{"floor":1.0,"key":"Weak Potion"},{"floor":2.0,"key":"blueLaboratory:NinjaPotion"},{"floor":4.0,"key":"blueLaboratory:SuffocatingSmog"},{"floor":4.0,"key":"CultistPotion"},{"floor":12.0,"key":"blueLaboratory:RememoryPotion"},{"floor":16.0,"key":"blueLaboratory:StoneskinPotion"},{"floor":23,"key":"blueLaboratory:BottleOfRum"}],"is_trial":false,"path_per_floor":["M","M","M","?","M","R","E","R","T","E","M","M","E","$","R","B",null,"M","?","M","M","?","E","R","E","T","R","M"],"character_chosen":"THE_SILENT","items_purchased":["Noxious Fumes","Blur+1","HandDrill"],"campfire_rested":4,"item_purchase_floors":[14,14,14],"current_hp_per_floor":[63,63,62,62,55,55,9,30,30,16,16,14,4,4,25,18,70,68,55,45,11,11,5,28,14,14,37,0,0],"gold":207,"neow_bonus":"RANDOM_COMMON_RELIC","is_daily":false,"chose_seed":false,"campfire_upgraded":1,"win_rate":0.0,"timestamp":1608686047,"path_taken":["M","M","M","?","M","R","E","R","T","E","?","M","E","$","R","BOSS","M","?","M","M","?","E","R","E","T","R","?"],"items_purchased_type":["Card","Card","Relic"],"build_version":"2020-12-13","purchased_purges":0,"victory":false,"max_hp_per_floor":[70,70,70,70,70,70,70,70,70,70,70,70,70,70,70,70,70,70,75,75,77,77,77,77,77,77,77,77,77],"card_choices":[{"not_picked":["Footwork","Quick Slash"],"picked":"Catalyst","floor":1.0},{"not_picked":["Slice","Poisoned Stab"],"picked":"Underhanded Strike","floor":2.0},{"not_picked":["Storm of Steel","PiercingWail"],"picked":"Acrobatics","floor":3.0},{"not_picked":["Prepared","Backstab"],"picked":"Finisher","floor":5.0},{"not_picked":["Expertise","Sucker Punch"],"picked":"Noxious Fumes","floor":7.0},{"not_picked":["Outmaneuver+1","Dagger Throw"],"picked":"Backflip+1","floor":10.0},{"not_picked":["Escape Plan+1","PiercingWail+1"],"picked":"Catalyst+1","floor":11.0},{"not_picked":["Skewer","Dagger Throw"],"picked":"Slice","floor":12.0},{"not_picked":["Flying Knee","Flechettes"],"picked":"Terror+1","floor":13.0},{"not_picked":["Doppelganger+1","Glass Knife"],"picked":"Corpse Explosion+1","floor":16.0},{"not_picked":["Outmaneuver+1","Flying Knee+1"],"picked":"Blur+1","floor":18.0},{"not_picked":["Distraction+1","Outmaneuver+1"],"picked":"Deadly Poison+1","floor":20.0},{"not_picked":["Quick Slash","Phantasmal Killer+1","Predator"],"picked":"Singing Bowl","floor":21.0},{"not_picked":["Backflip+1","Noxious Fumes"],"picked":"Well Laid Plans","floor":23},{"not_picked":["Acrobatics+1","Leg Sweep+1"],"picked":"Concentrate+1","floor":25}],"player_experience":226384,"relics_obtained":[{"floor":7.0,"key":"Ornamental Fan"},{"floor":9.0,"key":"Toxic Egg 2"},{"floor":10.0,"key":"Potion Belt"},{"floor":13.0,"key":"Singing Bowl"},{"floor":23,"key":"Lantern"},{"floor":25,"key":"Vajra"},{"floor":26,"key":"Bottled Lightning"}],"event_choices":[{"damage_healed":0.0,"max_hp_gain":0.0,"max_hp_loss":0.0,"gold_gain":0.0,"event_name":"Lab","player_choice":"Got Potions","floor":4.0,"gold_loss":0.0,"damage_taken":0.0},{"damage_healed":0.0,"max_hp_gain":5.0,"max_hp_loss":0.0,"gold_gain":0.0,"event_name":"Forgotten Altar","player_choice":"Shed Blood","floor":19.0,"gold_loss":0.0,"damage_taken":18.0},{"damage_healed":0.0,"max_hp_gain":0.0,"max_hp_loss":0.0,"gold_gain":0.0,"event_name":"WeMeetAgain","player_choice":"Gave Potion","floor":22.0,"gold_loss":0.0,"damage_taken":0.0,"relics_obtained":["Bronze Scales"]}],"is_beta":false,"boss_relics":[{"not_picked":["Coffee Dripper","Runic Dome"],"picked":"SlaversCollar"}],"items_purged_floors":[],"is_endless":false,"potions_floor_spawned":[1,2,12,16,23],"killed_by":"Snecko","ascension_level":2}}