{"host":"wwmqne3dwir10erh","time":1608689917,"event":{"mods":["BaseMod","Better Note","Hubris","Mimic Mod","Minty Spire (QoL Compilation)","Replay The Spire","StSLib","The Bladedancer"],"gold_per_floor":[113,127,137,165,20,20,52,67,90,105,105,116,116,132,132,233,233,252,35,45,56,56,85,85,85,133,160,160,178,178,93,93,198,198,208,224,28,39,39,39,39,72,148,148,108,137,153,180,180,180],"floor_reached":51,"playtime":9380,"items_purged":["Strike_G","Strike_G"],"score":893,"play_id":"98d0c565-3a6a-4dea-b436-f8ce7286c6d7","local_time":"20201222211837","is_ascension_mode":true,"campfire_choices":[{"floor":6.0,"key":"REST"},{"floor":11.0,"key":"REST"},{"data":"Apotheosis","floor":15.0,"key":"SMITH"},{"data":"After Image","floor":25,"key":"SMITH"},{"data":"1","floor":28,"key":"LIFT"},{"data":"2","floor":30,"key":"LIFT"},{"data":"3","floor":32,"key":"LIFT"},{"data":"Replay:Bag of Tricks","floor":40,"key":"SMITH"},{"floor":44,"key":"REST"},{"floor":49,"key":"REST"}],"circlet_count":0,"master_deck":["Strike_G","Strike_G","Strike_G","Defend_G","Defend_G","Defend_G","Defend_G","Defend_G","Survivor","Neutralize","Apotheosis+1","Deflect","Bane","Terror","Poisoned Stab","Heel Hook","Bane","Escape Plan","After Image+1","ReplayTheSpireMod:From All Sides","Fluid Movement","Dash+1","Venomology+1","Poisoned Stab+1","ReplayTheSpireMod:Speed Training","Replay:Bag of Tricks+1","Escape Plan+1","Deadly Poison+1","ReplayTheSpireMod:Brewmster","Cloak And Dagger+1","ReplayUltimateDefense"],"relics":["Ring of the Snake","hubris:EmptyBottle","Lantern","Centennial Puzzle","hubris:Icosahedron","Painkiller Herb","Kunai","Smiling Mask","hubris:AncientText","Girya","The Courier","hubris:Towel","Ornamental Fan","White Beast Statue","Shuriken","hubris:BottledRain"],"acts_visited":["Exordium","TheCity","TheBeyond"],"potions_floor_usage":[21,23,27,27,27,33,33,35,35,36,36,38,38,42,42,42,42,46,46,46,46,46,46,47,47,47,47,47,47,48,48,48,48,50,50,50,50,50,50,50,50,50,50],"damage_taken":[{"damage":0.0,"enemies":"Jaw Worm","floor":1.0,"turns":3.0},{"damage":0.0,"enemies":"2 Louse","floor":2.0,"turns":3.0},{"damage":0.0,"enemies":"Small Slimes","floor":3.0,"turns":4.0},{"damage":7.0,"enemies":"Gremlin Nob","floor":7.0,"turns":3.0},{"damage":0.0,"enemies":"Red Slaver","floor":8.0,"turns":4.0},{"damage":9.0,"enemies":"Large Slime","floor":10.0,"turns":6.0},{"damage":5.0,"enemies":"Blue Slaver","floor":12.0,"turns":3.0},{"damage":0.0,"enemies":"Red Slaver","floor":14.0,"turns":2.0},{"damage":0.0,"enemies":"Hexaghost","floor":16.0,"turns":5.0},{"damage":3.0,"enemies":"Shell Parasite","floor":18.0,"turns":3.0},{"damage":0.0,"enemies":"3 Byrds","floor":20.0,"turns":5.0},{"damage":0,"enemies":"Centurion and Healer","floor":21,"turns":4},{"damage":0,"enemies":"Replay:Snechameleon","floor":23,"turns":6},{"damage":5,"enemies":"Gremlin Leader","floor":27,"turns":4},{"damage":0,"enemies":"Snecko","floor":29,"turns":3},{"damage":0,"enemies":"Champ","floor":33,"turns":8},{"damage":16,"enemies":"3 Darklings","floor":35,"turns":3},{"damage":1,"enemies":"3 Shapes","floor":36,"turns":3},{"damage":1,"enemies":"3 Darklings","floor":38,"turns":5},{"damage":9,"enemies":"Reptomancer","floor":42,"turns":7},{"damage":2,"enemies":"Giant Head","floor":46,"turns":6},{"damage":2,"enemies":"Jaw Worm Horde","floor":47,"turns":5},{"damage":17,"enemies":"Reptomancer","floor":48,"turns":6},{"damage":6,"enemies":"hubris:GrandSnecko","floor":50,"turns":7}],"seed_played":"8128972670194606357","potions_obtained":[{"floor":3.0,"key":"Swift Potion"},{"floor":4.0,"key":"EntropicBrew"},{"floor":4.0,"key":"Toxic Potion"},{"floor":4.0,"key":"Poison Potion"},{"floor":7.0,"key":"PowerPotion"},{"floor":10.0,"key":"CunningPotion"},{"floor":18.0,"key":"DistilledChaos"},{"floor":27,"key":"ColorlessPotion"},{"floor":35,"key":"CultistPotion"}],"is_trial":false,"path_per_floor":["M","M","M","?","$","R","E","M","T","M","R","M","?","M","R","B",null,"?","T","?","?","?","E","?","T","T","E","T","?","T","?","T","B",null,"?","?","T","?","?","T","?","E","T","T","?","E","?","E","T","B",null],"character_chosen":"THE_SILENT","items_purchased":["hubris:EmptyBottle","ReplayTheSpireMod:From All Sides","ReplayTheSpireMod:Brewmster"],"campfire_rested":4,"item_purchase_floors":[5,19,37],"current_hp_per_floor":[49,49,49,32,32,53,46,46,46,37,58,53,53,53,53,53,70,67,67,67,67,67,67,67,67,67,62,62,62,62,62,62,62,70,54,53,53,52,52,52,47,38,38,59,59,57,55,38,59,53],"gold":180,"neow_bonus":"RANDOM_COLORLESS_2","is_daily":false,"chose_seed":false,"campfire_upgraded":3,"win_rate":0.0,"timestamp":1608689917,"path_taken":["M","M","M","?","$","R","E","M","T","M","R","M","?","M","R","BOSS","?","T","?","?","?","E","?","T","T","E","T","?","T","?","T","BOSS","?","?","T","?","?","T","?","E","T","T","?","E","?","E","T","BOSS"],"items_purchased_type":["Relic","Card","Card"],"build_version":"2020-12-13","purchased_purges":2,"victory":true,"max_hp_per_floor":[70,70,70,70,70,70,70,70,70,70,70,70,70,70,70,70,70,70,70,70,70,70,70,70,70,70,70,70,70,70,70,70,70,70,70,70,70,70,70,70,70,70,70,70,70,70,70,70,70,70],"card_choices":[{"not_picked":["Secret Technique","Thinking Ahead"],"picked":"Apotheosis","floor":0.0},{"not_picked":["Riddle With Holes","Acrobatics"],"picked":"Deflect","floor":1.0},{"not_picked":["Prepared","Wraith Form v2"],"picked":"Bane","floor":2.0},{"not_picked":["Dagger Spray","Hidden Blade"],"picked":"Terror","floor":3.0},{"not_picked":["Cloak And Dagger","hubris:SlightOfHand"],"picked":"Poisoned Stab","floor":7.0},{"not_picked":["Dagger Throw","Dagger Spray"],"picked":"Heel Hook","floor":8.0},{"not_picked":["Quick Slash","Setup","Night Terror"],"picked":"SKIP","floor":10.0},{"not_picked":["Quick Slash","Poisoned Stab"],"picked":"Bane","floor":12.0},{"not_picked":["Accuracy","Setup"],"picked":"Escape Plan","floor":14.0},{"not_picked":["Malaise","Poison Darts"],"picked":"After Image","floor":16.0},{"not_picked":["Bane","Replay:Poison Smokescreen","Flechettes+1"],"picked":"SKIP","floor":18.0},{"not_picked":["Reflex+1","Finisher+1"],"picked":"Fluid Movement","floor":20.0},{"not_picked":["ReplayTheSpireMod:The Works","Fluid Movement+1"],"picked":"Dash+1","floor":21},{"not_picked":["Underhanded Strike","Bouncing Flask"],"picked":"Poisoned Stab+1","floor":23},{"not_picked":["Acrobatics","Crippling Poison"],"picked":"ReplayTheSpireMod:Speed Training","floor":27},{"not_picked":["Dagger Throw","Poisoned Stab","Backflip"],"picked":"SKIP","floor":29},{"not_picked":["ReplayTheSpireMod:From All Sides","Burst"],"picked":"Replay:Bag of Tricks","floor":33},{"not_picked":["Slice+1","Footwork"],"picked":"Escape Plan+1","floor":35},{"not_picked":["Backflip+1","Acrobatics+1"],"picked":"Deadly Poison+1","floor":36},{"not_picked":["Deflect+1","Sucker Punch"],"picked":"Cloak And Dagger+1","floor":38},{"not_picked":["Swift Strike","Specialist"],"picked":"ReplayUltimateDefense","floor":41},{"not_picked":["hubris:SlightOfHand+1","Well Laid Plans","Dagger Spray+1"],"picked":"SKIP","floor":42},{"not_picked":["Flying Knee+1","Blur","Deflect+1"],"picked":"SKIP","floor":46},{"not_picked":["Eviscerate+1","PiercingWail+1","Dagger Throw"],"picked":"SKIP","floor":47},{"not_picked":["ReplayTheSpireMod:Scrap Shanks","Predator","Dagger Throw+1"],"picked":"SKIP","floor":48}],"player_experience":2227024,"relics_obtained":[{"floor":7.0,"key":"Lantern"},{"floor":9.0,"key":"Centennial Puzzle"},{"floor":23,"key":"Kunai"},{"floor":26,"key":"hubris:AncientText"},{"floor":27,"key":"Girya"},{"floor":42,"key":"Ornamental Fan"},{"floor":43,"key":"White Beast Statue"},{"floor":46,"key":"Shuriken"},{"floor":48,"key":"hubris:BottledRain"}],"event_choices":[{"cards_removed":["Apotheosis"],"damage_healed":0,"gold_gain":0,"player_choice":"Take \u0026 Give","damage_taken":0,"max_hp_gain":0,"max_hp_loss":0,"event_name":"betterNote:BetterNote","floor":22,"gold_loss":0,"cards_obtained":["Venomology"]},{"damage_healed":0,"gold_gain":0,"player_choice":"Obtained Relic","damage_taken":0,"relics_obtained":["The Courier"],"max_hp_gain":0,"max_hp_loss":0,"event_name":"Addict","floor":31,"gold_loss":85},{"damage_healed":0,"gold_gain":0,"player_choice":"Memory 2","damage_taken":5,"max_hp_gain":0,"max_hp_loss":0,"event_name":"SensoryStone","floor":41,"gold_loss":0},{"damage_healed":0,"gold_gain":0,"player_choice":"Bought 3 Potions","damage_taken":0,"max_hp_gain":0,"max_hp_loss":0,"event_name":"The Woman in Blue","floor":45,"gold_loss":0}],"is_beta":false,"boss_relics":[{"not_picked":["Sozu","hubris:CrackedHourglass"],"picked":"Painkiller Herb"},{"not_picked":["Runic Dome","Snecko Heart","Pandora\u0027s Box"]}],"items_purged_floors":[19,37],"is_endless":false,"potions_floor_spawned":[3,7,10,18,20,27,33,35,38,46,47,48],"ascension_level":1}}