{"host":"ged1bqtamtf4sn4x","time":1608751045,"event":{"mods":["BaseMod","Colored Map","DeckTracker","Highlight Path","Keyboard Shortcuts","Minty Spire (QoL Compilation)","Permanent Neow","Quick Restart","SuperFastMode","everything is the same but u backflip on backflip"],"gold_per_floor":[11,11,29,48,72,72,93,126,126,160,85,110,110,151,151,151,151],"floor_reached":16,"playtime":487,"items_purged":["Strike_R"],"score":224,"play_id":"7e7cbc06-4abf-4a29-b987-64a07d1cdb5b","local_time":"20201224041725","is_ascension_mode":true,"campfire_choices":[{"data":"Armaments","floor":6.0,"key":"SMITH"},{"floor":13.0,"key":"REST"},{"data":"Body Slam","floor":15.0,"key":"SMITH"}],"circlet_count":0,"master_deck":["AscendersBane","Strike_R","Strike_R","Strike_R","Strike_R","Defend_R","Defend_R","Defend_R","Defend_R","Bash","Immolate","Armaments+1","Pommel Strike","Body Slam+1","Dropkick","True Grit","Evolve","Flame Barrier"],"relics":["Burning Blood","Golden Idol","Centennial Puzzle","Champion Belt","Odd Mushroom","Darkstone Periapt"],"acts_visited":["Exordium"],"potions_floor_usage":[16],"damage_taken":[{"damage":4.0,"enemies":"Jaw Worm","floor":1.0,"turns":4.0},{"damage":0.0,"enemies":"2 Louse","floor":3.0,"turns":3.0},{"damage":1.0,"enemies":"Cultist","floor":4.0,"turns":3.0},{"damage":9.0,"enemies":"Large Slime","floor":5.0,"turns":6.0},{"damage":5.0,"enemies":"3 Louse","floor":7.0,"turns":3.0},{"damage":34.0,"enemies":"Gremlin Nob","floor":8.0,"turns":4.0},{"damage":9.0,"enemies":"The Mushroom Lair","floor":10.0,"turns":3.0},{"damage":13.0,"enemies":"Exordium Thugs","floor":12.0,"turns":3.0},{"damage":12.0,"enemies":"3 Sentries","floor":14.0,"turns":5.0},{"damage":31,"enemies":"Slime Boss","floor":16,"turns":7}],"seed_played":"-3375555571659160758","potions_obtained":[{"floor":5.0,"key":"Ancient Potion"},{"floor":8.0,"key":"FearPotion"},{"floor":10.0,"key":"EntropicBrew"},{"floor":12.0,"key":"Weak Potion"}],"is_trial":false,"path_per_floor":["M","?","M","M","M","R","M","E","T","?","$","M","R","E","R","B"],"character_chosen":"IRONCLAD","items_purchased":[],"campfire_rested":1,"item_purchase_floors":[],"current_hp_per_floor":[70,44,50,55,52,52,53,25,25,22,22,15,37,31,31,0,0],"gold":151,"neow_bonus":"THREE_RARE_CARDS","is_daily":false,"chose_seed":false,"campfire_upgraded":2,"win_rate":0.0,"timestamp":1608751045,"path_taken":["M","?","M","M","M","R","M","E","T","?","$","M","R","E","R","BOSS"],"items_purchased_type":[],"build_version":"2020-12-22","purchased_purges":1,"victory":false,"max_hp_per_floor":[75,75,75,75,75,75,75,75,75,75,75,75,75,75,75,75,75],"card_choices":[{"not_picked":["Fiend Fire","Brutality"],"picked":"Immolate","floor":0.0},{"not_picked":["Shrug It Off","Flex"],"picked":"Armaments","floor":1.0},{"not_picked":["Disarm","Rampage"],"picked":"Pommel Strike","floor":3.0},{"not_picked":["Clash","Second Wind"],"picked":"Body Slam","floor":4.0},{"not_picked":["Iron Wave","Burning Pact"],"picked":"Dropkick","floor":5.0},{"not_picked":["Anger","True Grit","Armaments"],"picked":"SKIP","floor":7.0},{"not_picked":["Perfected Strike","Rupture","Heavy Blade"],"picked":"SKIP","floor":8.0},{"not_picked":["Perfected Strike","Rupture","Heavy Blade"],"picked":"SKIP","floor":8.0},{"not_picked":["Heavy Blade","Clash"],"picked":"True Grit","floor":10.0},{"not_picked":["Pommel Strike","Spot Weakness"],"picked":"Evolve","floor":12.0},{"not_picked":["Body Slam","Rampage"],"picked":"Flame Barrier","floor":14.0}],"player_experience":392001,"relics_obtained":[{"floor":8.0,"key":"Centennial Puzzle"},{"floor":9.0,"key":"Champion Belt"},{"floor":10.0,"key":"Odd Mushroom"},{"floor":14.0,"key":"Darkstone Periapt"}],"event_choices":[{"damage_healed":0.0,"max_hp_gain":0.0,"max_hp_loss":0.0,"gold_gain":0.0,"event_name":"Golden Idol","player_choice":"Take Damage","floor":2.0,"gold_loss":0.0,"damage_taken":26.0,"relics_obtained":["Golden Idol"]},{"damage_healed":0.0,"max_hp_gain":0.0,"max_hp_loss":0.0,"gold_gain":0.0,"event_name":"Mushrooms","player_choice":"Fought Mushrooms","floor":10.0,"gold_loss":0.0,"damage_taken":0.0}],"is_beta":false,"boss_relics":[],"items_purged_floors":[11],"is_endless":false,"potions_floor_spawned":[5,8,10,12],"killed_by":"Slime Boss","ascension_level":20}}