{"host":"3srbdas3e7jgqz5l","time":1608750765,"event":{"mods":["BaseMod","Downfall","Jorbs\u0027s Wanderer Trilogy","Minty Spire (QoL Compilation)","StSLib"],"gold_per_floor":[115,128,142,142,60,60,88,88,133,150,160,160,187,201,201,299,299,310,410,430,444,444,479,479,509,509,44,54,54,66,81,81,183,183,201,214,225,225,235,268,21,21,21,38,38,51,65,91,91,91,91,91,40,70,70],"floor_reached":56,"playtime":2543,"items_purged":["Strike_G","Strike_G"],"score":1745,"play_id":"a0691116-354e-48db-997a-144e547b2166","local_time":"20201223191245","is_ascension_mode":true,"campfire_choices":[{"data":"Neutralize","floor":6.0,"key":"SMITH"},{"data":"Noxious Fumes","floor":8.0,"key":"SMITH"},{"data":"Catalyst","floor":12.0,"key":"SMITH"},{"floor":15.0,"key":"REST"},{"floor":24.0,"key":"REST"},{"floor":29.0,"key":"REST"},{"data":"Crippling Poison","floor":32.0,"key":"SMITH"},{"floor":45.0,"key":"RECALL"},{"data":"Adrenaline","floor":49.0,"key":"SMITH"},{"data":"expansioncontent:DefensiveStance","floor":52.0,"key":"SMITH"}],"circlet_count":0,"master_deck":["AscendersBane","Strike_G+1","Strike_G+1","Defend_G","Defend_G","Defend_G","Defend_G","Defend_G","Survivor","Neutralize+1","Deadly Poison","Dagger Spray","Deadly Poison","Noxious Fumes+1","Catalyst+1","Adrenaline+1","Glass Knife","Escape Plan+1","Bouncing Flask","Catalyst+1","Crippling Poison+1","PiercingWail+1","Bullet Time","Noxious Fumes","Bouncing Flask","Dodge and Roll+1","Thinking Ahead","expansioncontent:DefensiveStance+1","Footwork+1","Malaise"],"relics":["Ring of the Snake","Art of War","Whetstone","Bronze Scales","Bag of Preparation","expansioncontent:StudyCardRelic","Bird Faced Urn","Omamori","Molten Egg 2","Eternal Feather","Blood Vial","SlaversCollar","Dead Branch","Happy Flower","White Beast Statue","Nunchaku"],"acts_visited":["Exordium","TheCity","TheBeyond","TheEnding"],"potions_floor_usage":[55,55,55],"damage_taken":[{"damage":2.0,"enemies":"Jaw Worm","floor":1.0,"turns":7.0},{"damage":2.0,"enemies":"Cultist","floor":2.0,"turns":4.0},{"damage":0.0,"enemies":"Small Slimes","floor":3.0,"turns":4.0},{"damage":17.0,"enemies":"Lagavulin","floor":7.0,"turns":6.0},{"damage":8.0,"enemies":"Red Slaver","floor":10.0,"turns":4.0},{"damage":0.0,"enemies":"Gremlin Gang","floor":11.0,"turns":3.0},{"damage":18.0,"enemies":"Gremlin Nob","floor":13.0,"turns":3.0},{"damage":3.0,"enemies":"Large Slime","floor":14.0,"turns":5.0},{"damage":13.0,"enemies":"Slime Boss","floor":16.0,"turns":8.0},{"damage":2.0,"enemies":"Chosen","floor":18.0,"turns":4.0},{"damage":18.0,"enemies":"2 Thieves","floor":20.0,"turns":4.0},{"damage":5.0,"enemies":"Snake Plant","floor":21.0,"turns":3.0},{"damage":19.0,"enemies":"Book of Stabbing","floor":23.0,"turns":4.0},{"damage":26.0,"enemies":"Gremlin Leader","floor":25.0,"turns":4.0},{"damage":32.0,"enemies":"3 Cultists","floor":28.0,"turns":6.0},{"damage":1.0,"enemies":"Centurion and Healer","floor":30.0,"turns":5.0},{"damage":3.0,"enemies":"Snake Plant","floor":31.0,"turns":2.0},{"damage":20.0,"enemies":"Champ","floor":33.0,"turns":7.0},{"damage":9.0,"enemies":"3 Darklings","floor":35.0,"turns":3.0},{"damage":0.0,"enemies":"Orb Walker","floor":36.0,"turns":2.0},{"damage":0.0,"enemies":"Writhing Mass","floor":37.0,"turns":3.0},{"damage":13.0,"enemies":"Transient","floor":39.0,"turns":5.0},{"damage":12.0,"enemies":"Reptomancer","floor":40.0,"turns":2.0},{"damage":12.0,"enemies":"Maw","floor":44.0,"turns":5.0},{"damage":17.0,"enemies":"4 Shapes","floor":46.0,"turns":4.0},{"damage":12.0,"enemies":"Writhing Mass","floor":47.0,"turns":3.0},{"damage":27.0,"enemies":"Nemesis","floor":48.0,"turns":4.0},{"damage":42.0,"enemies":"Donu and Deca","floor":50.0,"turns":8.0},{"damage":34.0,"enemies":"Shield and Spear","floor":54.0,"turns":6.0},{"damage":51,"enemies":"The Heart","floor":55,"turns":5}],"seed_played":"-8850819359928640201","potions_obtained":[{"floor":1.0,"key":"LiquidMemories"},{"floor":2.0,"key":"FairyPotion"},{"floor":3.0,"key":"FairyPotion"},{"floor":4.0,"key":"PowerPotion"},{"floor":4.0,"key":"Fire Potion"},{"floor":11.0,"key":"Explosive Potion"},{"floor":20.0,"key":"Strength Potion"},{"floor":21.0,"key":"Poison Potion"},{"floor":25.0,"key":"Fire Potion"},{"floor":37.0,"key":"Poison Potion"},{"floor":39.0,"key":"Dexterity Potion"},{"floor":46.0,"key":"SkillPotion"}],"is_trial":false,"path_per_floor":["M","M","M","?","$","R","E","R","T","M","M","R","E","M","R","B",null,"M","?","M","M","?","E","R","E","T","$","M","R","M","M","R","B",null,"M","M","M","?","M","E","$","?","T","M","R","M","M","E","R","B",null,"R","$","E","B",null],"character_chosen":"THE_SILENT","items_purchased":["Noxious Fumes","Eternal Feather","Blood Vial","Happy Flower","PowerPotion"],"campfire_rested":3,"item_purchase_floors":[5,27,27,41,53],"current_hp_per_floor":[61,59,59,59,59,59,42,42,42,34,34,34,16,13,34,21,58,56,56,38,33,33,14,35,13,13,13,10,43,54,55,67,50,65,62,70,70,70,63,58,58,53,53,49,64,53,57,46,61,45,64,70,70,42,9],"gold":70,"neow_bonus":"RANDOM_COMMON_RELIC","is_daily":false,"chose_seed":false,"campfire_upgraded":6,"win_rate":0.0,"timestamp":1608750765,"path_taken":["M","M","M","?","$","R","E","R","T","M","M","R","E","?","R","BOSS","M","?","M","?","?","E","R","E","T","$","M","R","M","M","R","BOSS","M","M","M","?","?","E","$","?","T","M","R","M","M","E","R","BOSS","R","$","E","BOSS"],"items_purchased_type":["Card","Relic","Relic","Relic","Potion"],"build_version":"2020-12-22","purchased_purges":2,"victory":true,"max_hp_per_floor":[70,70,70,70,70,70,70,70,70,70,70,70,70,70,70,70,70,70,70,70,70,70,70,70,70,70,70,70,70,70,70,70,70,70,70,70,70,70,70,70,70,70,70,70,70,70,70,70,70,70,70,70,70,70,70],"card_choices":[{"not_picked":["Calculated Gamble","Expertise"],"picked":"Deadly Poison","floor":1.0},{"not_picked":["Blur","Concentrate"],"picked":"Dagger Spray","floor":2.0},{"not_picked":["PiercingWail","Choke"],"picked":"Deadly Poison","floor":3.0},{"not_picked":["Dodge and Roll","Escape Plan","Distraction"],"picked":"SKIP","floor":7.0},{"not_picked":["Dagger Spray","Heel Hook","Quick Slash"],"picked":"SKIP","floor":10.0},{"not_picked":["Prepared","Slice"],"picked":"Catalyst","floor":11.0},{"not_picked":["Dash","Setup"],"picked":"Adrenaline","floor":13.0},{"not_picked":["Quick Slash","Endless Agony","Distraction"],"picked":"SKIP","floor":14.0},{"not_picked":["Die Die Die","Envenom"],"picked":"Glass Knife","floor":16.0},{"not_picked":["Setup","Eviscerate"],"picked":"Escape Plan+1","floor":18.0},{"not_picked":["Deflect","Accuracy","Quick Slash"],"picked":"SKIP","floor":20.0},{"not_picked":["Eviscerate","Sucker Punch"],"picked":"Bouncing Flask","floor":21.0},{"not_picked":["Deflect","Glass Knife","Riddle With Holes"],"picked":"SKIP","floor":23.0},{"not_picked":["Slice","Flying Knee+1","Dagger Throw"],"picked":"SKIP","floor":25.0},{"not_picked":["Blade Dance","Sucker Punch+1"],"picked":"Crippling Poison","floor":28.0},{"not_picked":["Flying Knee+1","Quick Slash+1"],"picked":"PiercingWail+1","floor":30.0},{"not_picked":["Dagger Throw+1","Dagger Spray+1","Outmaneuver"],"picked":"SKIP","floor":31.0},{"not_picked":["Glass Knife+1","Grand Finale+1"],"picked":"Bullet Time","floor":33.0},{"not_picked":["Cloak And Dagger","Distraction","Bouncing Flask"],"picked":"SKIP","floor":35.0},{"not_picked":["Setup+1","Dagger Spray+1","Bane+1"],"picked":"SKIP","floor":36.0},{"not_picked":["Underhanded Strike+1","Prepared"],"picked":"Noxious Fumes","floor":37.0},{"not_picked":["Flying Knee+1","Caltrops","Distraction"],"picked":"SKIP","floor":39.0},{"not_picked":["Slice+1","Flying Knee+1"],"picked":"Dodge and Roll+1","floor":40.0},{"not_picked":["Discovery","Swift Strike+1"],"picked":"Thinking Ahead","floor":42.0},{"not_picked":["Apotheosis","expansioncontent:Chronoboost"],"picked":"expansioncontent:DefensiveStance","floor":42.0},{"not_picked":["Noxious Fumes","Outmaneuver"],"picked":"Footwork+1","floor":44.0},{"not_picked":["Backflip","Bouncing Flask","Poisoned Stab+1"],"picked":"SKIP","floor":46.0},{"not_picked":["Masterful Stab+1","Flying Knee+1","Deadly Poison"],"picked":"SKIP","floor":47.0},{"not_picked":["Heel Hook+1","Cloak And Dagger","Deflect+1"],"picked":"SKIP","floor":48.0},{"not_picked":["Dodge and Roll","Setup+1"],"picked":"Malaise","floor":54.0}],"player_experience":504233,"relics_obtained":[{"floor":7.0,"key":"Whetstone"},{"floor":9.0,"key":"Bronze Scales"},{"floor":13.0,"key":"Bag of Preparation"},{"floor":23.0,"key":"Bird Faced Urn"},{"floor":25.0,"key":"Omamori"},{"floor":26.0,"key":"Molten Egg 2"},{"floor":40.0,"key":"Dead Branch"},{"floor":48.0,"key":"White Beast Statue"},{"floor":54.0,"key":"Nunchaku"}],"event_choices":[{"damage_healed":0.0,"max_hp_gain":0.0,"max_hp_loss":0.0,"gold_gain":0.0,"event_name":"Lab","player_choice":"Got Potions","floor":4.0,"gold_loss":0.0,"damage_taken":0.0},{"damage_healed":0.0,"max_hp_gain":0.0,"max_hp_loss":0.0,"gold_gain":100.0,"event_name":"Golden Shrine","player_choice":"Pray","floor":19.0,"gold_loss":0.0,"damage_taken":0.0},{"damage_healed":0.0,"max_hp_gain":0.0,"max_hp_loss":0.0,"gold_gain":0.0,"event_name":"Duplicator","player_choice":"Copied","floor":22.0,"gold_loss":0.0,"damage_taken":0.0,"cards_obtained":["Catalyst"]},{"damage_healed":0.0,"max_hp_gain":0.0,"max_hp_loss":0.0,"gold_gain":0.0,"cards_transformed":["Strike_G"],"event_name":"Transmorgrifier","player_choice":"Transformed","floor":38.0,"gold_loss":0.0,"damage_taken":0.0,"cards_obtained":["Bouncing Flask"]},{"damage_healed":0.0,"max_hp_gain":0.0,"max_hp_loss":0.0,"gold_gain":0.0,"event_name":"SensoryStone","player_choice":"Memory 2","floor":42.0,"gold_loss":0.0,"damage_taken":5.0}],"is_beta":false,"boss_relics":[{"not_picked":["Ring of the Serpent","Cursed Key"],"picked":"expansioncontent:StudyCardRelic"},{"not_picked":["Empty Cage","SacredBark"],"picked":"SlaversCollar"}],"items_purged_floors":[27,41],"is_endless":false,"potions_floor_spawned":[1,2,3,11,13,20,21,25,30,37,39,46,47,48,54],"ascension_level":10}}