{"host":"k5ezbu40hxyit46v","time":1608705414,"event":{"mods":["Act Like it!","Aspiration","Astrologer","BaseMod","BetterRewards","Conspire","DeckTracker","Energized Spire","Googly Eyes","Halation","HexUI Lib","Highlight Path","Hubris","Infinite Spire","Jedi Mod","Mad Scientist","Marisa????????","Minty Spire (QoL Compilation)","Quarter Circle Forward PUNCH!","Quick Restart","Replay The Spire","Reworked Bosses","Shop Mod","Spikes Relics","StSLib","The Administrix","The Awakened One except there are too many feathers","The Bladedancer","The Cursed","The IronCluck","The Servant 0.9.4","The Wild Card","everything is the same but u backflip on backflip","slay the spire mod where everything is the same but ironclad has a cowboy hat","vexMod"],"gold_per_floor":[116,116,130,42,55,55,89,14,37,72,86,105,105,105,105,116,116,193,193,213,213,213],"floor_reached":21,"playtime":560,"items_purged":["Strike_B"],"score":378,"play_id":"357605fb-4170-4b6c-a722-a27c8fb6d019","local_time":"20201223013654","is_ascension_mode":true,"campfire_choices":[{"data":"Loop","floor":6,"key":"SMITH"},{"data":"Zap","floor":15,"key":"SMITH"},{"data":"Dualcast","floor":17,"key":"SMITH"}],"circlet_count":0,"master_deck":["AscendersBane","Strike_B","Strike_B","Strike_B","Defend_B","Defend_B","Defend_B","Defend_B","Zap+1","Dualcast+1","Loop+1","Doom and Gloom","Conserve Battery","Self Repair+1"],"relics":["Cracked Core","NeowsBlessing","Frozen Egg 2","hubris:BallOfYels","jedi:heavyjacket","aspiration:Stellarator"],"acts_visited":["Exordium","TheCity"],"potions_floor_usage":[7,7,16,18],"damage_taken":[{"damage":0,"enemies":"2 Louse","floor":1,"turns":1},{"damage":0,"enemies":"Jaw Worm","floor":3,"turns":1},{"damage":0,"enemies":"Cultist","floor":5,"turns":1},{"damage":4,"enemies":"Lagavulin","floor":7,"turns":8},{"damage":35,"enemies":"3 Sentries","floor":10,"turns":5},{"damage":0,"enemies":"Exordium Wildlife","floor":11,"turns":2},{"damage":5,"enemies":"2 Fungi Beasts","floor":12,"turns":3},{"damage":11,"enemies":"Gremlin Gang","floor":16,"turns":3},{"damage":18,"enemies":"Hexaghost","floor":18,"turns":7},{"damage":47,"enemies":"Shell Parasite","floor":20,"turns":8},{"damage":0,"enemies":"2 Thieves","floor":21,"turns":1}],"seed_played":"7712718694676309493","potions_obtained":[{"floor":1,"key":"Dexterity Potion"},{"floor":2,"key":"Ancient Potion"},{"floor":5,"key":"Dexterity Potion"},{"floor":10,"key":"Elixir"},{"floor":12,"key":"Weak Potion"}],"is_trial":false,"path_per_floor":["M","?","M","$","M","R","E","$","T","E","M","M","PTL","PTL","R","M","R","B",null,"M","M"],"character_chosen":"DEFECT","items_purchased":["Doom and Gloom"],"campfire_rested":0,"item_purchase_floors":[4],"current_hp_per_floor":[64,64,64,64,64,64,60,60,60,25,35,40,40,40,40,39,39,31,61,24,24,24],"gold":213,"neow_bonus":"THREE_ENEMY_KILL","is_daily":false,"chose_seed":false,"campfire_upgraded":3,"win_rate":0.0,"timestamp":1608705414,"path_taken":["M","?","M","?","M","R","E","$","T","E","?","M","PTL","PTL","R","M","R","BOSS","M","M"],"items_purchased_type":["Card"],"build_version":"2020-12-13","purchased_purges":1,"victory":false,"max_hp_per_floor":[71,71,71,71,71,71,71,71,71,71,71,71,71,71,71,71,71,71,71,71,71,71],"card_choices":[{"not_picked":["jedi:spotbugs","Compile Driver"],"picked":"Loop","floor":1},{"not_picked":["Compile Driver","Barrage","Turbo"],"picked":"SKIP","floor":3},{"not_picked":["Beam Cell","Rip and Tear"],"picked":"Conserve Battery","floor":5},{"not_picked":["hubris:Ukulele","Leap","Barrage"],"picked":"SKIP","floor":7},{"not_picked":["Leap","Ball Lightning"],"picked":"Self Repair+1","floor":10},{"not_picked":["Stack","Streamline","Coolheaded"],"picked":"SKIP","floor":11},{"not_picked":["Leap","All For One","ReplayTheSpireMod:Repulse"],"picked":"SKIP","floor":12},{"not_picked":["ReplaySort","Streamline","Turbo"],"picked":"SKIP","floor":16},{"not_picked":["Sweeping Beam","Coolheaded","Leap"],"picked":"SKIP","floor":20}],"player_experience":1216570,"relics_obtained":[{"floor":7,"key":"Frozen Egg 2"},{"floor":9,"key":"hubris:BallOfYels"},{"floor":10,"key":"jedi:heavyjacket"}],"event_choices":[],"is_beta":false,"boss_relics":[{"not_picked":["hubris:CrackedHourglass","halation:Risk"],"picked":"aspiration:Stellarator"}],"items_purged_floors":[8],"is_endless":false,"potions_floor_spawned":[1,5,10,12],"killed_by":"2 Thieves","ascension_level":20}}