{"host":"2hea6pl5vmah38iy","time":1608713945,"event":{"mods":["AchievementEnabler","BaseMod","Colored Map","DeckTracker","Keyboard Shortcuts","Minty Spire (QoL Compilation)","Rare Cards Sparkle","StSLib","SuperFastMode","everything is the same but u backflip on backflip"],"gold_per_floor":[111,111,124,141,29,62,62,62,87,135,163,163,26,26,26,102,102,120,138,156,256,256,256],"floor_reached":22,"playtime":609,"items_purged":["Strike_G","Strike_G"],"score":326,"play_id":"73bae714-325f-4f8b-b1ba-03e951da5586","local_time":"20201223175905","is_ascension_mode":true,"campfire_choices":[{"data":"Blade Dance","floor":7,"key":"SMITH"},{"floor":15,"key":"REST"}],"circlet_count":0,"master_deck":["AscendersBane","Strike_G+1","Strike_G+1","Defend_G","Defend_G","Defend_G","Defend_G","Defend_G","Survivor","Neutralize","Accuracy","Blade Dance+1","Calculated Gamble","Accuracy","Tactician","Accuracy","Night Terror","PiercingWail","Envenom"],"relics":["Ring of the Snake","NeowsBlessing","Whetstone","Potion Belt","Akabeko","Shovel","Cursed Key"],"acts_visited":["Exordium","TheCity"],"potions_floor_usage":[11,22],"damage_taken":[{"damage":0,"enemies":"Jaw Worm","floor":1,"turns":1},{"damage":0,"enemies":"Cultist","floor":3,"turns":1},{"damage":0,"enemies":"Small Slimes","floor":4,"turns":1},{"damage":27,"enemies":"Lagavulin","floor":6,"turns":9},{"damage":10,"enemies":"3 Sentries","floor":11,"turns":5},{"damage":11,"enemies":"Hexaghost","floor":16,"turns":9},{"damage":11,"enemies":"2 Thieves","floor":18,"turns":3},{"damage":9,"enemies":"Shell Parasite","floor":19,"turns":3},{"damage":18,"enemies":"Centurion and Healer","floor":20,"turns":4},{"damage":18,"enemies":"Snake Plant","floor":22,"turns":5}],"seed_played":"-4035286828284720617","potions_obtained":[{"floor":6,"key":"SteroidPotion"},{"floor":19,"key":"Ancient Potion"},{"floor":20,"key":"SneckoOil"}],"is_trial":false,"path_per_floor":["M","?","M","M","$","E","R","?","T","T","E","?","$","$","R","B",null,"M","M","M","?","M"],"character_chosen":"THE_SILENT","items_purchased":["Accuracy","Accuracy"],"campfire_rested":1,"item_purchase_floors":[5,13],"current_hp_per_floor":[59,53,53,53,53,26,26,26,26,26,16,9,9,9,28,17,54,43,34,16,16,0,0],"gold":256,"neow_bonus":"THREE_ENEMY_KILL","is_daily":false,"chose_seed":false,"campfire_upgraded":1,"win_rate":0.0,"timestamp":1608713945,"path_taken":["M","?","?","M","?","E","R","?","T","?","E","?","?","$","R","BOSS","M","M","M","?","?"],"items_purchased_type":["Card","Card"],"build_version":"2020-12-22","purchased_purges":2,"victory":false,"max_hp_per_floor":[66,66,66,66,66,66,66,66,66,66,66,66,66,66,66,66,66,66,66,66,66,66,66],"card_choices":[{"not_picked":["Deadly Poison","Acrobatics"],"picked":"Accuracy","floor":1},{"not_picked":["Outmaneuver","Dagger Spray"],"picked":"Blade Dance","floor":3},{"not_picked":["Dagger Throw","Eviscerate"],"picked":"Calculated Gamble","floor":4},{"not_picked":["Dagger Throw","Dagger Spray","Well Laid Plans"],"picked":"SKIP","floor":6},{"not_picked":["Deflect","Prepared"],"picked":"Tactician","floor":11},{"not_picked":["Corpse Explosion","Tools of the Trade"],"picked":"Night Terror","floor":16},{"not_picked":["Heel Hook","Dagger Throw+1","Sucker Punch"],"picked":"SKIP","floor":18},{"not_picked":["Dodge and Roll","Underhanded Strike+1"],"picked":"PiercingWail","floor":19},{"not_picked":["Deadly Poison","Underhanded Strike"],"picked":"Envenom","floor":20}],"player_experience":442704,"relics_obtained":[{"floor":6,"key":"Whetstone"},{"floor":9,"key":"Potion Belt"},{"floor":10,"key":"Akabeko"},{"floor":11,"key":"Shovel"}],"event_choices":[{"damage_healed":0,"gold_gain":0,"player_choice":"Damaged","damage_taken":6,"max_hp_gain":0,"max_hp_loss":0,"event_name":"Wheel of Change","floor":2,"gold_loss":0},{"damage_healed":0,"gold_gain":0,"player_choice":"Ignored","damage_taken":0,"max_hp_gain":0,"max_hp_loss":0,"event_name":"Liars Game","floor":8,"gold_loss":0},{"cards_removed":["Strike_G"],"damage_healed":0,"gold_gain":0,"player_choice":"Card Removal","damage_taken":7,"max_hp_gain":0,"max_hp_loss":0,"event_name":"Golden Wing","floor":12,"gold_loss":0},{"damage_healed":0,"gold_gain":100,"player_choice":"Pray","damage_taken":0,"max_hp_gain":0,"max_hp_loss":0,"event_name":"Golden Shrine","floor":21,"gold_loss":0}],"is_beta":false,"boss_relics":[{"not_picked":["Tiny House","Black Star"],"picked":"Cursed Key"}],"items_purged_floors":[5,13],"is_endless":false,"potions_floor_spawned":[6,19,20],"killed_by":"Snake Plant","ascension_level":14}}