{"host":"w5ovz9boloi14a0g","time":1608748691,"event":{"mods":["BaseMod","Googly Eyes","Minty Spire (QoL Compilation)","Replay The Spire","StSLib","SuperFastMode"],"gold_per_floor":[18,34,51,69,69,69,99,99,125,125,55,71,71,84,84,182,232,251,251,265,278,296,296,296,296],"floor_reached":24,"playtime":831,"items_purged":[],"score":225,"play_id":"672b74e0-c36c-447a-9824-c9c49d54eb9a","local_time":"20201223123811","is_ascension_mode":false,"campfire_choices":[{"data":"Sucker Punch","floor":6,"key":"SMITH"},{"data":"Cloak And Dagger","floor":8,"key":"SMITH"},{"floor":13,"key":"REST"},{"data":"Survivor","floor":15,"key":"SMITH"},{"floor":23,"key":"REST"}],"circlet_count":0,"master_deck":["Strike_G","Strike_G+1","Strike_G","Strike_G","Strike_G","Defend_G","Defend_G","Defend_G","Defend_G","Defend_G","Survivor+1","Neutralize","Cloak And Dagger+1","Blur+1","Sucker Punch+1","Infinite Blades","Hidden Blade","Fluid Movement","Corpse Explosion","Flying Knee","Infinite Blades","Finisher"],"relics":["Ring of the Snake","Happy Flower","Replay:Baseball","Tiny House"],"acts_visited":["Exordium","TheCity"],"potions_floor_usage":[],"damage_taken":[{"damage":4,"enemies":"Cultist","floor":1,"turns":5},{"damage":0,"enemies":"2 Louse","floor":2,"turns":2},{"damage":1,"enemies":"Jaw Worm","floor":3,"turns":6},{"damage":0,"enemies":"Blue Slaver","floor":4,"turns":5},{"damage":23,"enemies":"Gremlin Nob","floor":7,"turns":5},{"damage":0,"enemies":"Large Slime","floor":12,"turns":6},{"damage":4,"enemies":"Red Slaver","floor":14,"turns":4},{"damage":15,"enemies":"Fading Forest","floor":16,"turns":11},{"damage":0,"enemies":"3 Byrds","floor":18,"turns":6},{"damage":10,"enemies":"Spheric Guardian","floor":20,"turns":6},{"damage":39,"enemies":"Shelled Parasite and Fungi","floor":21,"turns":8},{"damage":23,"enemies":"3 Cultists","floor":22,"turns":5},{"damage":43,"enemies":"Gremlin Leader","floor":24,"turns":4}],"seed_played":"-2014618923111116505","potions_obtained":[{"floor":3,"key":"GamblersBrew"},{"floor":12,"key":"LifebloodPotion"},{"floor":16,"key":"Cursed Concoction"}],"is_trial":false,"path_per_floor":["M","M","M","M","?","R","E","R","T","?","$","M","R","M","R","B",null,"M","?","M","M","M","R","E"],"character_chosen":"THE_SILENT","items_purchased":["Fluid Movement"],"campfire_rested":2,"item_purchase_floors":[11],"current_hp_per_floor":[80,80,79,79,79,79,56,56,56,48,48,48,73,69,69,64,89,89,89,79,40,17,43,0,0],"gold":296,"neow_bonus":"TWENTY_PERCENT_HP_BONUS","is_daily":false,"chose_seed":false,"campfire_upgraded":3,"win_rate":0.0,"timestamp":1608748691,"path_taken":["M","M","M","M","?","R","E","R","T","?","$","?","R","M","R","BOSS","M","?","M","?","M","R","E"],"items_purchased_type":["Card"],"build_version":"2020-12-22","purchased_purges":0,"victory":false,"max_hp_per_floor":[84,84,84,84,84,84,84,84,84,84,84,84,84,84,84,84,89,89,89,89,89,89,89,89,89],"card_choices":[{"not_picked":["Outmaneuver","Dagger Spray"],"picked":"Cloak And Dagger","floor":1},{"not_picked":["Sucker Punch","Deflect"],"picked":"Blur","floor":2},{"not_picked":["Cloak And Dagger","Dodge and Roll"],"picked":"Sucker Punch","floor":3},{"not_picked":["Outmaneuver","Adrenaline"],"picked":"Infinite Blades","floor":4},{"not_picked":["Acrobatics","Quick Slash"],"picked":"Hidden Blade","floor":7},{"not_picked":["Acrobatics","Dagger Throw","Expertise"],"picked":"SKIP","floor":12},{"not_picked":["Dagger Spray","Dagger Throw","Backflip"],"picked":"SKIP","floor":14},{"not_picked":["Grand Finale","Bullet Time"],"picked":"Corpse Explosion","floor":16},{"not_picked":["Deadly Poison","ReplayTheSpireMod:Tripwire"],"picked":"Flying Knee","floor":18},{"not_picked":["Outmaneuver","Dodge and Roll","Hidden Blade"],"picked":"SKIP","floor":20},{"not_picked":["Bane","Poisoned Stab","Sucker Punch"],"picked":"SKIP","floor":21},{"not_picked":["Phantasmal Killer","Expertise"],"picked":"Finisher","floor":22}],"player_experience":14081,"relics_obtained":[{"floor":7,"key":"Happy Flower"},{"floor":9,"key":"Replay:Baseball"}],"event_choices":[{"damage_healed":0,"gold_gain":0,"player_choice":"Grow","damage_taken":0,"max_hp_gain":0,"max_hp_loss":0,"event_name":"Living Wall","floor":5,"gold_loss":0,"cards_upgraded":["Blur"]},{"damage_healed":0,"gold_gain":0,"player_choice":"Damaged","damage_taken":8,"max_hp_gain":0,"max_hp_loss":0,"event_name":"Wheel of Change","floor":10,"gold_loss":0},{"damage_healed":0,"gold_gain":0,"player_choice":"Copied","damage_taken":0,"max_hp_gain":0,"max_hp_loss":0,"event_name":"Duplicator","floor":19,"gold_loss":0,"cards_obtained":["Infinite Blades"]}],"is_beta":false,"boss_relics":[{"not_picked":["Replay:Drink Me","Kintsugi"],"picked":"Tiny House"}],"items_purged_floors":[],"is_endless":false,"potions_floor_spawned":[3,12,16,20,21],"killed_by":"Gremlin Leader","ascension_level":0}}