{"host":"cijwx898anu8dehj","time":1608727155,"event":{"mods":["AchievementEnabler","AlwaysNeverKeys","BaseMod","Colored Map","Colored Powertips","Highlight Path","Minty Spire (QoL Compilation)","Rare Cards Sparkle","Relic Stats","Slay-I"],"gold_per_floor":[115,127,142,142,142,186,186,204,227,241,241,241],"floor_reached":11,"playtime":479,"items_purged":[],"score":109,"play_id":"c156fc47-ef34-4097-9313-87cd3b34b6b7","local_time":"20201223103915","is_ascension_mode":true,"campfire_choices":[{"floor":7,"key":"REST"}],"circlet_count":0,"master_deck":["Strike_B","Strike_B","Strike_B","Defend_B","Defend_B","Defend_B","Defend_B","Zap","Dualcast","Ball Lightning","Leap","Capacitor","Sweeping Beam","Leap","Undo"],"relics":["Cracked Core","Golden Idol","Potion Belt","Orichalcum"],"acts_visited":["Exordium"],"potions_floor_usage":[6,11],"damage_taken":[{"damage":3,"enemies":"2 Louse","floor":1,"turns":4},{"damage":8,"enemies":"Small Slimes","floor":2,"turns":3},{"damage":2,"enemies":"Jaw Worm","floor":3,"turns":3},{"damage":25,"enemies":"Gremlin Nob","floor":6,"turns":4},{"damage":11,"enemies":"Exordium Wildlife","floor":8,"turns":4},{"damage":12,"enemies":"Looter","floor":10,"turns":4},{"damage":14,"enemies":"Lagavulin","floor":11,"turns":6}],"seed_played":"-2281299831917677881","potions_obtained":[{"floor":2,"key":"Weak Potion"},{"floor":6,"key":"Swift Potion"},{"floor":10,"key":"AttackPotion"}],"is_trial":false,"path_per_floor":["M","M","M","?","?","E","R","M","T","M","E"],"character_chosen":"DEFECT","items_purchased":[],"campfire_rested":1,"item_purchase_floors":[],"current_hp_per_floor":[72,64,62,55,35,10,34,23,23,11,0,0],"gold":241,"neow_bonus":"TEN_PERCENT_HP_BONUS","is_daily":false,"chose_seed":false,"campfire_upgraded":0,"win_rate":0.0,"timestamp":1608727155,"path_taken":["M","M","M","?","?","E","R","M","T","M","E"],"items_purchased_type":[],"build_version":"2020-12-22","purchased_purges":0,"victory":false,"max_hp_per_floor":[82,82,82,82,82,82,82,82,82,82,82,82],"relic_stats":{"counters":[7,28],"Golden Idol":16,"Orichalcum":[24],"obtain_stats":[{"Potion Belt":6,"Golden Idol":5,"Orichalcum":9,"Cracked Core":0},{"Potion Belt":4,"Golden Idol":3,"Orichalcum":5,"Cracked Core":0},{"Potion Belt":14,"Golden Idol":10,"Orichalcum":18,"Cracked Core":0}]},"card_choices":[{"not_picked":["Compile Driver","Streamline"],"picked":"Ball Lightning","floor":1},{"not_picked":["Consume","Stack"],"picked":"Leap","floor":2},{"not_picked":["Compile Driver","Auto Shields"],"picked":"Capacitor","floor":3},{"not_picked":["Beam Cell","Machine Learning"],"picked":"Sweeping Beam","floor":6},{"not_picked":["Barrage","Hologram"],"picked":"Leap","floor":8},{"not_picked":["Conserve Battery","Stack"],"picked":"Undo","floor":10}],"player_experience":917767,"relics_obtained":[{"floor":6,"key":"Potion Belt"},{"floor":9,"key":"Orichalcum"}],"event_choices":[{"cards_removed":["Strike_B"],"damage_healed":0,"gold_gain":0,"player_choice":"Card Removal","damage_taken":7,"max_hp_gain":0,"max_hp_loss":0,"event_name":"Golden Wing","floor":4,"gold_loss":0},{"damage_healed":0,"gold_gain":0,"player_choice":"Take Damage","damage_taken":20,"relics_obtained":["Golden Idol"],"max_hp_gain":0,"max_hp_loss":0,"event_name":"Golden Idol","floor":5,"gold_loss":0}],"is_beta":false,"boss_relics":[],"items_purged_floors":[],"is_endless":false,"potions_floor_spawned":[2,6,10],"killed_by":"Lagavulin","ascension_level":9}}