{"host":"2461dio7vetlq1z3","time":1608766754,"event":{"mods":["2.2 Compatiblity","AchievementEnabler","Aspiration","BaseMod","Better Third Choice","Hermit","Marisa????????","Minty Spire (QoL Compilation)","Relic Stats","Spicy Shops","StSLib","The Runesmith","Waifu the Spire"],"gold_per_floor":[112,126,141,41,56,56,74,103,103,103,119,119,144,154,154,154,154],"floor_reached":16,"playtime":505,"items_purged":[],"score":217,"play_id":"551adde9-982e-4577-a607-058d655f9cc5","local_time":"20201224003914","is_ascension_mode":true,"campfire_choices":[{"data":"Static Discharge","floor":6,"key":"SMITH"},{"floor":10,"key":"REST"},{"data":"Rainbow","floor":15,"key":"SMITH"}],"circlet_count":0,"master_deck":["AscendersBane","Strike_B","Strike_B","Strike_B","Strike_B","Defend_B","Defend_B","Defend_B","Defend_B","Zap","Dualcast","Rip and Tear","Ball Lightning","Consume","Static Discharge+1","Leap","Cold Snap","Rainbow+1","Genetic Algorithm"],"relics":["Cracked Core","Centennial Puzzle","Pear","aspiration:FetidBarrel","Singing Bowl"],"acts_visited":["Exordium"],"potions_floor_usage":[8],"damage_taken":[{"damage":2,"enemies":"Cultist","floor":1,"turns":4},{"damage":0,"enemies":"Small Slimes","floor":2,"turns":2},{"damage":7,"enemies":"Jaw Worm","floor":3,"turns":2},{"damage":8,"enemies":"Large Slime","floor":5,"turns":4},{"damage":12,"enemies":"Gremlin Gang","floor":7,"turns":3},{"damage":19,"enemies":"3 Sentries","floor":8,"turns":4},{"damage":3,"enemies":"Exordium Thugs","floor":11,"turns":5},{"damage":27,"enemies":"Gremlin Nob","floor":13,"turns":4},{"damage":7,"enemies":"Looter","floor":14,"turns":3},{"damage":24,"enemies":"Slime Boss","floor":16,"turns":3}],"seed_played":"715460370157773567","potions_obtained":[{"floor":1,"key":"EssenceOfSteel"},{"floor":3,"key":"Swift Potion"}],"is_trial":false,"path_per_floor":["M","M","M","$","M","R","M","E","T","R","M","?","E","M","R","B"],"character_chosen":"DEFECT","items_purchased":["Static Discharge"],"campfire_rested":1,"item_purchase_floors":[4],"current_hp_per_floor":[69,69,62,62,54,54,42,23,33,59,56,56,29,22,22,0,0],"gold":154,"neow_bonus":"TEN_PERCENT_HP_BONUS","is_daily":false,"chose_seed":false,"campfire_upgraded":2,"win_rate":0.0,"timestamp":1608766754,"path_taken":["M","?","M","$","M","R","M","E","T","R","M","?","E","M","R","BOSS"],"items_purchased_type":["Card"],"build_version":"2020-12-22","purchased_purges":0,"victory":false,"max_hp_per_floor":[78,78,78,78,78,78,78,78,88,88,88,88,88,88,88,88,88],"relic_stats":{"Centennial Puzzle":[9],"Singing Bowl":0,"counters":[10,34],"obtain_stats":[{"Centennial Puzzle":8,"Pear":9,"Singing Bowl":13,"aspiration:FetidBarrel":12,"Cracked Core":0},{"Centennial Puzzle":6,"Pear":6,"Singing Bowl":8,"aspiration:FetidBarrel":7,"Cracked Core":0},{"Centennial Puzzle":19,"Pear":19,"Singing Bowl":28,"aspiration:FetidBarrel":24,"Cracked Core":0}]},"card_choices":[{"not_picked":["Glacier","Steam"],"picked":"Rip and Tear","floor":1},{"not_picked":["Stack","Beam Cell"],"picked":"Ball Lightning","floor":2},{"not_picked":["Ball Lightning","Rebound"],"picked":"Consume","floor":3},{"not_picked":["Chaos","Chill","Fusion"],"picked":"SKIP","floor":5},{"not_picked":["Rebound","Double Energy"],"picked":"Leap","floor":7},{"not_picked":["Storm","Scrape","Fusion"],"picked":"SKIP","floor":8},{"not_picked":["Blizzard","Leap"],"picked":"Cold Snap","floor":11},{"not_picked":["Blizzard","Heatsinks"],"picked":"Rainbow","floor":13},{"not_picked":["Compile Driver","Leap"],"picked":"Genetic Algorithm","floor":14}],"player_experience":975018,"relics_obtained":[{"floor":8,"key":"Centennial Puzzle"},{"floor":9,"key":"Pear"},{"floor":13,"key":"Singing Bowl"}],"event_choices":[{"damage_healed":0,"gold_gain":0,"player_choice":"Gave Potion","damage_taken":0,"relics_obtained":["aspiration:FetidBarrel"],"max_hp_gain":0,"max_hp_loss":0,"event_name":"WeMeetAgain","floor":12,"gold_loss":0}],"is_beta":false,"boss_relics":[],"items_purged_floors":[],"is_endless":false,"potions_floor_spawned":[1,3,7],"killed_by":"Slime Boss","ascension_level":18}}