{"host":"svwqvw2il1zfkkg0","time":1608694747,"event":{"mods":["AchievementEnabler","BaseMod","BetterRewards","Colored Map","Colored Powertips","Custom Start","Downfall","GifTheSpireLib","Highlight Path","Hubris","Infinite Spire","Minty Spire (QoL Compilation)","Quick Restart","Replay The Spire","Shop Mod","StSLib","SuperFastMode"],"gold_per_floor":[213,213,225,245,261,261,278,278,278,86,96,124,142,69,69,167,167,178,178,193,203,10,10,10,38,62,97,113,127,127,143,143,247,247,266,280,280,299,317,317,347,347,347,363,363,375,28,28,28,28],"floor_reached":51,"playtime":2523,"items_purged":[],"score":773,"play_id":"9badf68e-ec59-45ca-ae58-d93193473357","local_time":"20201222193907","is_ascension_mode":false,"campfire_choices":[{"data":"Bullet Time","floor":6,"key":"SMITH"},{"floor":8,"key":"REST"},{"floor":15,"key":"REST"},{"data":"Pot Of Greed","floor":23,"key":"SMITH"},{"floor":30,"key":"REST"},{"floor":32,"key":"REST"},{"floor":40,"key":"REST"},{"floor":42,"key":"REST"},{"floor":45,"key":"REST"},{"data":"Bullet Time","floor":49,"key":"SMITH"}],"circlet_count":0,"master_deck":["Backstab+1","Strike_G","Strike_G","Strike_G","Strike_G","Strike_G","Defend_G","Defend_G","Defend_G","Defend_G","Defend_G","Survivor","Neutralize","Flying Knee","Flying Knee","Bane","Bullet Time+1","Underhanded Strike","Poisoned Stab","Replay:Poison Smokescreen","Pot Of Greed","Pot Of Greed","Riddle With Holes","Noxious Fumes","Bullet Time+1","Toxin Wave","Pot Of Greed+1","Toxin Wave","Dagger Spray+1","Dagger Spray+1","Tactician","Cloak And Dagger","Replay:Poison Smokescreen","Draining Mist+1","Bullet Time","Quick Slash","Acrobatics+1","Corpse Explosion","Prepared+1","Pot Of Greed","Dash+1","Choke","Backflip+1"],"relics":["Ring of the Serpent","Snake Skull","Bag of Preparation","Grinning Jar","hubris:GrandSneckoEye","Replay:Bottled Flurry","Honey Jar","Omamori","infinitespire:PuzzleCube","infinitespire:Satchel","Replay:Wax Seal","hubris:SlimyHat","hubris:ScarierMask","Replay:Mystery Machine","ReplayTheSpireMod:Shallot","Vajra","Replay:Baseball"],"acts_visited":["Exordium","TheCity","TheBeyond"],"potions_floor_usage":[12,12,16,16,27,29,29,44,44,50,50,50],"damage_taken":[{"damage":0,"enemies":"Cultist","floor":1,"turns":3},{"damage":3,"enemies":"Jaw Worm","floor":3,"turns":2},{"damage":8,"enemies":"infinitespire:Voidling","floor":4,"turns":3},{"damage":8,"enemies":"Large Slime","floor":5,"turns":6},{"damage":5,"enemies":"Exordium Wildlife","floor":7,"turns":4},{"damage":1,"enemies":"Red Slaver","floor":11,"turns":2},{"damage":13,"enemies":"3 Sentries","floor":12,"turns":4},{"damage":1,"enemies":"Blue Slaver","floor":13,"turns":2},{"damage":6,"enemies":"Slime Boss","floor":16,"turns":8},{"damage":0,"enemies":"3 Byrds","floor":18,"turns":3},{"damage":0,"enemies":"2 Thieves","floor":20,"turns":2},{"damage":0,"enemies":"3 Cultists","floor":21,"turns":3},{"damage":30,"enemies":"Slavers","floor":25,"turns":4},{"damage":19,"enemies":"Book of Stabbing","floor":27,"turns":3},{"damage":7,"enemies":"Centurion and Healer","floor":28,"turns":3},{"damage":7,"enemies":"Snake Plant","floor":29,"turns":2},{"damage":10,"enemies":"Sentry and Sphere","floor":31,"turns":3},{"damage":54,"enemies":"Automaton","floor":33,"turns":7},{"damage":10,"enemies":"3 Shapes","floor":35,"turns":3},{"damage":15,"enemies":"3 Darklings","floor":36,"turns":3},{"damage":19,"enemies":"Writhing Mass","floor":38,"turns":4},{"damage":0,"enemies":"Transient","floor":39,"turns":5},{"damage":19,"enemies":"Reptomancer","floor":41,"turns":3},{"damage":0,"enemies":"Maw","floor":44,"turns":4},{"damage":0,"enemies":"Sphere and 2 Shapes","floor":46,"turns":2},{"damage":9,"enemies":"infinitespire:MassOfShapes","floor":50,"turns":7}],"seed_played":"-4710405265324669012","potions_obtained":[{"floor":1,"key":"AttackPotion"},{"floor":3,"key":"champ:CounterPotion"},{"floor":5,"key":"BlessingOfTheForge"},{"floor":12,"key":"Energy Potion"},{"floor":13,"key":"FairyPotion"},{"floor":27,"key":"PowerPotion"},{"floor":28,"key":"Toxic Potion"},{"floor":29,"key":"Venom Potion"},{"floor":33,"key":"SpeedPotion"},{"floor":36,"key":"Poison Potion"},{"floor":39,"key":"Strength Potion"},{"floor":41,"key":"Block Potion"}],"is_trial":false,"path_per_floor":["M","$","M","M","M","R","M","R","T","$","M","E","M","$","R","B",null,"M","AVR","M","M","$","R","$","E","T","E","M","M","R","M","R","B",null,"M","M","AVR","M","M","R","E","R","T","M","R","M","$","?","R","B",null],"character_chosen":"THE_SILENT","items_purchased":["Poisoned Stab","Bag of Preparation","Noxious Fumes","Omamori","SteroidPotion","Vajra","Replay:Baseball","PowerPotion"],"campfire_rested":7,"item_purchase_floors":[10,10,14,22,22,47,47,47],"current_hp_per_floor":[70,70,67,59,51,51,46,67,67,67,66,53,52,52,70,64,70,70,70,70,70,70,70,70,40,40,21,14,7,28,18,39,21,70,60,45,45,26,26,47,28,49,49,49,70,70,70,70,70,61],"gold":28,"neow_bonus":"HUNDRED_GOLD","is_daily":false,"chose_seed":false,"campfire_upgraded":3,"win_rate":0.0,"timestamp":1608694747,"path_taken":["M","$","M","M","M","R","M","R","T","$","M","E","M","?","R","BOSS","M","AVR","M","M","$","R","?","E","T","E","M","M","R","M","R","BOSS","M","M","AVR","M","M","R","E","R","T","M","R","?","$","?","R","BOSS"],"items_purchased_type":["Card","Relic","Card","Relic","Potion","Relic","Relic","Potion"],"build_version":"2020-12-13","purchased_purges":0,"victory":true,"max_hp_per_floor":[70,70,70,70,70,70,70,70,70,70,70,70,70,70,70,70,70,70,70,70,70,70,70,70,70,70,70,70,70,70,70,70,70,70,70,70,70,70,70,70,70,70,70,70,70,70,70,70,70,70],"card_choices":[{"not_picked":["Heel Hook","Sucker Punch"],"picked":"Flying Knee","floor":1},{"not_picked":["Prepared","Sneak Up"],"picked":"Flying Knee","floor":3},{"not_picked":["Infinite Blades","Hidden Blade"],"picked":"Bane","floor":4},{"not_picked":["Deflect","Deadly Poison"],"picked":"Bullet Time","floor":5},{"not_picked":["Reflex","Infinite Blades"],"picked":"Underhanded Strike","floor":7},{"not_picked":["Skewer","Hidden Blade"],"picked":"Replay:Poison Smokescreen","floor":11},{"not_picked":["Heel Hook","Storm of Steel"],"picked":"Riddle With Holes","floor":12},{"not_picked":["hubris:TrickCloak","ReplayTheSpireMod:Tripwire","Eviscerate"],"picked":"SKIP","floor":13},{"not_picked":["Doppelganger","Grand Finale"],"picked":"Bullet Time","floor":16},{"not_picked":["Dagger Throw+1","Cloak And Dagger+1"],"picked":"Toxin Wave","floor":18},{"not_picked":["Hidden Blade","Cloak And Dagger","Caltrops+1"],"picked":"Toxin Wave","floor":20},{"not_picked":["hubris:SlightOfHand","Deflect","Flying Knee"],"picked":"Dagger Spray+1","floor":21},{"not_picked":["Choke+1","Backflip","Cloak And Dagger"],"picked":"Dagger Spray+1","floor":25},{"not_picked":["Acrobatics","Blur","ReplayTheSpireMod:Tripwire"],"picked":"Tactician","floor":27},{"not_picked":["Expertise","Slice","hubris:TrickCloak"],"picked":"Cloak And Dagger","floor":28},{"not_picked":["Dagger Throw+1","Deadly Poison","Poison Darts"],"picked":"Replay:Poison Smokescreen","floor":29},{"not_picked":["Expertise","Quick Slash","Footwork"],"picked":"Draining Mist+1","floor":31},{"not_picked":["Grand Finale","Night Terror","Storm of Steel"],"picked":"Bullet Time","floor":33},{"not_picked":["Outmaneuver+1","Poisoned Stab","Backflip+1"],"picked":"Quick Slash","floor":35},{"not_picked":["Predator+1","Infinite Blades","Flying Knee"],"picked":"Acrobatics+1","floor":36},{"not_picked":["Finisher+1","hubris:SlightOfHand+1","Outmaneuver"],"picked":"Corpse Explosion","floor":38},{"not_picked":["hubris:TrickCloak+1","ReplayTheSpireMod:Shiv Toss+1","Hidden Blade"],"picked":"Prepared+1","floor":39},{"not_picked":["Deadly Poison","PiercingWail+1","Catalyst"],"picked":"Dash+1","floor":41},{"not_picked":["Terror+1","Endless Agony","Prepared"],"picked":"Choke","floor":44},{"not_picked":["Outmaneuver","Envenom","Crippling Poison"],"picked":"Backflip+1","floor":46}],"player_experience":410606,"relics_obtained":[{"floor":9,"key":"Snake Skull"},{"floor":12,"key":"Grinning Jar"},{"floor":25,"key":"infinitespire:PuzzleCube"},{"floor":26,"key":"infinitespire:Satchel"},{"floor":27,"key":"Replay:Wax Seal"},{"floor":41,"key":"Replay:Mystery Machine"},{"floor":43,"key":"ReplayTheSpireMod:Shallot"}],"event_choices":[],"is_beta":false,"boss_relics":[{"not_picked":["Runic Dome","Snecko Eye"],"picked":"hubris:GrandSneckoEye"},{"not_picked":["Fusion Hammer","Snecko Scales"],"picked":"Ring of the Serpent"}],"items_purged_floors":[],"is_endless":false,"potions_floor_spawned":[1,3,5,12,13,27,28,29,33,36,39,41],"ascension_level":0}}