{"host":"fxrgx7wt2cpkbhka","time":1608751586,"event":{"mods":["AchievementEnabler","BaseMod","Colored Powertips","Minty Spire (QoL Compilation)","Permanent Neow","Slay-I","StSLib","Waifu the Spire"],"gold_per_floor":[116,191,191,211,211,546,566,566,566,577,587,216,216,216,216,311,311,322,130,144,155,155,155],"floor_reached":22,"playtime":813,"items_purged":[],"score":338,"play_id":"9c56b95a-16cf-436d-96d7-73bd915319f3","local_time":"20201223112626","is_ascension_mode":true,"campfire_choices":[{"data":"Perfected Strike","floor":8,"key":"SMITH"},{"data":"Flex","floor":15,"key":"SMITH"}],"circlet_count":0,"master_deck":["AscendersBane","Strike_R","Strike_R","Strike_R","Strike_R","Strike_R","Defend_R","Defend_R","Defend_R","Bash","Flex+1","Flex+1","Perfected Strike+1","Flex","Disarm+1","Flame Barrier","Immolate","CurseOfTheBell","Armaments","Apotheosis","Headbutt+1"],"relics":["Burning Blood","NeowsBlessing","Old Coin","Unceasing Top","Red Skull","Regal Pillow","Calling Bell","Art of War","Question Card","Ginger"],"acts_visited":["Exordium","TheCity"],"potions_floor_usage":[22],"damage_taken":[{"damage":0,"enemies":"Jaw Worm","floor":1,"turns":1},{"damage":0,"enemies":"Cultist","floor":4,"turns":1},{"damage":0,"enemies":"Gremlin Nob","floor":6,"turns":1},{"damage":3,"enemies":"2 Louse","floor":7,"turns":3},{"damage":25,"enemies":"Gremlin Gang","floor":10,"turns":5},{"damage":11,"enemies":"3 Louse","floor":11,"turns":3},{"damage":33,"enemies":"The Guardian","floor":16,"turns":12},{"damage":15,"enemies":"3 Byrds","floor":18,"turns":6},{"damage":40,"enemies":"Chosen","floor":20,"turns":5},{"damage":35,"enemies":"Sentry and Sphere","floor":21,"turns":5},{"damage":29,"enemies":"Snake Plant","floor":22,"turns":3}],"seed_played":"2516479249915879128","potions_obtained":[{"floor":4,"key":"Weak Potion"},{"floor":10,"key":"FairyPotion"}],"is_trial":false,"path_per_floor":["M","?","?","M","?","E","M","R","T","M","M","$","?","?","R","B",null,"M","$","M","M","M"],"character_chosen":"IRONCLAD","items_purchased":["Red Skull","Regal Pillow","Flame Barrier","Apotheosis"],"campfire_rested":0,"item_purchase_floors":[12,12,12,19],"current_hp_per_floor":[78,67,67,73,73,79,80,80,80,61,56,56,56,56,56,29,67,58,58,24,25,0,0],"gold":155,"neow_bonus":"THREE_ENEMY_KILL","is_daily":false,"chose_seed":false,"campfire_upgraded":2,"win_rate":0.0,"timestamp":1608751586,"path_taken":["M","?","?","?","?","E","M","R","T","?","M","$","?","?","R","BOSS","M","$","M","M","M"],"items_purchased_type":["Relic","Relic","Card","Card"],"build_version":"2020-12-22","purchased_purges":0,"victory":false,"max_hp_per_floor":[80,80,80,80,80,80,80,80,80,80,80,80,80,80,80,80,80,80,80,80,80,80,80],"card_choices":[{"not_picked":["Whirlwind","Headbutt"],"picked":"Flex","floor":1},{"not_picked":["Shrug It Off","Bloodletting","Hemokinesis"],"picked":"SKIP","floor":4},{"not_picked":["Dual Wield","Uppercut"],"picked":"Flex","floor":6},{"not_picked":["Armaments","Thunderclap"],"picked":"Perfected Strike","floor":7},{"not_picked":["Havoc","Anger"],"picked":"Flex","floor":10},{"not_picked":["Shockwave","Body Slam"],"picked":"Disarm","floor":11},{"not_picked":["Juggernaut","Impervious"],"picked":"Immolate","floor":16},{"not_picked":["Flex","Body Slam","Thunderclap"],"picked":"Armaments","floor":18},{"not_picked":["Combust","Clothesline","Flex","Battle Trance"],"picked":"SKIP","floor":20},{"not_picked":["Warcry","Pummel","Feel No Pain"],"picked":"Headbutt+1","floor":21}],"player_experience":676712,"relics_obtained":[{"floor":6,"key":"Old Coin"},{"floor":9,"key":"Unceasing Top"},{"floor":17,"key":"Art of War"},{"floor":17,"key":"Question Card"},{"floor":17,"key":"Ginger"}],"event_choices":[{"damage_healed":0,"gold_gain":75,"player_choice":"Gather Gold","damage_taken":11,"max_hp_gain":0,"max_hp_loss":0,"event_name":"World of Goop","floor":2,"gold_loss":0},{"damage_healed":0,"gold_gain":0,"player_choice":"Upgraded","damage_taken":0,"max_hp_gain":0,"max_hp_loss":0,"event_name":"Upgrade Shrine","floor":3,"gold_loss":0,"cards_upgraded":["Flex"]},{"damage_healed":0,"gold_gain":0,"player_choice":"0 cards matched","damage_taken":0,"max_hp_gain":0,"max_hp_loss":0,"event_name":"Match and Keep!","floor":5,"gold_loss":0,"cards_obtained":[]},{"damage_healed":0,"gold_gain":0,"player_choice":"Grow","damage_taken":0,"max_hp_gain":0,"max_hp_loss":0,"event_name":"Living Wall","floor":13,"gold_loss":0,"cards_upgraded":["Disarm"]},{"cards_removed":["Defend_R"],"damage_healed":0,"gold_gain":0,"player_choice":"Purged","damage_taken":0,"max_hp_gain":0,"max_hp_loss":0,"event_name":"Purifier","floor":14,"gold_loss":0}],"is_beta":false,"boss_relics":[{"not_picked":["Pandora\u0027s Box","Empty Cage"],"picked":"Calling Bell"}],"items_purged_floors":[],"is_endless":false,"potions_floor_spawned":[4,10,11,20],"killed_by":"Snake Plant","ascension_level":12}}