{"host":"fhwr1fuluf6086fh","time":1608748950,"event":{"mods":["2.2 Compatiblity","Act Like it!","BaseMod","Elementarium","Hermit","Minty Spire (QoL Compilation)","Robot Space Explorer","StSLib","The Blue Laboratory","The Dragon Tamer","The Factory","The Hierophant","TheLocksmith"],"gold_per_floor":[113,113,133,152,167,200,218,218,218,247,260,260,280,295,295,399,399,415,427,443,358,10,45,45,79,102,118,118,138,148,167,167,268,268,278,323,339,339,357,357,367,7,7,7,24,55,55,0,0,0],"floor_reached":51,"playtime":9156,"items_purged":["Strike_P"],"score":760,"play_id":"5df7f170-5ca1-49f8-b29f-061a2bbd4b56","local_time":"20201223134230","is_ascension_mode":false,"campfire_choices":[{"data":"Eruption","floor":8,"key":"SMITH"},{"floor":12,"key":"REST"},{"data":"TalkToTheHand","floor":15,"key":"SMITH"},{"floor":24,"key":"REST"},{"floor":32,"key":"REST"},{"data":"Vigilance","floor":40,"key":"SMITH"},{"data":"Panache","floor":44,"key":"SMITH"},{"floor":47,"key":"REST"},{"data":"Crescendo","floor":49,"key":"SMITH"}],"circlet_count":0,"master_deck":["Strike_P+1","Defend_P+1","Defend_P+1","Defend_P+1","Defend_P+1","Eruption+1","Vigilance+1","Adaptation+1","TalkToTheHand+1","BattleHymn+1","EmptyFist+1","Crescendo+1","LessonLearned+1","JustLucky+1","Adaptation","Consecrate+1","Judgement+1","LikeWater+1","FlurryOfBlows+1","Crescendo+1","EmptyFist+1","Forethought+1","Wallop+1","EmptyBody+1","Halt+1","Fasting2","FearNoEvil+1","Sanctity+1","Consecrate+1","Crescendo+1","Ragnarok+1","Consecrate+1","FlurryOfBlows+1","JustLucky+1","Halt+1","Consecrate+1","FlurryOfBlows+1","Panache+1","Impatience","Halt+1","Wallop+1","FlurryOfBlows+1"],"relics":["PureWater","Bottled Lightning","Ginger","Molten Egg 2","VioletLotus","Bird Faced Urn","Oddly Smooth Stone","Juzu Bracelet","InkBottle","Whetstone","Sozu","Ice Cream","Mummified Hand","Omamori","Red Mask"],"acts_visited":["Exordium","TheCity","TheBeyond"],"potions_floor_usage":[16,19,25,29,29,33,33,35,45],"damage_taken":[{"damage":0,"enemies":"2 Louse","floor":1,"turns":2},{"damage":0,"enemies":"Cultist","floor":3,"turns":3},{"damage":2,"enemies":"Jaw Worm","floor":4,"turns":3},{"damage":2,"enemies":"2 Fungi Beasts","floor":5,"turns":4},{"damage":35,"enemies":"3 Sentries","floor":6,"turns":11},{"damage":0,"enemies":"Looter","floor":7,"turns":3},{"damage":12,"enemies":"Gremlin Nob","floor":10,"turns":3},{"damage":3,"enemies":"Large Slime","floor":11,"turns":4},{"damage":4,"enemies":"Exordium Thugs","floor":13,"turns":3},{"damage":0,"enemies":"3 Louse","floor":14,"turns":2},{"damage":21,"enemies":"The Guardian","floor":16,"turns":9},{"damage":0,"enemies":"Chosen","floor":18,"turns":5},{"damage":8,"enemies":"3 Byrds","floor":19,"turns":4},{"damage":21,"enemies":"Snake Plant","floor":20,"turns":3},{"damage":56,"enemies":"Gremlin Leader","floor":23,"turns":8},{"damage":3,"enemies":"Book of Stabbing","floor":25,"turns":5},{"damage":0,"enemies":"Centurion and Healer","floor":27,"turns":4},{"damage":16,"enemies":"Snecko","floor":29,"turns":6},{"damage":19,"enemies":"Cultist and Chosen","floor":30,"turns":6},{"damage":1,"enemies":"Centurion and Healer","floor":31,"turns":5},{"damage":4,"enemies":"Collector","floor":33,"turns":6},{"damage":4,"enemies":"3 Shapes","floor":35,"turns":6},{"damage":11,"enemies":"2 Orb Walkers","floor":36,"turns":4},{"damage":9,"enemies":"3 Darklings","floor":37,"turns":3},{"damage":4,"enemies":"Jaw Worm Horde","floor":39,"turns":4},{"damage":9,"enemies":"Maw","floor":41,"turns":6},{"damage":15,"enemies":"Writhing Mass","floor":45,"turns":3},{"damage":10,"enemies":"Reptomancer","floor":46,"turns":4},{"damage":11,"enemies":"Awakened One","floor":50,"turns":5}],"seed_played":"-4065753004830570003","potions_obtained":[{"floor":1,"key":"blueLaboratory:FaithlessPotion"},{"floor":10,"key":"blueLaboratory:Moonshine"},{"floor":11,"key":"blueLaboratory:PressurePotion"},{"floor":16,"key":"Energy Potion"},{"floor":20,"key":"blueLaboratory:EpiphanyPotion"},{"floor":29,"key":"blueLaboratory:LouseDecoction"},{"floor":30,"key":"CultistPotion"},{"floor":31,"key":"Fire Potion"},{"floor":33,"key":"blueLaboratory:FrostheartPotion"}],"is_trial":false,"path_per_floor":["M","?","M","M","M","E","M","R","T","E","M","R","M","M","R","B",null,"M","M","M","?","$","E","R","E","T","M","?","M","M","M","R","B",null,"M","?","M","?","M","R","M","$","T","R","M","E","R","?","R","B",null],"character_chosen":"WATCHER","items_purchased":["EmptyFist+1","Oddly Smooth Stone","Forethought","FlurryOfBlows+1","Panache","Impatience","Halt"],"campfire_rested":4,"item_purchase_floors":[22,22,22,42,42,42,42],"current_hp_per_floor":[79,79,79,77,75,40,40,40,40,28,25,48,44,44,44,23,79,79,71,50,50,50,2,25,28,28,32,32,20,9,12,35,39,79,79,74,69,69,65,65,64,64,64,64,57,53,76,76,76,77],"gold":0,"neow_bonus":"TEN_PERCENT_HP_BONUS","is_daily":false,"chose_seed":false,"campfire_upgraded":5,"win_rate":0.0,"timestamp":1608748950,"path_taken":["M","?","M","M","M","E","M","R","T","E","M","R","M","?","R","BOSS","M","M","M","?","$","E","R","E","T","M","?","M","M","M","R","BOSS","M","?","M","?","M","R","M","$","T","R","M","E","R","?","R","BOSS"],"items_purchased_type":["Card","Relic","Card","Card","Card","Card","Card"],"build_version":"2020-12-22","purchased_purges":1,"victory":true,"max_hp_per_floor":[79,79,79,79,79,79,79,79,79,79,79,79,79,79,79,79,79,79,79,79,79,79,79,79,79,79,79,79,79,79,79,79,79,79,79,79,79,79,79,79,79,79,79,79,79,79,79,79,79,79],"card_choices":[{"not_picked":["Conclude","SashWhip"],"picked":"Adaptation","floor":1},{"not_picked":["ThirdEye","Pray"],"picked":"TalkToTheHand","floor":3},{"not_picked":["EmptyBody","Adaptation"],"picked":"BattleHymn","floor":4},{"not_picked":["BowlingBash","CrushJoints"],"picked":"Evaluate","floor":5},{"not_picked":["CarveReality","ThirdEye"],"picked":"EmptyFist","floor":6},{"not_picked":["Swivel","Fasting2"],"picked":"Crescendo","floor":7},{"not_picked":["JustLucky+1","Nirvana"],"picked":"LessonLearned+1","floor":10},{"not_picked":["Conclude+1","Protect"],"picked":"JustLucky+1","floor":11},{"not_picked":["Meditate","FlyingSleeves+1"],"picked":"Adaptation","floor":13},{"not_picked":["SignatureMove+1","Tantrum+1"],"picked":"Consecrate+1","floor":14},{"not_picked":["Scrawl","ConjureBlade"],"picked":"Judgement","floor":16},{"not_picked":["EmptyFist+1","ThirdEye"],"picked":"LikeWater","floor":18},{"not_picked":["Wallop+1","ReachHeaven+1"],"picked":"FlurryOfBlows+1","floor":19},{"not_picked":["FlyingSleeves+1","ThirdEye+1"],"picked":"Crescendo","floor":20},{"not_picked":["Conclude+1","CutThroughFate+1"],"picked":"Wallop+1","floor":23},{"not_picked":["Evaluate+1","PathToVictory+1"],"picked":"EmptyBody","floor":25},{"not_picked":["Fasting2","ClearTheMind"],"picked":"Halt+1","floor":27},{"not_picked":["Adaptation","BattleHymn"],"picked":"Sanctity+1","floor":29},{"not_picked":["Wallop+1","CarveReality+1"],"picked":"Consecrate+1","floor":30},{"not_picked":["CarveReality+1","MasterReality"],"picked":"Crescendo+1","floor":31},{"not_picked":["Omniscience","ConjureBlade"],"picked":"Ragnarok+1","floor":33},{"not_picked":["Evaluate+1","Fasting2"],"picked":"Consecrate+1","floor":35},{"not_picked":["Pray","FollowUp+1"],"picked":"FlurryOfBlows+1","floor":36},{"not_picked":["PathToVictory","Vengeance"],"picked":"JustLucky+1","floor":37},{"not_picked":["ThirdEye","EmptyBody+1"],"picked":"Halt+1","floor":39},{"not_picked":["PathToVictory","LessonLearned+1"],"picked":"Consecrate+1","floor":41},{"not_picked":["CutThroughFate+1","JustLucky+1"],"picked":"Wallop+1","floor":45},{"not_picked":["Halt","Consecrate+1"],"picked":"FlurryOfBlows+1","floor":46}],"player_experience":783847,"relics_obtained":[{"floor":6,"key":"Bottled Lightning"},{"floor":9,"key":"Ginger"},{"floor":10,"key":"Molten Egg 2"},{"floor":23,"key":"Juzu Bracelet"},{"floor":25,"key":"InkBottle"},{"floor":26,"key":"Whetstone"},{"floor":36,"key":"Ice Cream"},{"floor":43,"key":"Mummified Hand"},{"floor":46,"key":"Omamori"}],"event_choices":[{"damage_healed":0,"gold_gain":0,"player_choice":"Bought 0 Potions","damage_taken":0,"max_hp_gain":0,"max_hp_loss":0,"event_name":"The Woman in Blue","floor":2,"gold_loss":0},{"damage_healed":0,"gold_gain":0,"player_choice":"Obtained Relic","damage_taken":0,"relics_obtained":["Bird Faced Urn"],"max_hp_gain":0,"max_hp_loss":0,"event_name":"Addict","floor":21,"gold_loss":85},{"damage_healed":0,"gold_gain":0,"cards_transformed":["Strike_P","Strike_P"],"player_choice":"Became Test Subject","damage_taken":0,"max_hp_gain":0,"max_hp_loss":0,"event_name":"Drug Dealer","floor":28,"gold_loss":0,"cards_obtained":["Fasting2","FearNoEvil"]},{"damage_healed":0,"gold_gain":0,"player_choice":"Fight","damage_taken":0,"max_hp_gain":0,"max_hp_loss":0,"event_name":"Mysterious Sphere","floor":36,"gold_loss":0},{"cards_removed":["Evaluate"],"damage_healed":0,"gold_gain":0,"player_choice":"Removed Skill","damage_taken":0,"max_hp_gain":0,"max_hp_loss":0,"event_name":"Falling","floor":38,"gold_loss":0},{"damage_healed":0,"gold_gain":0,"player_choice":"Paid","damage_taken":0,"relics_obtained":["Red Mask"],"max_hp_gain":0,"max_hp_loss":0,"event_name":"Tomb of Lord Red Mask","floor":48,"gold_loss":55}],"is_beta":false,"boss_relics":[{"not_picked":["Runic Dome","Calling Bell"],"picked":"VioletLotus"},{"not_picked":["Runic Pyramid","Pandora\u0027s Box"],"picked":"Sozu"}],"items_purged_floors":[22],"is_endless":false,"potions_floor_spawned":[1,10,11,16,20,29,30,31,33,35,36,45,46],"ascension_level":0}}