{"host":"vfg9szunmpjwj08o","time":1608760439,"event":{"mods":["Act Like it!","BaseMod","Challenge The Spire","Colored Map","Colored Powertips","Minty Spire (QoL Compilation)","StSLib","Waifu the Spire"],"gold_per_floor":[110,123,143,143,157,182,200,200,246,246,6,6,81,81,81,179,179,192,82,95,115,115,115],"floor_reached":22,"playtime":785,"items_purged":["Strike_B"],"score":509,"play_id":"10800c50-88e3-453a-b2a5-30ab12d0b312","local_time":"20201223225359","is_ascension_mode":true,"campfire_choices":[{"data":"Zap","floor":8,"key":"SMITH"},{"data":"Dualcast","floor":10,"key":"SMITH"},{"data":"Chaos","floor":12,"key":"SMITH"},{"floor":15,"key":"REST"}],"circlet_count":0,"master_deck":["AscendersBane","Strike_B","Strike_B","Defend_B","Defend_B","Defend_B","Defend_B","Zap+1","Dualcast+1","Compile Driver","FTL","Chaos+1","All For One","Fusion","Chaos","Electrodynamics","Go for the Eyes+1"],"relics":["Cracked Core","Bird Faced Urn","Regal Pillow","Nunchaku","Happy Flower","Golden Idol","Sozu"],"acts_visited":["Exordium","TheCity"],"potions_floor_usage":[6,6,16],"damage_taken":[{"damage":2,"enemies":"Jaw Worm","floor":1,"turns":4},{"damage":1,"enemies":"Small Slimes","floor":2,"turns":4},{"damage":1,"enemies":"Cultist","floor":3,"turns":3},{"damage":8,"enemies":"Looter","floor":5,"turns":3},{"damage":0,"enemies":"Lagavulin","floor":6,"turns":4},{"damage":21,"enemies":"Lots of Slimes","floor":7,"turns":4},{"damage":0,"enemies":"Slime Boss","floor":16,"turns":6},{"damage":11,"enemies":"Spheric Guardian","floor":18,"turns":3},{"damage":28,"enemies":"Chosen","floor":20,"turns":5},{"damage":15,"enemies":"Centurion and Healer","floor":21,"turns":5},{"damage":13,"enemies":"Cultist and Chosen","floor":22,"turns":3}],"seed_played":"-5785045576514061619","potions_obtained":[{"floor":2,"key":"EssenceOfDarkness"},{"floor":3,"key":"FocusPotion"},{"floor":6,"key":"DistilledChaos"}],"is_trial":false,"path_per_floor":["M","M","M","?","M","E","M","R","T","R","$","R","?","?","R","B",null,"M","?","M","M","M"],"character_chosen":"DEFECT","items_purchased":["Happy Flower"],"campfire_rested":1,"item_purchase_floors":[11],"current_hp_per_floor":[44,43,42,42,34,34,13,13,13,13,13,13,2,2,36,36,57,48,48,22,9,0,0],"gold":115,"neow_bonus":"ONE_RARE_RELIC","is_daily":false,"chose_seed":false,"campfire_upgraded":3,"win_rate":0.0,"timestamp":1608760439,"path_taken":["M","M","M","?","M","E","M","R","T","R","$","R","?","?","R","BOSS","M","?","M","M","M"],"items_purchased_type":["Relic"],"build_version":"2020-12-22","purchased_purges":1,"victory":false,"max_hp_per_floor":[71,71,71,71,71,71,71,71,71,71,71,71,71,64,64,64,64,64,64,64,64,64,64],"card_choices":[{"not_picked":["Redo","Beam Cell"],"picked":"Compile Driver","floor":1},{"not_picked":["Redo","Streamline"],"picked":"FTL","floor":2},{"not_picked":["Hologram","Double Energy"],"picked":"Chaos","floor":3},{"not_picked":["Cold Snap","Ball Lightning"],"picked":"All For One","floor":5},{"not_picked":["Hologram","Double Energy"],"picked":"Fusion","floor":6},{"not_picked":["Beam Cell","Coolheaded"],"picked":"Chaos","floor":7},{"not_picked":["Core Surge","Seek"],"picked":"Electrodynamics","floor":16},{"not_picked":["Steam","Cold Snap"],"picked":"Go for the Eyes","floor":18},{"not_picked":["Stack","Conserve Battery","Go for the Eyes"],"picked":"SKIP","floor":20},{"not_picked":["Stack","Cold Snap","Melter"],"picked":"SKIP","floor":21}],"player_experience":1007064,"relics_obtained":[{"floor":6,"key":"Regal Pillow"},{"floor":9,"key":"Nunchaku"}],"event_choices":[{"damage_healed":0,"gold_gain":0,"player_choice":"Ignored","damage_taken":0,"max_hp_gain":0,"max_hp_loss":0,"event_name":"Liars Game","floor":4,"gold_loss":0},{"damage_healed":0,"gold_gain":75,"player_choice":"Gather Gold","damage_taken":11,"max_hp_gain":0,"max_hp_loss":0,"event_name":"World of Goop","floor":13,"gold_loss":0},{"damage_healed":0,"gold_gain":0,"player_choice":"Lose Max HP","damage_taken":0,"relics_obtained":["Golden Idol"],"max_hp_gain":0,"max_hp_loss":7,"event_name":"Golden Idol","floor":14,"gold_loss":0},{"cards_removed":["Strike_B"],"damage_healed":0,"gold_gain":0,"player_choice":"Upgrade and Remove","damage_taken":0,"max_hp_gain":0,"max_hp_loss":0,"event_name":"Designer","floor":19,"gold_loss":110,"cards_upgraded":["Go for the Eyes"]}],"is_beta":false,"boss_relics":[{"not_picked":["Nuclear Battery","Busted Crown"],"picked":"Sozu"}],"items_purged_floors":[11],"is_endless":false,"potions_floor_spawned":[2,3,6,18],"killed_by":"Cultist and Chosen","ascension_level":19}}