{"host":"4a6fro0of1ie0h2w","time":1608744299,"event":{"mods":["Aspiration","BaseMod","CCEM","Colored Map","Conspire","Downfall","GifTheSpireLib","Halation","Highlight Path","Hubris","Infinite Spire","Marisa????????","Minty Spire (QoL Compilation)","Permanent Neow","Replay The Spire","StSLib","Stuff the Spire","The Servant 0.9.4"],"gold_per_floor":[99,109,123,143,53,86,86,121,121,150,150,170,170,187,207,308,408,333,343,361,197,210,237,237,237,263,263,263,263,263],"floor_reached":28,"playtime":1456,"items_purged":["champ:Defend"],"score":292,"play_id":"599b575a-8f68-4091-a49e-aafb34945a2a","local_time":"20201223192459","is_ascension_mode":true,"campfire_choices":[{"data":"champ:Taunt","floor":1,"key":"SMITH"},{"data":"champ:SwordSigil","floor":11,"key":"SMITH"},{"data":"champ:Improvising","floor":18,"key":"SMITH"},{"floor":25,"key":"RECALL"}],"circlet_count":0,"master_deck":["champ:Strike","champ:Strike","champ:Strike","champ:Strike","champ:Defend","champ:Defend","champ:Defend","champ:Execute","champ:Taunt+1","Replay:SS_fish_2","champ:Haymaker","champ:GladiatorStyle","champ:Duel","champ:ViciousMockery","champ:RapidStrikes","champ:SwordSigil+1","champ:Aggression","champ:RageSigil","champ:Haymaker","champ:ShieldSigil","champ:Improvising+1","champ:BladeFlurry","champ:BladeFlurry+1","champ:RageSigil","champ:RageSigil+1","champ:PreciseThrust"],"relics":["champ:ChampionCrown","Pondfish Scales","conspire:DecoderRing","Ornamental Fan","champ:LiftRelic","Replay:Wanted Poster","downfall:HeartBlessingBlue","StuffTheSpire:BottledEssence","hubris:SlimyHat","StuffTheSpire:RubySignet","Vajra"],"acts_visited":["Exordium","TheCity"],"potions_floor_usage":[15,16,22],"damage_taken":[{"damage":15,"enemies":"Jaw Worm","floor":2,"turns":5},{"damage":10,"enemies":"Cultist","floor":3,"turns":5},{"damage":12,"enemies":"2 Louse","floor":4,"turns":4},{"damage":5,"enemies":"downfall:FleeingMerchant","floor":5,"turns":4},{"damage":10,"enemies":"Lagavulin","floor":6,"turns":5},{"damage":31,"enemies":"3 Sentries","floor":8,"turns":8},{"damage":13,"enemies":"Lagavulin","floor":10,"turns":5},{"damage":0,"enemies":"Blue Slaver","floor":12,"turns":2},{"damage":6,"enemies":"Exordium Wildlife","floor":14,"turns":4},{"damage":9,"enemies":"Large Slime","floor":15,"turns":4},{"damage":8,"enemies":"downfall:Watcher","floor":16,"turns":4},{"damage":0,"enemies":"Shell Parasite","floor":19,"turns":3},{"damage":4,"enemies":"Chosen","floor":20,"turns":4},{"damage":0,"enemies":"downfall:FleeingMerchant","floor":21,"turns":4},{"damage":23,"enemies":"Shelled Parasite and Fungi","floor":22,"turns":5},{"damage":42,"enemies":"Slavers","floor":23,"turns":5},{"damage":25,"enemies":"Gremlin Leader","floor":26,"turns":4},{"damage":24,"enemies":"conspire:SneckoGhost","floor":28,"turns":6}],"seed_played":"7022811002188344092","potions_obtained":[{"floor":8,"key":"SkillPotion"},{"floor":9,"key":"Reflective Coating"},{"floor":9,"key":"SpeedPotion"},{"floor":15,"key":"champ:CounterPotion"},{"floor":16,"key":"AttackPotion"},{"floor":22,"key":"Reflective Coating"}],"is_trial":false,"path_per_floor":["R","M","M","M","$","E","T","E","?","E","R","M","?","M","M","B",null,"R_BF","M","M","$","M","E","T","R","E","?","E"],"character_chosen":"THE_CHAMP","items_purchased":["StuffTheSpire:BottledEssence"],"campfire_rested":0,"item_purchase_floors":[21],"current_hp_per_floor":[90,90,81,77,77,67,67,49,49,36,36,36,36,30,29,21,90,100,100,96,96,73,31,31,31,17,12,0,0,0],"gold":263,"neow_bonus":"RANDOM_COLORLESS","is_daily":false,"chose_seed":false,"campfire_upgraded":3,"win_rate":0.0,"timestamp":1608744299,"path_taken":["R","M","M","M","$","E","T","E","?","E","R","?","?","M","M","BOSS","R_BF","M","M","$","M","E","T","R","E","?","E"],"items_purchased_type":["Relic"],"build_version":"2020-12-22","purchased_purges":1,"victory":false,"max_hp_per_floor":[90,90,90,90,90,90,90,90,90,90,90,90,90,90,90,90,90,100,100,100,100,100,100,100,100,100,100,100,100,100],"card_choices":[{"not_picked":["Replay:Sssssssssshield","expansioncontent:PrepareCrush"],"picked":"Replay:SS_fish_2","floor":0},{"not_picked":["champ:PerfectedStrike","champ:Aggression"],"picked":"champ:Haymaker","floor":2},{"not_picked":["champ:FocusedDefense","champ:FocusedGladiator"],"picked":"champ:GladiatorStyle","floor":3},{"not_picked":["champ:FlashCut","champ:BringItOn"],"picked":"champ:Duel","floor":4},{"not_picked":["champ:StanceDance","champ:Lariat"],"picked":"champ:ViciousMockery","floor":5},{"not_picked":["champ:TornadoPunch","champ:IgnorePain"],"picked":"champ:RapidStrikes","floor":6},{"not_picked":["champ:Riposte","champ:FalseCounter"],"picked":"champ:SwordSigil","floor":8},{"not_picked":["champ:AdrenalArmor","champ:BerserkersShout"],"picked":"champ:Aggression","floor":10},{"not_picked":["champ:BerserkersShout","champ:AdrenalArmor"],"picked":"champ:RageSigil","floor":12},{"not_picked":["champ:PerfectedStrike","champ:AdrenalArmor"],"picked":"champ:Haymaker","floor":14},{"not_picked":["champ:FocusedBerserking","champ:RageSigil"],"picked":"champ:ShieldSigil","floor":15},{"not_picked":["champ:Devastate","champ:LastStand"],"picked":"champ:Improvising","floor":16},{"not_picked":["champ:Backstep+1","champ:ShieldSigil+1"],"picked":"champ:BladeFlurry","floor":19},{"not_picked":["champ:AdrenalArmor+1","champ:Circumvent"],"picked":"champ:BladeFlurry+1","floor":20},{"not_picked":["champ:FanOfKnives","champ:ShieldThrow"],"picked":"champ:RageSigil","floor":21},{"not_picked":["champ:Circumvent","champ:StanceDance"],"picked":"champ:RageSigil+1","floor":22},{"not_picked":["champ:Encircle","champ:FightOn","champ:PerfectForm"],"picked":"SKIP","floor":23},{"not_picked":["champ:RageSigil","champ:ShieldThrow"],"picked":"champ:PreciseThrust","floor":26}],"player_experience":212534,"relics_obtained":[{"floor":6,"key":"Pondfish Scales"},{"floor":8,"key":"conspire:DecoderRing"},{"floor":10,"key":"Ornamental Fan"},{"floor":23,"key":"hubris:SlimyHat"},{"floor":24,"key":"StuffTheSpire:RubySignet"},{"floor":26,"key":"Vajra"}],"event_choices":[{"damage_healed":0,"gold_gain":0,"player_choice":"Got Potions","damage_taken":0,"max_hp_gain":0,"max_hp_loss":0,"event_name":"Lab","floor":9,"gold_loss":0}],"is_beta":false,"boss_relics":[{"not_picked":["Runic Dome","halation:MonkeysPaw"],"picked":"Replay:Wanted Poster"}],"items_purged_floors":[5],"is_endless":false,"potions_floor_spawned":[8,10,14,15,16,20,22,26],"killed_by":"conspire:SneckoGhost","ascension_level":1}}