{"host":"y76x98twjnyyxs83","time":1608761975,"event":{"mods":["BaseMod","Colored Powertips","Minty Spire (QoL Compilation)","Permanent Neow","Quick Restart","Rare Cards Sparkle","Relic Stats","StSLib"],"gold_per_floor":[116,116,126,138,158,187,199,244,311,333,375,413,455,486,498,588,600,623,663,675,19,19,19,37,37,37],"floor_reached":25,"playtime":1035,"items_purged":["Strike_P"],"score":442,"play_id":"0bc92f35-5b64-4aba-8a15-a76ded1c4864","local_time":"20201224061935","is_ascension_mode":true,"campfire_choices":[{"data":"TalkToTheHand","floor":15,"key":"SMITH"},{"data":"Pray","floor":23,"key":"SMITH"}],"circlet_count":0,"master_deck":["AscendersBane","Strike_P","Strike_P","Defend_P+1","Defend_P","Defend_P+1","Defend_P","Eruption","Vigilance","FlurryOfBlows+1","ReachHeaven","TalkToTheHand+1","SignatureMove","DevaForm","InnerPeace","EmptyFist","Ragnarok","Pray","Tantrum+1","Wallop","MentalFortress","DevaForm","Pray+1","Evaluate"],"relics":["Coffee Dripper","MawBank","Meat on the Bone","War Paint","Juzu Bracelet","Bag of Preparation","Philosopher\u0027s Stone","Red Mask","Enchiridion","Orrery","CloakClasp"],"acts_visited":["Exordium","TheCity"],"potions_floor_usage":[16,18,19],"damage_taken":[{"damage":7.0,"enemies":"Small Slimes","floor":1.0,"turns":4.0},{"damage":2.0,"enemies":"Cultist","floor":3.0,"turns":3.0},{"damage":11.0,"enemies":"2 Louse","floor":4.0,"turns":2.0},{"damage":2.0,"enemies":"Blue Slaver","floor":5.0,"turns":3.0},{"damage":7.0,"enemies":"3 Sentries","floor":6.0,"turns":5.0},{"damage":16.0,"enemies":"Gremlin Nob","floor":8.0,"turns":3.0},{"damage":7.0,"enemies":"Looter","floor":10.0,"turns":3.0},{"damage":8.0,"enemies":"3 Sentries","floor":13.0,"turns":6.0},{"damage":7,"enemies":"3 Louse","floor":14,"turns":3},{"damage":22,"enemies":"The Guardian","floor":16,"turns":14},{"damage":28,"enemies":"3 Byrds","floor":18,"turns":5},{"damage":16,"enemies":"Masked Bandits","floor":19,"turns":3},{"damage":0,"enemies":"Chosen","floor":24,"turns":3},{"damage":26,"enemies":"Snecko","floor":25,"turns":4}],"seed_played":"-7080790138896533583","potions_obtained":[{"floor":3.0,"key":"GamblersBrew"},{"floor":4.0,"key":"Dexterity Potion"},{"floor":14,"key":"SkillPotion"},{"floor":16,"key":"BottledMiracle"},{"floor":18,"key":"SkillPotion"}],"is_trial":false,"path_per_floor":["M","?","M","M","M","E","?","E","T","M","?","T","E","M","R","B",null,"M","?","?","$","?","R","M","M"],"character_chosen":"WATCHER","items_purchased":["Orrery","CloakClasp","Pray"],"campfire_rested":0,"item_purchase_floors":[21,21,21],"current_hp_per_floor":[54,54,52,41,39,32,25,9,9,14,14,14,18,23,23,13,54,38,34,13,13,13,13,25,0,0],"gold":37,"neow_bonus":"BOSS_RELIC","is_daily":false,"chose_seed":false,"campfire_upgraded":2,"win_rate":0.0,"timestamp":1608761975,"path_taken":["M","?","?","M","M","E","?","E","T","M","?","?","E","M","R","BOSS","M","?","?","$","?","R","M","M"],"items_purchased_type":["Relic","Relic","Card"],"build_version":"2020-12-22","purchased_purges":1,"victory":false,"max_hp_per_floor":[68,68,68,68,68,68,68,68,68,68,68,68,68,68,68,68,68,68,68,68,68,68,68,68,68,68],"relic_stats":{"counters":[14,61],"Juzu Bracelet":0,"Bag of Preparation":[14],"CloakClasp":[16],"War Paint":["Defend_P","Defend_P"],"MawBank":180,"obtain_stats":[{"Enchiridion":20,"Orrery":21,"Philosopher\u0027s Stone":17,"Coffee Dripper":0,"Juzu Bracelet":11,"Bag of Preparation":12,"Red Mask":19,"CloakClasp":21,"PureWater":0,"War Paint":9,"MawBank":6,"Meat on the Bone":8},{"Enchiridion":12,"Orrery":12,"Philosopher\u0027s Stone":10,"Coffee Dripper":0,"Juzu Bracelet":7,"Bag of Preparation":7,"Red Mask":12,"CloakClasp":12,"PureWater":0,"War Paint":6,"MawBank":5,"Meat on the Bone":6},{"Enchiridion":54,"Orrery":54,"Philosopher\u0027s Stone":46,"Coffee Dripper":0,"Juzu Bracelet":23,"Bag of Preparation":23,"Red Mask":54,"CloakClasp":54,"PureWater":0,"War Paint":20,"MawBank":17,"Meat on the Bone":20}],"Meat on the Bone":84},"card_choices":[{"not_picked":["JustLucky","Consecrate"],"picked":"FlurryOfBlows","floor":1.0},{"not_picked":["FollowUp","SashWhip"],"picked":"ReachHeaven","floor":3.0},{"not_picked":["Wireheading","Fasting2"],"picked":"TalkToTheHand","floor":4.0},{"not_picked":["Sanctity","FlyingSleeves"],"picked":"SignatureMove","floor":5.0},{"not_picked":["Vengeance","Scrawl"],"picked":"DevaForm","floor":6.0},{"not_picked":["FlyingSleeves","Judgement"],"picked":"InnerPeace","floor":8.0},{"not_picked":["FlyingSleeves","Prostrate"],"picked":"EmptyFist","floor":10.0},{"not_picked":["JustLucky","WindmillStrike","EmptyFist"],"picked":"SKIP","floor":13},{"not_picked":["Evaluate","InnerPeace","WreathOfFlame"],"picked":"SKIP","floor":14},{"not_picked":["DeusExMachina","Brilliance"],"picked":"Ragnarok","floor":16},{"not_picked":["FlyingSleeves","FollowUp"],"picked":"Pray","floor":18},{"not_picked":["Crescendo","BattleHymn"],"picked":"Tantrum+1","floor":21},{"not_picked":["FlurryOfBlows","PathToVictory"],"picked":"Wallop","floor":21},{"not_picked":["Protect","JustLucky"],"picked":"MentalFortress","floor":21},{"not_picked":["FollowUp","EmptyFist"],"picked":"DevaForm","floor":21},{"not_picked":["ThirdEye","ClearTheMind"],"picked":"Evaluate","floor":24}],"player_experience":1110981,"relics_obtained":[{"floor":6.0,"key":"MawBank"},{"floor":8.0,"key":"Meat on the Bone"},{"floor":9.0,"key":"War Paint"},{"floor":12.0,"key":"Bag of Preparation"},{"floor":19,"key":"Red Mask"},{"floor":20,"key":"Enchiridion"}],"event_choices":[{"damage_healed":0.0,"max_hp_gain":0.0,"max_hp_loss":0.0,"gold_gain":0.0,"event_name":"Upgrade Shrine","player_choice":"Upgraded","floor":2.0,"gold_loss":0.0,"damage_taken":0.0,"cards_upgraded":["FlurryOfBlows"]},{"cards_removed":["Strike_P"],"damage_healed":0.0,"max_hp_gain":0.0,"max_hp_loss":0.0,"gold_gain":0.0,"event_name":"Golden Wing","player_choice":"Card Removal","floor":7.0,"gold_loss":0.0,"damage_taken":7.0},{"damage_healed":0.0,"max_hp_gain":0.0,"max_hp_loss":0.0,"gold_gain":30.0,"event_name":"Dead Adventurer","player_choice":"Searched \u00272\u0027 times","floor":11.0,"gold_loss":0.0,"damage_taken":0.0,"relics_obtained":["Juzu Bracelet"]},{"damage_healed":0,"gold_gain":0,"player_choice":"Fought Bandits","damage_taken":0,"max_hp_gain":0,"max_hp_loss":0,"event_name":"Masked Bandits","floor":19,"gold_loss":0},{"damage_healed":0,"gold_gain":0,"player_choice":"Obtained Book","damage_taken":21,"max_hp_gain":0,"max_hp_loss":0,"event_name":"Cursed Tome","floor":20,"gold_loss":0},{"damage_healed":0,"gold_gain":0,"player_choice":"Ignored","damage_taken":0,"max_hp_gain":0,"max_hp_loss":0,"event_name":"Ghosts","floor":22,"gold_loss":0}],"is_beta":false,"boss_relics":[{"not_picked":["Ectoplasm","SacredBark"],"picked":"Philosopher\u0027s Stone"}],"items_purged_floors":[21],"is_endless":false,"potions_floor_spawned":[3,4,14,16,18],"killed_by":"Snecko","ascension_level":20}}