{"host":"8e68pzgs4bln6t6e","time":1608688892,"event":{"mods":["AchievementEnabler","Act Like it!","BaseMod","Better Note","BetterRewards","Colored Powertips","Googly Eyes","Hallownest","Hubris","Jorbs\u0027s Wanderer Trilogy","Marisa????????","Minty Spire (QoL Compilation)","Quick Restart","Rare Cards Sparkle","Replay The Spire","Shop Mod","StSLib","The Animator","The Bug Knight","The Cursed","The Disciple","The Hierophant","The Servant 0.9.4"],"gold_per_floor":[115,115,115,130,141,141,173,173,224,237,237,253,286,296,296,296,296],"floor_reached":16,"playtime":710,"items_purged":[],"score":112,"play_id":"03c42d98-cf52-4cf0-a8c6-7df535d34fb2","local_time":"20201223030132","is_ascension_mode":false,"campfire_choices":[{"data":"Acrobatics","floor":6,"key":"SMITH"},{"data":"Neutralize","floor":8,"key":"SMITH"},{"floor":15,"key":"REST"}],"circlet_count":0,"master_deck":["Strike_G","Strike_G","Strike_G","Strike_G","Strike_G","Defend_G","Defend_G","Defend_G","Defend_G","Defend_G","Survivor","Neutralize+1","Masterful Stab","Decay","Bane","Acrobatics+1","Poison Darts+1","Bane","Outmaneuver","Poisoned Stab"],"relics":["Ring of the Snake","NeowsBlessing","InkBottle","HollowMod:PaleOreRelic","Pear"],"acts_visited":["Exordium"],"potions_floor_usage":[7,13,16],"damage_taken":[{"damage":0,"enemies":"Small Slimes","floor":1,"turns":1},{"damage":0,"enemies":"Cultist","floor":4,"turns":1},{"damage":0,"enemies":"2 Louse","floor":5,"turns":1},{"damage":14,"enemies":"Gremlin Nob","floor":7,"turns":3},{"damage":4,"enemies":"2 Fungi Beasts","floor":10,"turns":3},{"damage":0,"enemies":"Blue Slaver","floor":12,"turns":4},{"damage":28,"enemies":"3 Sentries","floor":13,"turns":7},{"damage":0,"enemies":"Looter","floor":14,"turns":2},{"damage":63,"enemies":"Slime Boss","floor":16,"turns":8}],"seed_played":"-4552658689846573509","potions_obtained":[{"floor":1,"key":"Fire Potion"},{"floor":4,"key":"Reflective Coating"},{"floor":5,"key":"BlessingOfTheForge"}],"is_trial":false,"path_per_floor":["M","$","?","M","M","R","E","R","T","M","?","M","E","M","R","B"],"character_chosen":"THE_SILENT","items_purchased":[],"campfire_rested":1,"item_purchase_floors":[],"current_hp_per_floor":[70,70,70,70,70,70,56,56,56,52,52,52,34,34,58,0,0],"gold":296,"neow_bonus":"THREE_ENEMY_KILL","is_daily":false,"chose_seed":false,"campfire_upgraded":2,"win_rate":0.0,"timestamp":1608688892,"path_taken":["M","$","?","?","M","R","E","R","T","?","?","M","E","M","R","BOSS"],"items_purchased_type":[],"build_version":"2020-12-13","purchased_purges":0,"victory":false,"max_hp_per_floor":[70,70,70,70,70,70,70,70,70,70,70,70,80,80,80,80,80],"card_choices":[{"not_picked":["Backstab","Distraction"],"picked":"Masterful Stab","floor":1},{"not_picked":["ReplayTheSpireMod:Shiv Toss","ReplayTheSpireMod:Tripwire"],"picked":"Bane","floor":4},{"not_picked":["hubris:TrickCloak","ReplayTheSpireMod:Speed Training"],"picked":"Acrobatics","floor":5},{"not_picked":["Quick Slash","hubris:SlightOfHand","Backflip"],"picked":"SKIP","floor":7},{"not_picked":["Deflect","Masterful Stab"],"picked":"Poison Darts","floor":10},{"not_picked":["Endless Agony","Dash"],"picked":"Bane","floor":12},{"not_picked":["Deadly Poison","Cloak And Dagger"],"picked":"Outmaneuver","floor":13},{"not_picked":["ReplayTheSpireMod:Speed Training","Choke"],"picked":"Poisoned Stab","floor":14}],"player_experience":226860,"relics_obtained":[{"floor":7,"key":"InkBottle"},{"floor":9,"key":"HollowMod:PaleOreRelic"},{"floor":13,"key":"Pear"}],"event_choices":[{"damage_healed":0,"gold_gain":0,"player_choice":"Cursed","damage_taken":0,"max_hp_gain":0,"max_hp_loss":0,"event_name":"Wheel of Change","floor":3,"gold_loss":0,"cards_obtained":["Decay"]},{"damage_healed":0,"gold_gain":0,"player_choice":"Grow","damage_taken":0,"max_hp_gain":0,"max_hp_loss":0,"event_name":"Living Wall","floor":11,"gold_loss":0,"cards_upgraded":["Poison Darts"]}],"is_beta":false,"boss_relics":[],"items_purged_floors":[],"is_endless":false,"potions_floor_spawned":[1,4,5],"killed_by":"Slime Boss","ascension_level":0}}