{"host":"684z1xpuwaoqmmh1","time":1608726113,"event":{"mods":["BaseMod","Downfall","Hermit","Jorbs\u0027s Wanderer Trilogy","Marisa????????","Minty Spire (QoL Compilation)","StSLib","The Hierophant","The Mystic"],"gold_per_floor":[199,219,239,249,12,12,62,47,47,47,77,77,96,126,137,137,137,137],"floor_reached":16,"playtime":927,"items_purged":[],"score":250,"play_id":"0d22421d-8159-4730-8536-d35b7563aba9","local_time":"20201223142153","is_ascension_mode":true,"campfire_choices":[{"data":"champ:Taunt","floor":1,"key":"SMITH"},{"data":"champ:HoldFirm","floor":9,"key":"SMITH"}],"circlet_count":0,"master_deck":["AscendersBane","champ:Strike+1","champ:Strike+1","champ:Strike","champ:Strike","champ:Defend","champ:Defend+1","champ:Defend","champ:Defend","champ:Execute","champ:Taunt+1","champ:GladiatorsShout","champ:Circumvent","champ:RisingSlash","champ:TornadoPunch","champ:HoldFirm+1","champ:EndlessRage","champ:Encircle","champ:Balance","Regret","champ:ArenaPreparation","champ:BerserkerStyle"],"relics":["champ:ChampionCrown","Centennial Puzzle","Bag of Marbles","Darkstone Periapt"],"acts_visited":["Exordium"],"potions_floor_usage":[14,16,16],"damage_taken":[{"damage":9,"enemies":"Cultist","floor":2,"turns":3},{"damage":7,"enemies":"Jaw Worm","floor":3,"turns":4},{"damage":10,"enemies":"2 Louse","floor":4,"turns":3},{"damage":11,"enemies":"downfall:FleeingMerchant","floor":5,"turns":4},{"damage":20,"enemies":"downfall:FleeingMerchant","floor":8,"turns":4},{"damage":17,"enemies":"3 Sentries","floor":11,"turns":7},{"damage":14,"enemies":"Exordium Wildlife","floor":13,"turns":5},{"damage":43,"enemies":"Lagavulin","floor":14,"turns":7},{"damage":28,"enemies":"Large Slime","floor":15,"turns":5},{"damage":27,"enemies":"downfall:Ironclad","floor":16,"turns":5}],"seed_played":"3316296597713906065","potions_obtained":[{"floor":11,"key":"SkillPotion"},{"floor":13,"key":"LiquidMemories"},{"floor":15,"key":"BlessingOfTheForge"}],"is_trial":false,"path_per_floor":["R","M","M","M","$","?","T","$","R","?","E","?","M","E","M","B"],"character_chosen":"THE_CHAMP","items_purchased":["champ:HoldFirm","champ:EndlessRage","champ:Encircle"],"campfire_rested":0,"item_purchase_floors":[5,5,5],"current_hp_per_floor":[73,69,67,62,62,47,47,47,47,47,39,44,35,29,26,0,0,0],"gold":137,"neow_bonus":"HUNDRED_GOLD","is_daily":false,"chose_seed":false,"campfire_upgraded":2,"win_rate":0.0,"timestamp":1608726113,"path_taken":["R","M","M","M","$","?","T","?","R","?","E","?","?","E","M","BOSS"],"items_purchased_type":["Card","Card","Card"],"build_version":"2020-12-22","purchased_purges":0,"victory":false,"max_hp_per_floor":[81,81,81,81,81,81,81,81,81,81,81,86,86,86,86,86,86,86],"card_choices":[{"not_picked":["champ:RageSigil","champ:FightOn"],"picked":"champ:GladiatorsShout","floor":2},{"not_picked":["champ:BerserkersShout","champ:RageSigil"],"picked":"champ:Circumvent","floor":3},{"not_picked":["champ:CrookedStrike","champ:GladiatorsShout"],"picked":"champ:RisingSlash","floor":4},{"not_picked":["champ:BladeFlurry","champ:BringItOn"],"picked":"champ:TornadoPunch","floor":5},{"not_picked":["champ:RecklessLeap","champ:FightOn"],"picked":"champ:Balance","floor":8},{"not_picked":["champ:TornadoPunch","champ:SkillfulDodge","champ:ShieldSigil"],"picked":"SKIP","floor":11},{"not_picked":["champ:PerfectedStrike","champ:Backstep"],"picked":"champ:ArenaPreparation","floor":13},{"not_picked":["champ:BladeFlurry","champ:PerfectedStrike","champ:EnGarde"],"picked":"SKIP","floor":14},{"not_picked":["champ:EnragedBash","champ:DeathBlow"],"picked":"champ:BerserkerStyle","floor":15}],"player_experience":2377887,"relics_obtained":[{"floor":7,"key":"Centennial Puzzle"},{"floor":11,"key":"Bag of Marbles"},{"floor":14,"key":"Darkstone Periapt"}],"event_choices":[{"damage_healed":0,"gold_gain":0,"player_choice":"Donut","damage_taken":0,"max_hp_gain":5,"max_hp_loss":0,"event_name":"Big Fish","floor":12,"gold_loss":0}],"is_beta":false,"boss_relics":[],"items_purged_floors":[],"is_endless":false,"potions_floor_spawned":[11,13,14,15],"killed_by":"downfall:Ironclad","ascension_level":17}}