{"host":"hfvpa4llnnjpeawn","time":1608755953,"event":{"mods":["2.2 Compatiblity","AchievementEnabler","Act Like it!","Aspiration","Bard","BaseMod","Beaked The Cultist","Better Sensory Stone","Better Skull","Better Third Choice","BetterRewards","CapriCore","Conspire","Downfall","Elementarium","Energized Spire","Hubris","Infinite Spire","Jorbs\u0027s Wanderer Trilogy","Minty Spire (QoL Compilation)","Replay The Spire","Shade Mod","Spicy Shops","StSLib","The Bladedancer","The Factory","The Gatherer","The Jungle","Waifu the Spire","Wandering Minibosses"],"gold_per_floor":[114,165,340,354,371,383,383,395,395,410,424,424,424,436,436,534,534,552,552,11,11,27,27,27,27,27,27,53,73,107,126,126,226,226,246,246,259,276,295,295,295,311,337,356,356,356,356,371,371,371],"floor_reached":51,"playtime":2116,"items_purged":[],"score":533,"play_id":"7e951b3f-e987-4f3e-89ef-2fb6135efadf","local_time":"20201223153913","is_ascension_mode":false,"campfire_choices":[{"data":"Tantrum","floor":7.0,"key":"SMITH"},{"floor":13.0,"key":"REST"},{"floor":23.0,"key":"REST"},{"data":"Elementarium:EarthblessedBlade","floor":25.0,"key":"SMITH"},{"floor":32.0,"key":"REST"},{"floor":40,"key":"REST"},{"data":"DeusExMachina","floor":49,"key":"SMITH"}],"circlet_count":0,"master_deck":["Strike_P","Strike_P","Strike_P","Strike_P","Defend_P","Defend_P","Defend_P","Defend_P","Eruption","Vigilance","SandsOfTime","FollowUp+1","Tantrum+1","Conclude","ReplayTheSpireMod:Splinters","Elementarium:FireblessedBlade","Elementarium:WindblessedBlade","Elementarium:EarthblessedBlade+1","Elementarium:IceblessedBlade","Elementarium:VoidblessedBlade","Indignation","Replay:DivineShield","Tantrum+1","Consecrate+1","CommonCold","DeusExMachina+1","Protect","WheelKick+1","Parasite","conspire:Blindness"],"relics":["PureWater","hubris:GlazedTorus","conspire:TreasureMap","Replay:Grab Bag","energizedSpire:CursedPentagram","beaked:SacredNecklace","Empty Cage","hubris:Backtick","Darkstone Periapt","Blue Doll","Simple Rune","HornCleat","hubris:AstralHammer","Eternal Feather","Molten Egg 2","infinitespire:Bottled Soul","Elementarium:ElementariumTrophy","conspire:SpecialSausage","infinitespire:Satchel","hubris:Towel"],"acts_visited":["Exordium","Exordium","TheBeyond"],"potions_floor_usage":[35,44,48],"damage_taken":[{"damage":0.0,"enemies":"Jaw Worm","floor":1.0,"turns":2.0},{"damage":0.0,"enemies":"2 Louse","floor":4.0,"turns":2.0},{"damage":2.0,"enemies":"Small Slimes","floor":5.0,"turns":3.0},{"damage":9.0,"enemies":"Blue Slaver","floor":6.0,"turns":4.0},{"damage":6.0,"enemies":"Exordium Thugs","floor":8.0,"turns":3.0},{"damage":14.0,"enemies":"2 Fungi Beasts","floor":10.0,"turns":4.0},{"damage":16.0,"enemies":"Blue Slaver","floor":11.0,"turns":2.0},{"damage":7.0,"enemies":"Red Slaver","floor":14.0,"turns":2.0},{"damage":0.0,"enemies":"Hexaghost","floor":16.0,"turns":1.0},{"damage":2.0,"enemies":"Elementarium:VoidCorruption","floor":18.0,"turns":3.0},{"damage":6.0,"enemies":"Elementarium:2_ELEMENTALS","floor":22.0,"turns":2.0},{"damage":11.0,"enemies":"Elementarium:ElementalPortal","floor":28.0,"turns":4.0},{"damage":1.0,"enemies":"Elementarium:Hydrostalker","floor":29.0,"turns":3.0},{"damage":3.0,"enemies":"Elementarium:FIRE_NOBILITY","floor":30.0,"turns":2.0},{"damage":14.0,"enemies":"Elementarium:3_ELEMENTALS","floor":31.0,"turns":3.0},{"damage":53.0,"enemies":"Elementarium:GoldenDragon","floor":33.0,"turns":6.0},{"damage":0,"enemies":"3 Shapes","floor":35,"turns":3},{"damage":5,"enemies":"3 Darklings","floor":37,"turns":4},{"damage":38,"enemies":"Writhing Mass","floor":38,"turns":3},{"damage":0,"enemies":"Jaw Worm Horde","floor":39,"turns":2},{"damage":13,"enemies":"4 Shapes","floor":42,"turns":3},{"damage":0,"enemies":"Writhing Mass","floor":44,"turns":4},{"damage":2,"enemies":"Spire Growth","floor":48,"turns":2},{"damage":0,"enemies":"conspire:OrnateMirror","floor":50,"turns":1}],"seed_played":"-1606480563284091143","potions_obtained":[{"floor":5.0,"key":"Ancient Potion"},{"floor":6.0,"key":"sneckomod:MuddlingPotion"},{"floor":10.0,"key":"Elixir"},{"floor":11.0,"key":"Dexterity Potion"},{"floor":16.0,"key":"SkillPotion"},{"floor":28.0,"key":"Ambrosia"},{"floor":29.0,"key":"FearPotion"},{"floor":33.0,"key":"champ:CounterPotion"},{"floor":42,"key":"Weak Potion"},{"floor":44,"key":"FearPotion"}],"is_trial":false,"path_per_floor":["M","?","?","M","M","M","R","M","T","M","M","?","R","M","R","B",null,"M","?","$","?","M","R","?","R","T","AVR","E","M","E","M","R","B",null,"M","?","M","M","M","R","?","M","T","M","?","AVR","?","M","R","B",null],"character_chosen":"WATCHER","items_purchased":["hubris:GlazedTorus","conspire:TreasureMap","Blue Doll","Simple Rune","HornCleat"],"campfire_rested":4,"item_purchase_floors":[0,0,20,20,20],"current_hp_per_floor":[53,53,53,53,51,42,42,36,36,22,6,6,27,20,41,41,72,70,50,50,50,44,50,56,56,56,56,45,44,41,33,62,9,62,62,62,57,19,19,52,52,39,39,45,45,45,51,49,67,67],"gold":371,"neow_bonus":"","is_daily":false,"chose_seed":false,"campfire_upgraded":3,"win_rate":0.0,"timestamp":1608755953,"path_taken":["M","?","?","M","M","M","R","M","T","M","M","?","R","M","R","BOSS","M","?","$","?","M","R","?","R","T","AVR","E","?","E","M","R","BOSS","M","?","?","M","?","R","?","M","T","M","?","AVR","?","M","R","BOSS"],"items_purchased_type":["Relic","Relic","Relic","Relic","Relic"],"build_version":"2020-12-22","purchased_purges":0,"victory":true,"max_hp_per_floor":[72,72,72,72,72,72,72,72,72,72,72,72,72,72,72,72,72,72,50,50,50,50,50,56,56,56,56,56,56,56,62,62,62,62,62,62,62,62,62,62,62,62,62,68,68,68,74,74,74,74],"card_choices":[{"not_picked":["JustLucky","Sanctity","EmptyFist"],"picked":"SKIP","floor":1.0},{"not_picked":["ThirdEye","JustLucky"],"picked":"FollowUp","floor":4.0},{"not_picked":["Weave","Replay:DivineShield","BowlingBash"],"picked":"SKIP","floor":5.0},{"not_picked":["EmptyBody","BowlingBash"],"picked":"Tantrum","floor":6.0},{"not_picked":["Replay:BluntJabs","FlurryOfBlows","Wireheading"],"picked":"SKIP","floor":8.0},{"not_picked":["Perseverance","FlyingSleeves"],"picked":"Conclude","floor":10.0},{"not_picked":["Replay:DivineShield","ConjureBlade","PathToVictory"],"picked":"SKIP","floor":11.0},{"not_picked":["ReplayTheSpireMod:Haul","ReplayTheSpireMod:Chaos Vortex"],"picked":"infinitespire:SealOfDarkness+","floor":12.0},{"not_picked":["Replay:Anticipation","Crescendo","BowlingBash"],"picked":"SKIP","floor":14.0},{"not_picked":["Replay:AllIn","DeusExMachina"],"picked":"Establishment","floor":16.0},{"not_picked":["Study","Replay:Hum","WaveOfTheHand+1"],"picked":"SKIP","floor":18.0},{"not_picked":["ClearTheMind","LikeWater+1"],"picked":"Indignation","floor":22.0},{"not_picked":["EmptyBody+1","Fasting2"],"picked":"Replay:DivineShield","floor":28.0},{"not_picked":["DeceiveReality","Crescendo"],"picked":"Tantrum+1","floor":29.0},{"not_picked":["FlurryOfBlows+1","WreathOfFlame","JustLucky+1"],"picked":"SKIP","floor":30.0},{"not_picked":["FlurryOfBlows+1","LessonLearned+1"],"picked":"Consecrate+1","floor":31.0},{"not_picked":["MasterReality","Establishment"],"picked":"DeusExMachina","floor":33.0},{"not_picked":["Protect","Prostrate","CutThroughFate+1"],"picked":"SKIP","floor":35},{"not_picked":["DeceiveReality+1","JustLucky+1","FlurryOfBlows+1"],"picked":"SKIP","floor":37},{"not_picked":["Prostrate","Evaluate","Wireheading"],"picked":"SKIP","floor":38},{"not_picked":["CarveReality+1","SashWhip+1"],"picked":"Protect","floor":39},{"not_picked":["LessonLearned+1","CrushJoints+1"],"picked":"WheelKick+1","floor":42},{"not_picked":["Nirvana","CarveReality+1","Evaluate"],"picked":"SKIP","floor":44},{"not_picked":["Meditate+1","Evaluate+1","Halt+1"],"picked":"SKIP","floor":48}],"player_experience":328106,"relics_obtained":[{"floor":26.0,"key":"Eternal Feather"},{"floor":28.0,"key":"Molten Egg 2"},{"floor":30.0,"key":"infinitespire:Bottled Soul"},{"floor":43,"key":"infinitespire:Satchel"}],"event_choices":[{"damage_healed":0.0,"max_hp_gain":0.0,"max_hp_loss":0.0,"gold_gain":51.0,"event_name":"Golden Wing","player_choice":"Gained Gold","floor":2.0,"gold_loss":0.0,"damage_taken":0.0},{"damage_healed":0.0,"max_hp_gain":0.0,"max_hp_loss":0.0,"gold_gain":175.0,"event_name":"betterThird:BetterSerpent","player_choice":"AGREE","floor":3.0,"gold_loss":0.0,"damage_taken":165.0},{"damage_healed":0.0,"max_hp_gain":0.0,"max_hp_loss":28.0,"gold_gain":0.0,"event_name":"Elementarium:ElementalBlades","player_choice":"Touch","floor":19.0,"gold_loss":0.0,"damage_taken":0.0,"cards_obtained":["Elementarium:FireblessedBlade","Elementarium:WindblessedBlade","Elementarium:EarthblessedBlade","Elementarium:IceblessedBlade","Elementarium:VoidblessedBlade"]},{"damage_healed":0.0,"max_hp_gain":0.0,"max_hp_loss":0.0,"gold_gain":0.0,"event_name":"Elementarium:FountainOfGold","player_choice":"Ignored","floor":21.0,"gold_loss":0.0,"damage_taken":0.0},{"damage_healed":0.0,"max_hp_gain":0.0,"max_hp_loss":0.0,"gold_gain":0.0,"event_name":"Elementarium:TarCoveredCasket","player_choice":"Open","floor":24.0,"gold_loss":0.0,"damage_taken":0.0,"relics_obtained":["hubris:AstralHammer"],"cards_obtained":["Elementarium:StickyTar"]},{"damage_healed":3,"gold_gain":0,"player_choice":"LEAVE ","damage_taken":0,"relics_obtained":[],"max_hp_gain":0,"max_hp_loss":0,"event_name":"betterSkull:BetterSkull","floor":36,"gold_loss":0,"cards_upgraded":[]},{"cards_removed":["Establishment"],"damage_healed":0,"gold_gain":0,"player_choice":"Removed Power","damage_taken":0,"max_hp_gain":0,"max_hp_loss":0,"event_name":"Falling","floor":41,"gold_loss":0},{"damage_healed":0,"gold_gain":0,"cards_transformed":["hubris:Wrath"],"player_choice":"Transformed","damage_taken":0,"max_hp_gain":0,"max_hp_loss":0,"event_name":"Transmorgrifier","floor":47,"gold_loss":0,"cards_obtained":["conspire:Blindness"]}],"is_beta":false,"boss_relics":[{"not_picked":["Runic Dome","energizedSpire:CrystalSphere"],"picked":"Replay:Grab Bag"},{"not_picked":["aspiration:FutureDiary","infinitespire:Cupcake"],"picked":"energizedSpire:CursedPentagram"},{"not_picked":["hubris:TerracottaHorce","Ectoplasm"],"picked":"beaked:SacredNecklace"},{"not_picked":["aspiration:BardSkillbook","hubris:BlackHole"],"picked":"Empty Cage"},{"not_picked":["Pandora\u0027s Box","conspire:RunicOctahedron"],"picked":"hubris:Backtick"},{"not_picked":["Coffee Dripper","hubris:GrandSneckoEye"],"picked":"conspire:SpecialSausage"}],"items_purged_floors":[],"is_endless":false,"potions_floor_spawned":[5,6,10,11,16,28,29,33,42,44],"ascension_level":0}}