{"host":"6pgtslebjnyv5xmi","time":1608741711,"event":{"mods":["AchievementEnabler","BaseMod","Colored Map","Minty Spire (QoL Compilation)","Rare Cards Sparkle","StSLib","SuperFastMode","The Dragon Tamer","everything is the same but u backflip on backflip"],"gold_per_floor":[113,188,200,200,223,223,242,304,304,5,40,51,16,41,41,143,143,162,122,142,160,180,180,27,27,51,51,68,68,78,93,93,188,188,199,199,210,259,259,259,259,259],"floor_reached":40,"playtime":2695,"items_purged":[],"score":521,"play_id":"d13d7921-5b28-4de3-acd1-381796d13534","local_time":"20201224014151","is_ascension_mode":false,"metric_token":607,"campfire_choices":[{"data":"DTMod:Training","floor":6.0,"key":"SMITH"},{"data":"DTMod:RepeatStrike","floor":15.0,"key":"SMITH"},{"data":"DTMod:SealedStrike+1","floor":23.0,"key":"SMITH"},{"data":"DTMod:SealedStrike+2","floor":25.0,"key":"SMITH"},{"data":"DTMod:SealedStrike+3","floor":27.0,"key":"SMITH"},{"data":"DTMod:SealedStrike+4","floor":32.0,"key":"SMITH"}],"dtmod_dragon_data":[29,58,1,0,12,0],"circlet_count":0,"master_deck":["DTMod:Strike+1","DTMod:Strike+1","DTMod:Strike+1","DTMod:DoubleHit+1","DTMod:TargetDefense+1","DTMod:TargetDefense+1","DTMod:TargetDefense+1","DTMod:TargetDefense+1","DTMod:SwitchingTactic+1","DTMod:Observe+1","DTMod:Training+1","DTMod:FlameSlash+1","DTMod:FierySynthesis+1","DTMod:GhostSkin+1","DTMod:MagiciansMark+1","DTMod:RepeatStrike+1","DTMod:SealedStrike+5","DTMod:MagiciansMark+1","DTMod:TagTeam+1","DTMod:DarkBreath+1","DTMod:QuickFly+1","DTMod:TauntingStrike+1","DTMod:StunTrap+1","DTMod:FlameSlash+1","DTMod:SneakAttack+1","DTMod:ForkedFire+1"],"relics":["DTMod:MagicStone","NeowsBlessing","DTMod:BasicTextbook","Pen Nib","Peace Pipe","Happy Flower","Gremlin Horn","TungstenRod","Oddly Smooth Stone","Centennial Puzzle","Runic Pyramid","CaptainsWheel","War Paint"],"acts_visited":["Exordium","TheCity","TheBeyond"],"potions_floor_usage":[37],"damage_taken":[{"damage":0.0,"enemies":"2 Louse","floor":1.0,"turns":1.0},{"damage":0.0,"enemies":"Cultist","floor":3.0,"turns":1.0},{"damage":0.0,"enemies":"Small Slimes","floor":7.0,"turns":2.0},{"damage":0.0,"enemies":"3 Sentries","floor":8.0,"turns":8.0},{"damage":15.0,"enemies":"3 Sentries","floor":11.0,"turns":7.0},{"damage":0.0,"enemies":"Exordium Wildlife","floor":12.0,"turns":4.0},{"damage":0.0,"enemies":"Gremlin Nob","floor":14.0,"turns":4.0},{"damage":0.0,"enemies":"The Guardian","floor":16.0,"turns":7.0},{"damage":0.0,"enemies":"2 Thieves","floor":18.0,"turns":3.0},{"damage":0.0,"enemies":"Chosen","floor":20.0,"turns":3.0},{"damage":0.0,"enemies":"Snake Plant","floor":21.0,"turns":3.0},{"damage":0.0,"enemies":"Cultist and Chosen","floor":22.0,"turns":3.0},{"damage":0.0,"enemies":"Snecko","floor":28.0,"turns":2.0},{"damage":0.0,"enemies":"Snake Plant","floor":30.0,"turns":3.0},{"damage":0.0,"enemies":"Centurion and Healer","floor":31.0,"turns":3.0},{"damage":0.0,"enemies":"Collector","floor":33.0,"turns":4.0},{"damage":0,"enemies":"3 Shapes","floor":35,"turns":3},{"damage":0,"enemies":"3 Darklings","floor":37,"turns":2},{"damage":0,"enemies":"2 Orb Walkers","floor":38,"turns":3},{"damage":53,"enemies":"Nemesis","floor":40,"turns":5}],"seed_played":"2455337826419711785","potions_obtained":[{"floor":1.0,"key":"SkillPotion"},{"floor":8.0,"key":"DuplicationPotion"},{"floor":12.0,"key":"Fire Potion"},{"floor":16.0,"key":"Block Potion"},{"floor":22.0,"key":"Swift Potion"},{"floor":30.0,"key":"SneckoOil"},{"floor":31.0,"key":"EssenceOfSteel"},{"floor":33.0,"key":"FearPotion"},{"floor":35,"key":"Weak Potion"},{"floor":38,"key":"Dexterity Potion"}],"is_trial":false,"path_per_floor":["M","?","M","?","T","R","M","?","T","$","E","M","?","E","R","B",null,"M","?","M","M","M","R","$","R","T","R","M","?","M","M","R","B",null,"M","?","M","?","?","E"],"character_chosen":"THE_DT","items_purchased":["DTMod:FierySynthesis","Happy Flower","Oddly Smooth Stone"],"campfire_rested":0,"item_purchase_floors":[10,10,24],"current_hp_per_floor":[45,41,41,34,34,34,34,34,34,34,19,19,30,30,30,30,45,45,45,45,45,45,45,45,45,45,45,45,40,47,50,50,50,50,50,50,50,50,50,0,0,0],"gold":259,"neow_bonus":"THREE_ENEMY_KILL","is_daily":false,"chose_seed":false,"campfire_upgraded":6,"win_rate":0.0,"timestamp":1608741711,"path_taken":["M","?","?","?","?","R","?","?","T","$","E","M","?","E","R","BOSS","M","?","M","M","?","R","?","R","T","R","M","?","M","M","R","BOSS","M","?","M","?","?","E"],"items_purchased_type":["Card","Relic","Relic"],"build_version":"2020-12-22","purchased_purges":0,"victory":false,"max_hp_per_floor":[45,45,45,45,45,45,45,45,45,45,45,45,45,45,45,45,45,45,45,45,45,45,45,45,45,45,45,45,50,50,50,50,50,50,50,50,50,50,50,50,50,50],"card_choices":[{"not_picked":["DTMod:Threaten","DTMod:MasterPlan"],"picked":"DTMod:Observe","floor":1.0},{"not_picked":["DTMod:BreakAttack","DTMod:CleansingStrike"],"picked":"DTMod:Training","floor":3.0},{"not_picked":["DTMod:Threaten","DTMod:Cover"],"picked":"DTMod:FlameSlash","floor":7.0},{"not_picked":["DTMod:Haste","DTMod:BlazingStrike"],"picked":"DTMod:Adaptation","floor":8.0},{"not_picked":["DTMod:BurningEnergy","DTMod:MasterPlan"],"picked":"DTMod:GhostSkin","floor":11.0},{"not_picked":["DTMod:Threaten","DTMod:BreakAttack"],"picked":"DTMod:MagiciansMark","floor":12.0},{"not_picked":["DTMod:StarRain","DTMod:Hide"],"picked":"DTMod:RepeatStrike","floor":14.0},{"not_picked":["DTMod:ShadowImage","DTMod:GearUp"],"picked":"DTMod:SealedStrike","floor":16.0},{"not_picked":["DTMod:Feint","DTMod:BurningEnergy+1"],"picked":"DTMod:MagiciansMark","floor":18.0},{"not_picked":["DTMod:BurningEnergy+1","DTMod:MasterPlan"],"picked":"DTMod:TagTeam+1","floor":20.0},{"not_picked":["DTMod:StarRain","DTMod:FlameSlash"],"picked":"DTMod:DarkBreath+1","floor":21.0},{"not_picked":["DTMod:Observe","DTMod:Overwhelm","DTMod:Cover"],"picked":"SKIP","floor":22.0},{"not_picked":["DTMod:Weaken","DTMod:Threaten"],"picked":"DTMod:QuickFly","floor":28.0},{"not_picked":["DTMod:BlazingStrike","DTMod:Cover","DTMod:QuickFly"],"picked":"SKIP","floor":30.0},{"not_picked":["DTMod:LastStand+1","DTMod:MasterPlan"],"picked":"DTMod:TauntingStrike+1","floor":31.0},{"not_picked":["DTMod:TriAttack","DTMod:FierySynthesis"],"picked":"DTMod:StunTrap","floor":33.0},{"not_picked":["DTMod:MasterPlan+1","DTMod:BreakAttack+1"],"picked":"DTMod:FlameSlash+1","floor":35},{"not_picked":["DTMod:BalancedStrike","DTMod:DragonDance"],"picked":"DTMod:SneakAttack+1","floor":37},{"not_picked":["DTMod:CalculatedDefense+1","DTMod:DragonDance"],"picked":"DTMod:ForkedFire+1","floor":38}],"player_experience":418604,"relics_obtained":[{"floor":5.0,"key":"DTMod:BasicTextbook"},{"floor":8.0,"key":"Pen Nib"},{"floor":9.0,"key":"Peace Pipe"},{"floor":11.0,"key":"Gremlin Horn"},{"floor":14.0,"key":"TungstenRod"},{"floor":26.0,"key":"Centennial Puzzle"},{"floor":38,"key":"CaptainsWheel"}],"event_choices":[{"damage_healed":0.0,"max_hp_gain":0.0,"max_hp_loss":0.0,"gold_gain":75.0,"event_name":"FaceTrader","player_choice":"Touch","floor":2.0,"gold_loss":0.0,"damage_taken":4.0},{"cards_removed":["DTMod:Strike"],"damage_healed":0.0,"max_hp_gain":0.0,"max_hp_loss":0.0,"gold_gain":0.0,"event_name":"Golden Wing","player_choice":"Card Removal","floor":4.0,"gold_loss":0.0,"damage_taken":7.0},{"damage_healed":0.0,"max_hp_gain":0.0,"max_hp_loss":0.0,"gold_gain":30.0,"event_name":"Dead Adventurer","player_choice":"Searched \u00273\u0027 times","floor":8.0,"gold_loss":0.0,"damage_taken":0.0},{"damage_healed":11.0,"max_hp_gain":0.0,"max_hp_loss":0.0,"gold_gain":0.0,"event_name":"The Cleric","player_choice":"Healed","floor":13.0,"gold_loss":35.0,"damage_taken":0.0},{"damage_healed":0.0,"max_hp_gain":0.0,"max_hp_loss":0.0,"gold_gain":0.0,"event_name":"Designer","player_choice":"Upgrade","floor":19.0,"gold_loss":40.0,"damage_taken":0.0,"cards_upgraded":["DTMod:SealedStrike"]},{"damage_healed":0.0,"max_hp_gain":5.0,"max_hp_loss":0.0,"gold_gain":0.0,"event_name":"Forgotten Altar","player_choice":"Shed Blood","floor":29.0,"gold_loss":0.0,"damage_taken":11.0},{"cards_removed":["DTMod:Adaptation"],"damage_healed":0,"gold_gain":0,"player_choice":"Removed Power","damage_taken":0,"max_hp_gain":0,"max_hp_loss":0,"event_name":"Falling","floor":36,"gold_loss":0},{"damage_healed":0,"gold_gain":0,"player_choice":"Fight","damage_taken":0,"max_hp_gain":0,"max_hp_loss":0,"event_name":"Mysterious Sphere","floor":38,"gold_loss":0},{"damage_healed":0,"gold_gain":0,"player_choice":"Gave Potion","damage_taken":0,"relics_obtained":["War Paint"],"max_hp_gain":0,"max_hp_loss":0,"event_name":"WeMeetAgain","floor":39,"gold_loss":0}],"is_beta":false,"boss_relics":[{"not_picked":["Coffee Dripper","Velvet Choker"],"picked":"DTMod:MagicStone"},{"not_picked":["Pandora\u0027s Box","SlaversCollar"],"picked":"Runic Pyramid"}],"items_purged_floors":[],"is_endless":false,"potions_floor_spawned":[1,8,12,16,22,30,31,33,35,38],"killed_by":"Nemesis","ascension_level":0}}