{"host":"uflv0e3ja7hvnij7","time":1608760919,"event":{"mods":["BaseMod","Conspire","Downfall","Hubris","Minty Spire (QoL Compilation)","Replay The Spire","Shop Mod","StSLib"],"gold_per_floor":[126,138,162,186,198,210,255,267,279,302,327,339,426,438,450,566,578,602,625,637,668,690,727,739,126,126,145,145,162,176,205,205,309,409,422,422,436,452,463,463,463,463,463],"floor_reached":42,"playtime":2106,"items_purged":[],"score":508,"play_id":"43c0fa7f-20f7-457b-baec-e724d012ff6f","local_time":"20201223170159","is_ascension_mode":true,"campfire_choices":[{"data":"Whirlwind","floor":6,"key":"SMITH"},{"data":"Eclipse","floor":8,"key":"SMITH"},{"data":"conspire:ExplosiveBarrier","floor":15,"key":"SMITH"},{"floor":24,"key":"REST"},{"floor":32,"key":"REST"},{"data":"Mayhem","floor":41,"key":"SMITH"}],"circlet_count":0,"master_deck":["Strike_R","Strike_R","Strike_R","Strike_R","Strike_R","Defend_R","Defend_R","Defend_R","Defend_R","Bash+1","Shrug It Off","conspire:ExplosiveBarrier+1","Whirlwind+1","Eclipse+1","Whirlwind","Exhume","Ghostly Armor","Pommel Strike+1","Shrug It Off","Mayhem+1","Eclipse+1","Cleave+1","Corruption","Exhume","Eclipse"],"relics":["Burning Blood","MawBank","Bag of Preparation","ReplayFunnel","hubris:RunicObelisk","ReplayTheSpireMod:Spearhead","conspire:Boomerang","DollysMirror","Oddly Smooth Stone","Akabeko","hubris:ChampionShield","Gremlin Food","Replay:Wanted Poster"],"acts_visited":["Exordium","TheCity","TheBeyond"],"potions_floor_usage":[16,16,16,19,31,33,33],"damage_taken":[{"damage":5,"enemies":"Small Slimes","floor":1,"turns":3},{"damage":6,"enemies":"Cultist","floor":3,"turns":3},{"damage":7,"enemies":"2 Louse","floor":4,"turns":2},{"damage":22,"enemies":"3 Sentries","floor":7,"turns":3},{"damage":0,"enemies":"Blue Slaver","floor":10,"turns":1},{"damage":0,"enemies":"3 Louse","floor":11,"turns":1},{"damage":19,"enemies":"The Guardian","floor":16,"turns":7},{"damage":4,"enemies":"Chosen","floor":18,"turns":4},{"damage":7,"enemies":"3 Byrds","floor":19,"turns":3},{"damage":25,"enemies":"Centurion and Healer","floor":21,"turns":5},{"damage":9,"enemies":"Chosen and Byrds","floor":22,"turns":5},{"damage":41,"enemies":"Book of Stabbing","floor":23,"turns":6},{"damage":0,"enemies":"3 Cultists","floor":27,"turns":1},{"damage":0,"enemies":"Cultist and Chosen","floor":29,"turns":5},{"damage":2,"enemies":"Snecko","floor":30,"turns":3},{"damage":8,"enemies":"Slavers","floor":31,"turns":4},{"damage":88,"enemies":"conspire:MysteriousRune","floor":33,"turns":9},{"damage":12,"enemies":"Orb Walker","floor":35,"turns":2},{"damage":16,"enemies":"3 Shapes","floor":37,"turns":1},{"damage":10,"enemies":"Spire Growth","floor":38,"turns":3},{"damage":0,"enemies":"Jaw Worm Horde","floor":39,"turns":1},{"damage":80,"enemies":"Sphere and 2 Shapes","floor":42,"turns":3}],"seed_played":"5884741909063052118","potions_obtained":[{"floor":1,"key":"Swift Potion"},{"floor":4,"key":"Venom Potion"},{"floor":11,"key":"Toxic Potion"},{"floor":16,"key":"Swift Potion"},{"floor":18,"key":"SpeedPotion"},{"floor":21,"key":"BloodPotion"},{"floor":29,"key":"LifebloodPotion"},{"floor":30,"key":"AttackPotion"},{"floor":37,"key":"ElixirPotion"}],"is_trial":false,"path_per_floor":["M","?","M","M","?","R","E","R","T","M","M","?","?","$","R","B",null,"M","M","?","M","M","E","R","$","T","M","$","M","M","E","R","B",null,"M","?","M","M","M","?","R","M"],"character_chosen":"IRONCLAD","items_purchased":["Mayhem","DollysMirror","Oddly Smooth Stone","Akabeko"],"campfire_rested":2,"item_purchase_floors":[25,25,25,25],"current_hp_per_floor":[80,80,80,79,79,79,63,63,63,69,75,80,69,69,69,56,85,85,84,84,65,62,27,52,52,52,58,58,64,68,66,85,20,85,79,79,69,65,71,71,71,0,0],"gold":463,"neow_bonus":"RANDOM_COMMON_RELIC","is_daily":false,"chose_seed":false,"campfire_upgraded":4,"win_rate":0.0,"timestamp":1608760919,"path_taken":["M","?","?","M","?","R","E","R","T","M","M","?","?","?","R","BOSS","M","M","?","?","M","E","R","$","T","M","$","M","M","E","R","BOSS","M","?","M","M","M","?","R","?"],"items_purchased_type":["Card","Relic","Relic","Relic"],"build_version":"2020-12-22","purchased_purges":0,"victory":false,"max_hp_per_floor":[80,80,80,80,80,80,80,80,80,80,80,85,85,85,85,85,85,85,85,85,85,85,85,85,85,85,85,85,85,85,85,85,85,85,85,85,85,85,85,85,85,85,85],"card_choices":[{"not_picked":["Dual Wield","Cleave"],"picked":"Shrug It Off","floor":1},{"not_picked":["True Grit","Armaments"],"picked":"conspire:ExplosiveBarrier","floor":3},{"not_picked":["Twin Strike","Wild Strike"],"picked":"Whirlwind","floor":4},{"not_picked":["Reckless Charge","Spot Weakness"],"picked":"Eclipse","floor":7},{"not_picked":["Clothesline","Pommel Strike"],"picked":"Whirlwind","floor":10},{"not_picked":["Clash","Anger","Second Wind"],"picked":"SKIP","floor":11},{"not_picked":["conspire:Purge","Impervious"],"picked":"Exhume","floor":16},{"not_picked":["ReplayTheSpireMod:Strike From Hell","Heavy Blade+1"],"picked":"Ghostly Armor","floor":18},{"not_picked":["Life Link","Twin Strike","Sentinel+1"],"picked":"SKIP","floor":19},{"not_picked":["Pummel","Entrench"],"picked":"Pommel Strike+1","floor":21},{"not_picked":["Rampage","hubris:CleavingFinish+1","Life Link"],"picked":"SKIP","floor":22},{"not_picked":["Dropkick","Abandon+1"],"picked":"Shrug It Off","floor":23},{"not_picked":["Body Slam","Sword Boomerang+1","Headbutt"],"picked":"SKIP","floor":27},{"not_picked":["Body Slam+1","Flex+1"],"picked":"Cleave+1","floor":29},{"not_picked":["Headbutt","Flex+1","Rupture"],"picked":"SKIP","floor":30},{"not_picked":["Heavy Blade","Searing Blow","hubris:ReadiedAction+1"],"picked":"SKIP","floor":31},{"not_picked":["conspire:HitWhereItHurts","conspire:Purge"],"picked":"Corruption","floor":33},{"not_picked":["Heavy Blade","Whirlwind","Twin Strike"],"picked":"SKIP","floor":35},{"not_picked":["True Grit+1","Pommel Strike","Sword Boomerang+1"],"picked":"SKIP","floor":37},{"not_picked":["conspire:ExplosiveBarrier","Fire Breathing","Thunderclap+1"],"picked":"SKIP","floor":38},{"not_picked":["Anger","Thunderclap+1"],"picked":"Exhume","floor":39}],"player_experience":298789,"relics_obtained":[{"floor":7,"key":"Bag of Preparation"},{"floor":9,"key":"ReplayFunnel"},{"floor":23,"key":"conspire:Boomerang"},{"floor":26,"key":"hubris:ChampionShield"},{"floor":31,"key":"Gremlin Food"}],"event_choices":[{"damage_healed":0,"gold_gain":0,"player_choice":"1 cards matched","damage_taken":0,"max_hp_gain":0,"max_hp_loss":0,"event_name":"Match and Keep!","floor":2,"gold_loss":0,"cards_obtained":["Fiend Fire"]},{"damage_healed":0,"gold_gain":0,"player_choice":"Disagree","damage_taken":0,"max_hp_gain":0,"max_hp_loss":0,"event_name":"conspire:LoneGhost","floor":5,"gold_loss":0},{"damage_healed":0,"gold_gain":0,"player_choice":"Donut","damage_taken":0,"max_hp_gain":5,"max_hp_loss":0,"event_name":"Big Fish","floor":12,"gold_loss":0},{"damage_healed":0,"gold_gain":75,"player_choice":"Gather Gold","damage_taken":11,"max_hp_gain":0,"max_hp_loss":0,"event_name":"World of Goop","floor":13,"gold_loss":0},{"cards_removed":["Fiend Fire"],"damage_healed":0,"gold_gain":0,"player_choice":"Gave Card","damage_taken":0,"relics_obtained":["ReplayTheSpireMod:Spearhead"],"max_hp_gain":0,"max_hp_loss":0,"event_name":"WeMeetAgain","floor":20,"gold_loss":0},{"damage_healed":0,"gold_gain":0,"player_choice":"Ignored","damage_taken":0,"max_hp_gain":0,"max_hp_loss":0,"event_name":"Mysterious Sphere","floor":36,"gold_loss":0},{"damage_healed":0,"gold_gain":0,"player_choice":"1 cards matched","damage_taken":0,"max_hp_gain":0,"max_hp_loss":0,"event_name":"Match and Keep!","floor":40,"gold_loss":0,"cards_obtained":["Eclipse"]}],"is_beta":false,"boss_relics":[{"not_picked":["Abe\u0027s Treasure","hubris:GrandSneckoEye"],"picked":"hubris:RunicObelisk"},{"not_picked":["Runic Cube","hubris:TerracottaHorce"],"picked":"Replay:Wanted Poster"}],"items_purged_floors":[],"is_endless":false,"potions_floor_spawned":[1,4,11,16,18,21,29,30,37],"killed_by":"Sphere and 2 Shapes","ascension_level":3}}