{"host":"r6da5kb9dzaaglw2","time":1608760811,"event":{"mods":["AchievementEnabler","BaseMod","BetterRewards","Colored Map","Colored Powertips","GifTheSpireLib","Hubris","Infinite Spire","Minty Spire (QoL Compilation)","Replay The Spire","Shop Mod","StSLib"],"gold_per_floor":[119,138,138,63,73,98,112,127,203,219,234,262,276,306,306,404,404,418,459,477,345,363,363,397,397,424,424,424,424,437,437,437,562,562,615,615,671,797,797,797,797,865,888,888,888,981,571,628,628,778,778,841,841,841,909,909,996,996,1071,1071,1153,1237,1329,1429,1533,1535,1784,1784,1903,1903,2042,1706,1826,1826,1826,1959,1959,1959,2089,2230,2230,2393,2393,2643,2693,2878,1498,1597,511,502,502,155,186,255,288,288,288,373,397,397,479,479,519,519,567,567,631,700,700,883,907,977,618,618,672,749,749,933,960,1039,954,1032,571,670,744,802,902,971,1063,1150,1150,1313,1410,1410,1592,1592,1708,1708,1406,1406,1406,1406,1630,1418,1443,1568,1568,1568,1568,2054,2054,2286,2304,2304,1785,1931,2122],"floor_reached":158,"playtime":10874,"items_purged":["Decay","Pain","Iron Wave+1","Eclipse","Strike_R","Strike_R","Strike_R","Endless Agony+1","Disarm+1","Replay:Dark Deal","Replay:Dark Deal+1","Doubt"],"score":4052,"play_id":"593d7b27-64d2-4b88-9e54-bca498bad4b5","local_time":"20201223230011","is_ascension_mode":false,"campfire_choices":[{"floor":15.0,"key":"DIG"},{"floor":23.0,"key":"RECALL"},{"data":"Armaments","floor":25.0,"key":"SMITH"},{"data":"Perfected Strike","floor":29.0,"key":"SMITH"},{"floor":32.0,"key":"REST"},{"data":"hubris:InfiniteBlow+6","floor":40,"key":"SMITH"},{"data":"hubris:InfiniteBlow+7","floor":44,"key":"SMITH"},{"data":"hubris:Rewind","floor":49,"key":"SMITH"},{"data":"hubris:InfiniteBlow+8","floor":74,"key":"SMITH"},{"data":"hubris:InfiniteBlow+9","floor":81,"key":"SMITH"},{"data":"hubris:InfiniteBlow+10","floor":83,"key":"SMITH"},{"data":"hubris:InfiniteBlow+11","floor":91,"key":"SMITH"},{"data":"hubris:InfiniteBlow+12","floor":91,"key":"SMITH"},{"data":"hubris:InfiniteBlow+14","floor":97,"key":"SMITH"},{"data":"hubris:InfiniteBlow+15","floor":97,"key":"SMITH"},{"data":"hubris:InfiniteBlow+16","floor":100,"key":"SMITH"},{"data":"Replay:Dark Deal","floor":100,"key":"SMITH"},{"data":"hubris:InfiniteBlow+18","floor":114,"key":"SMITH"},{"data":"hubris:InfiniteBlow+19","floor":114,"key":"SMITH"},{"data":"hubris:InfiniteBlow+20","floor":117,"key":"SMITH"},{"data":"hubris:InfiniteBlow+21","floor":117,"key":"SMITH"},{"data":"hubris:InfiniteBlow+22","floor":127,"key":"SMITH"},{"data":"hubris:InfiniteBlow+23","floor":127,"key":"SMITH"},{"data":"hubris:InfiniteBlow+24","floor":134,"key":"SMITH"},{"data":"hubris:InfiniteBlow+25","floor":134,"key":"SMITH"},{"data":"hubris:InfiniteBlow+26","floor":142,"key":"SMITH"},{"data":"hubris:InfiniteBlow+27","floor":142,"key":"SMITH"},{"data":"hubris:InfiniteBlow+28","floor":148,"key":"SMITH"},{"data":"hubris:InfiniteBlow+29","floor":148,"key":"SMITH"},{"floor":151,"key":"DIG"},{"data":"hubris:InfiniteBlow+30","floor":154,"key":"SMITH"},{"data":"hubris:InfiniteBlow+31","floor":154,"key":"SMITH"}],"circlet_count":0,"master_deck":["Defend_R+1","Defend_R+1","Defend_R+2","Bash+1","ReplayTheSpireMod:Limb From Limb","Entrench","Body Slam","Armaments+1","Armaments+1","hubris:Rewind+1","infinitespire:UltimateForm","Armaments+1","hubris:InfiniteBlow+32","Bludgeon","hubris:Rewind","hubris:Fate","hubris:Fate","Power Through+1","Demonic Infusion+1","Finesse","CommonCold"],"relics":["Snecko Eye","HornCleat","Replay:WaspNest","infinitespire:Midas Blood","infinitespire:ShieldingShard","infinitespire:Lucky Rock","hubris:ScarierMask","Nunchaku","Replay:Wax Seal","ReplayTheSpireMod:TigerMarble","Pen Nib","Membership Card","Replay:Baseball","hubris:KleinBottle","Champion Belt","infinitespire:EvilPickle","Mark of Pain","hubris:MedicalManual","hubris:SphereOfDissonance","PreservedInsect","WarpedTongs","Anchor","infinitespire:FocusingShard","Pondfish Scales","Black Star","Frozen Eye","Calipers","hubris:Icosahedron","hubris:MobiusCoin","Strawberry","Quantum Egg","infinitespire:Lychee Nut","White Beast Statue","InkBottle","SlaversCollar","PrismaticShard","Replay:Rubber Ducky","Gremlin Horn","Akabeko","Dream Catcher","The Courier","Empty Cage","Strange Spoon","hubris:TinFlute","Replay:Arrowhead","Juzu Bracelet","FossilizedHelix","infinitespire:Beetle Shell","Orichalcum","infinitespire:CheckeredPen","Vajra","hubris:ToyBattleship","ReplayTheSpireMod:Spearhead","Thread and Needle","infinitespire:Broken Mirror","Blood Vial","Molten Egg 2","ReplayTheSpireMod:Lightbulb","Lizard Tail","Shuriken","Blue Candle","Garlic","hubris:CrystalStatue","Oddly Smooth Stone","ReplayTheSpireMod:Ninjato","Matryoshka","CeramicFish","Torii","War Paint","Lee\u0027s Waffle","Another Sword","infinitespire:Satchel","Ancient Tea Set","infinitespire:PuzzleCube","Meat on the Bone","Replay:Drink Me","Replay:Bandana","Bottled Lightning","Gremlin Food","NlothsMask","Blue Doll","Bird Faced Urn","Omamori","ReplayTheSpireMod:CursedCoin","Pet Ghost","Sundial","Potion Belt","Simple Rune","Whetstone","infinitespire:EmpoweringShard","Astrolabe","Bag of Marbles","hubris:Potato","HandDrill","Frozen Egg 2","Red Skull","hubris:Spice","Incense Burner","Lantern","hubris:Backtick","Bottled Flame","ClockworkSouvenir","Kunai","hubris:Towel","Happy Flower","hubris:SlimyHat","Mango","Bottled Tornado","Boot","infinitespire:BottledMercury","Old Coin","Replay:Ancient Bell","hubris:TenFootPole","hubris:PeanutButter","hubris:FunFungus","Chemical X","Chameleon Ring","Mirror","Iron Hammer","Replay:Accelerometer","Replay:Towering Pillar of Hats"],"acts_visited":["Exordium","TheCity","TheBeyond","Exordium","TheCity","TheBeyond","Exordium","TheCity","TheBeyond","TheEnding"],"potions_floor_usage":[107,157],"damage_taken":[{"damage":0.0,"enemies":"Cultist","floor":1.0,"turns":2.0},{"damage":10.0,"enemies":"Small Slimes","floor":2.0,"turns":3.0},{"damage":1.0,"enemies":"Jaw Worm","floor":5.0,"turns":2.0},{"damage":0.0,"enemies":"Replay:BlueRogue","floor":6.0,"turns":3.0},{"damage":2.0,"enemies":"Blue Slaver","floor":7.0,"turns":2.0},{"damage":0.0,"enemies":"Red Slaver","floor":8.0,"turns":2.0},{"damage":0.0,"enemies":"Looter","floor":10.0,"turns":3.0},{"damage":0.0,"enemies":"Large Slime","floor":11.0,"turns":3.0},{"damage":7.0,"enemies":"3 Sentries","floor":12.0,"turns":4.0},{"damage":1.0,"enemies":"Exordium Thugs","floor":13.0,"turns":4.0},{"damage":0.0,"enemies":"Gremlin Nob","floor":14.0,"turns":3.0},{"damage":0.0,"enemies":"Fading Forest","floor":16.0,"turns":11.0},{"damage":0.0,"enemies":"Chosen","floor":18.0,"turns":3.0},{"damage":1.0,"enemies":"Shell Parasite","floor":20.0,"turns":3.0},{"damage":0.0,"enemies":"Shelled Parasite and Fungi","floor":22.0,"turns":3.0},{"damage":0.0,"enemies":"Nightmare","floor":24.0,"turns":8.0},{"damage":0.0,"enemies":"Centurion and Healer","floor":30.0,"turns":1.0},{"damage":0.0,"enemies":"Pondfish","floor":33.0,"turns":5.0},{"damage":0.0,"enemies":"Orb Walker","floor":35.0,"turns":2.0},{"damage":0.0,"enemies":"3 Darklings","floor":37.0,"turns":1.0},{"damage":0.0,"enemies":"infinitespire:Three Voidlings","floor":38.0,"turns":3.0},{"damage":35.0,"enemies":"Nightmare_Alpha","floor":38.0,"turns":10.0},{"damage":0,"enemies":"4 Shapes","floor":42,"turns":3},{"damage":0,"enemies":"Nemesis","floor":46,"turns":1},{"damage":0,"enemies":"Spire Growth","floor":48,"turns":1},{"damage":16,"enemies":"Awakened One","floor":50,"turns":5},{"damage":0,"enemies":"Small Slimes","floor":52,"turns":1},{"damage":0,"enemies":"Jaw Worm","floor":55,"turns":1},{"damage":0,"enemies":"Replay:BlueRogue","floor":57,"turns":1},{"damage":0,"enemies":"2 Louse","floor":59,"turns":1},{"damage":16,"enemies":"Nightmare_Alpha","floor":61,"turns":6},{"damage":0,"enemies":"2 Fungi Beasts","floor":62,"turns":1},{"damage":0,"enemies":"Blue Slaver","floor":63,"turns":1},{"damage":0,"enemies":"3 Louse","floor":64,"turns":1},{"damage":0,"enemies":"Exordium Thugs","floor":65,"turns":2},{"damage":0,"enemies":"Fading Forest","floor":67,"turns":6},{"damage":0,"enemies":"3 Byrds","floor":69,"turns":2},{"damage":0,"enemies":"2 Thieves","floor":71,"turns":1},{"damage":0,"enemies":"Chosen and Byrds","floor":73,"turns":1},{"damage":0,"enemies":"Replay:Snechameleon","floor":76,"turns":1},{"damage":0,"enemies":"Centurion and Healer","floor":79,"turns":1},{"damage":0,"enemies":"Sentry and Sphere","floor":80,"turns":3},{"damage":0,"enemies":"Snake Plant","floor":82,"turns":1},{"damage":0,"enemies":"Champ","floor":84,"turns":1},{"damage":0,"enemies":"3 Darklings","floor":86,"turns":2},{"damage":0,"enemies":"Orb Walker","floor":88,"turns":1},{"damage":0,"enemies":"Transient","floor":90,"turns":5},{"damage":0,"enemies":"Reptomancer","floor":93,"turns":2},{"damage":0,"enemies":"Jaw Worm Horde","floor":95,"turns":1},{"damage":0,"enemies":"3 Darklings","floor":98,"turns":1},{"damage":0,"enemies":"Maw","floor":99,"turns":3},{"damage":0,"enemies":"Donu and Deca","floor":101,"turns":2},{"damage":0,"enemies":"2 Louse","floor":103,"turns":1},{"damage":0,"enemies":"Jaw Worm","floor":105,"turns":1},{"damage":0,"enemies":"Small Slimes","floor":107,"turns":1},{"damage":0,"enemies":"Gremlin Nob","floor":108,"turns":1},{"damage":0,"enemies":"3 Sentries","floor":110,"turns":1},{"damage":0,"enemies":"Red Slaver","floor":112,"turns":1},{"damage":0,"enemies":"Looter","floor":115,"turns":1},{"damage":0,"enemies":"Hexaghost","floor":118,"turns":1},{"damage":0,"enemies":"Chosen","floor":120,"turns":1},{"damage":0,"enemies":"Spheric Guardian","floor":122,"turns":1},{"damage":0,"enemies":"Book of Stabbing","floor":125,"turns":2},{"damage":0,"enemies":"Chosen and Byrds","floor":126,"turns":1},{"damage":0,"enemies":"Nightmare","floor":129,"turns":1},{"damage":0,"enemies":"3 Cultists","floor":130,"turns":1},{"damage":0,"enemies":"Book of Stabbing","floor":132,"turns":1},{"damage":0,"enemies":"Cultist and Chosen","floor":133,"turns":1},{"damage":0,"enemies":"infinitespire:LordOfFortification","floor":135,"turns":3},{"damage":0,"enemies":"3 Shapes","floor":137,"turns":1},{"damage":0,"enemies":"Giant Head","floor":143,"turns":1},{"damage":0,"enemies":"R_Hoarder","floor":146,"turns":1},{"damage":0,"enemies":"Nightmare","floor":150,"turns":1},{"damage":0,"enemies":"infinitespire:LordOfFortification","floor":152,"turns":4},{"damage":0,"enemies":"Shield and Spear","floor":156,"turns":1},{"damage":0,"enemies":"The Heart","floor":157,"turns":5}],"seed_played":"-6917417965710324062","potions_obtained":[{"floor":2.0,"key":"infinitespire:BlackPotion"},{"floor":6.0,"key":"SteroidPotion"},{"floor":7.0,"key":"PowerPotion"},{"floor":10.0,"key":"Swift Potion"},{"floor":12.0,"key":"ElixirPotion"},{"floor":18.0,"key":"HeartOfIron"},{"floor":42,"key":"BlessingOfTheForge"},{"floor":50,"key":"SpeedPotion"},{"floor":59,"key":"Strength Potion"},{"floor":62,"key":"PowerPotion"},{"floor":79,"key":"Reflective Coating"},{"floor":93,"key":"DistilledChaos"},{"floor":95,"key":"Flashbang"},{"floor":98,"key":"Adrenaline Potion"},{"floor":107,"key":"Fruit Juice"},{"floor":108,"key":"infinitespire:BlackPotion"},{"floor":115,"key":"SpeedPotion"},{"floor":118,"key":"ColorlessPotion"},{"floor":126,"key":"Energy Potion"},{"floor":130,"key":"LiquidBronze"},{"floor":137,"key":"GamblersBrew"},{"floor":146,"key":"Adrenaline Potion"}],"is_trial":false,"path_per_floor":["M","M","?","$","M","E","M","M","T","M","M","E","M","E","R_BF","B",null,"M","?","M","$","M","R","NM","R","T","AVR","?","R","M","$","R","B",null,"M","?","M","?","AVR","R","?","M","T","R","?","E","$","M","R","B",null,"M","$","?","M","AVR","E","?","M","T","NM","M","M","M","M","R_BF","B",null,"M","?","M","$","M","R","?","E","T","AVR","M","M","R","M","R","B",null,"M","$","M","$","M","R","$","E","T","M","?","R","M","M","R","B",null,"M","?","M","?","M","E","?","E","T","M","$","R","M","?","R","B",null,"M","?","M","$","?","E","M","R","T","NM","M","?","E","M","R","B",null,"M","?","$","?","?","R","E","$","T","E","T","R","?","NM","R_BF","B",null,"R","$","E","B",null],"character_chosen":"IRONCLAD","items_purchased":["Perfected Strike","Replay:Wax Seal","Membership Card","Replay:Baseball","hubris:KleinBottle","Champion Belt","infinitespire:FocusingShard","Pondfish Scales","Replay:Dark Deal","Frozen Eye","Calipers","PrismaticShard","Replay:Rubber Ducky","Gremlin Horn","Strange Spoon","hubris:TinFlute","Replay:Arrowhead","Juzu Bracelet","FossilizedHelix","infinitespire:Beetle Shell","Orichalcum","infinitespire:CheckeredPen","Vajra","hubris:ToyBattleship","ReplayTheSpireMod:Spearhead","Thread and Needle","infinitespire:Broken Mirror","Blood Vial","Molten Egg 2","ReplayTheSpireMod:Lightbulb","Lizard Tail","Shuriken","Blue Candle","Garlic","hubris:CrystalStatue","Oddly Smooth Stone","ReplayTheSpireMod:Ninjato","Matryoshka","CeramicFish","Torii","Dramatic Entrance+1","War Paint","Lee\u0027s Waffle","Another Sword","ReplayTheSpireMod:CursedCoin","Pet Ghost","Sundial","Potion Belt","Simple Rune","Whetstone","infinitespire:EmpoweringShard","hubris:Potato","HandDrill","Frozen Egg 2","Red Skull","ClockworkSouvenir","Kunai","hubris:SlimyHat","Chemical X","Chameleon Ring","Mirror","Iron Hammer"],"campfire_rested":1,"item_purchase_floors":[21,21,31,31,31,31,47,47,47,53,53,72,72,72,87,87,87,87,87,87,87,87,87,87,87,87,87,87,87,87,89,89,89,89,89,89,89,89,89,89,89,92,92,92,113,113,113,113,113,113,113,123,123,123,123,139,139,144,155,155,155,155],"current_hp_per_floor":[80,70,70,70,69,69,67,67,67,67,67,60,59,59,59,59,80,80,80,79,79,79,79,79,79,79,79,79,79,79,19,43,43,80,80,80,80,45,45,45,45,45,45,45,45,45,45,45,45,29,80,80,50,50,50,50,57,57,57,57,41,47,47,47,50,47,53,65,65,65,65,65,65,65,65,65,65,65,65,65,65,65,65,65,65,65,65,65,65,65,65,72,72,72,72,72,72,72,72,72,72,54,54,54,54,54,59,59,59,59,59,59,59,59,59,48,48,50,59,59,59,59,59,59,67,67,67,75,75,75,75,75,75,75,75,75,75,75,75,75,75,75,75,75,89,89,89,89,89,89,89,89,89,89,89,89,89],"gold":2122,"neow_bonus":"BOSS_RELIC","is_daily":false,"chose_seed":false,"campfire_upgraded":28,"win_rate":0.0,"timestamp":1608760811,"path_taken":["M","M","?","?","M","E","M","?","T","?","M","E","M","E","R_BF","BOSS","M","?","?","$","M","R","NM","R","T","AVR","?","R","M","?","R","BOSS","M","?","M","?","AVR","R","?","M","T","R","?","E","$","?","R","BOSS","M","?","?","M","AVR","E","?","M","T","NM","M","M","?","M","R_BF","BOSS","M","?","?","$","M","R","?","E","T","AVR","M","M","R","M","R","BOSS","M","$","M","?","M","R","$","E","T","M","?","R","M","M","R","BOSS","M","?","M","?","M","E","?","E","T","M","?","R","M","?","R","BOSS","M","?","M","$","?","E","M","R","T","NM","M","?","E","M","R","BOSS","M","?","$","?","?","R","E","?","T","E","?","R","?","NM","R_BF","BOSS","R","$","E","BOSS"],"items_purchased_type":["Card","Relic","Relic","Relic","Relic","Relic","Relic","Relic","Card","Relic","Relic","Relic","Relic","Relic","Relic","Relic","Relic","Relic","Relic","Relic","Relic","Relic","Relic","Relic","Relic","Relic","Relic","Relic","Relic","Relic","Relic","Relic","Relic","Relic","Relic","Relic","Relic","Relic","Relic","Relic","Card","Relic","Relic","Relic","Relic","Relic","Relic","Relic","Relic","Relic","Relic","Relic","Relic","Relic","Relic","Relic","Relic","Relic","Relic","Relic","Relic","Relic"],"build_version":"2020-12-22","purchased_purges":12,"victory":true,"max_hp_per_floor":[80,80,80,80,80,80,80,80,80,80,80,80,80,80,80,80,80,80,80,80,80,80,80,80,80,80,80,80,80,80,80,80,80,80,80,80,80,80,80,80,80,80,80,80,80,80,80,80,80,80,80,80,80,80,80,80,87,87,87,87,65,65,65,65,65,65,65,65,65,65,65,65,65,65,65,65,65,65,65,65,65,65,65,65,65,65,65,65,65,65,65,72,72,72,72,72,72,72,72,72,72,54,54,54,54,54,59,59,59,59,59,59,59,59,59,59,59,59,59,59,59,59,59,59,67,67,67,75,75,75,75,75,75,75,75,75,75,75,75,75,75,75,75,75,89,89,89,89,89,89,89,89,89,89,89,89,89],"card_choices":[{"not_picked":["Pommel Strike","Heavy Blade"],"picked":"ReplayTheSpireMod:Limb From Limb","floor":1.0},{"not_picked":["ReplayTheSpireMod:Muscle Training","Feel No Pain"],"picked":"Entrench","floor":2.0},{"not_picked":["Run Through","Havoc"],"picked":"Body Slam","floor":5.0},{"not_picked":["Replay:Many Hands","Anger","Rage"],"picked":"SKIP","floor":6.0},{"not_picked":["Havoc","Life Link"],"picked":"Armaments","floor":7.0},{"not_picked":["Metallicize","ReplayTheSpireMod:Strike From Hell","Clash"],"picked":"SKIP","floor":8.0},{"not_picked":["Body Slam","Iron Wave","Sword Boomerang"],"picked":"SKIP","floor":10.0},{"not_picked":["Dropkick","ReplayTheSpireMod:Stacked","Fire Breathing"],"picked":"SKIP","floor":11.0},{"not_picked":["Bloodletting","Clash"],"picked":"Double Tap","floor":12.0},{"not_picked":["Intimidate","Rupture"],"picked":"Perfected Strike","floor":13.0},{"not_picked":["Wild Strike","Pommel Strike"],"picked":"Blood for Blood","floor":14.0},{"not_picked":["Limit Break","Exhume"],"picked":"Eclipse","floor":16.0},{"not_picked":["Flex","Sentinel","Fire Breathing+1"],"picked":"SKIP","floor":18.0},{"not_picked":["Exhume","Uppercut","Warcry"],"picked":"SKIP","floor":20.0},{"not_picked":["Whirlwind","Clash+1"],"picked":"Armaments+1","floor":22.0},{"not_picked":["Cleave","Havoc","Wild Strike"],"picked":"SKIP","floor":24.0},{"not_picked":["Dual Wield","Entrench","Body Slam"],"picked":"SKIP","floor":30.0},{"not_picked":["infinitespire:NeuralNetwork","Replay:Fractal Strike"],"picked":"hubris:Rewind","floor":31.0},{"not_picked":["infinitespire:OneForAll+1","True Grit+1","Ghostly Armor+1"],"picked":"SKIP","floor":35.0},{"not_picked":["Feel No Pain+1","Run Through+1","Twin Strike+1"],"picked":"SKIP","floor":37.0},{"not_picked":["hubris:InfiniteBlow+6","hubris:Fate"],"picked":"infinitespire:UltimateForm","floor":38},{"not_picked":["Heavy Blade","hubris:ReadiedAction+1"],"picked":"Armaments+1","floor":38},{"not_picked":["Shrug It Off","True Grit","Sword Boomerang+1"],"picked":"SKIP","floor":42},{"not_picked":["ReplayTheSpireMod:Strike From Hell","Replay:Undeath\u0027s Touch","Second Wind+1"],"picked":"SKIP","floor":46},{"not_picked":["Infernal Blade+1","Perfected Strike","Run Through"],"picked":"SKIP","floor":48},{"not_picked":["Brutality","Limit Break"],"picked":"Bludgeon","floor":50},{"not_picked":["Heavy Blade","Perfected Strike"],"picked":"Flame Barrier","floor":52},{"not_picked":["Shockwave","Armaments","Body Slam"],"picked":"SKIP","floor":55},{"not_picked":["Replay:Undeath\u0027s Touch","Heavy Blade","Perfected Strike"],"picked":"SKIP","floor":57},{"not_picked":["hubris:ReadiedAction","Warcry","Wild Strike"],"picked":"SKIP","floor":59},{"not_picked":["infinitespire:FutureSight","infinitespire:Fortify"],"picked":"hubris:Fate","floor":61},{"not_picked":["hubris:SharpeningStone","Flex","Infernal Blade"],"picked":"SKIP","floor":61},{"not_picked":["Thunderclap","Ghostly Armor","Sword Boomerang"],"picked":"SKIP","floor":62},{"not_picked":["Flex","Heavy Blade","Dark Embrace"],"picked":"SKIP","floor":63},{"not_picked":["Pommel Strike","Sword Boomerang","Iron Wave"],"picked":"SKIP","floor":64},{"not_picked":["Rampage","Pommel Strike","Anger"],"picked":"SKIP","floor":65},{"not_picked":["ReplayTheSpireMod:Black Plague","infinitespire:Collect"],"picked":"hubris:Fate","floor":67},{"not_picked":["Clothesline","Twin Strike","hubris:ReadiedAction"],"picked":"SKIP","floor":69},{"not_picked":["Rupture+1","Perfected Strike+1"],"picked":"Iron Wave+1","floor":71},{"not_picked":["Protect","Perfected Strike","Slice"],"picked":"SKIP","floor":73},{"not_picked":["Self Repair","Rip and Tear","Blade Dance"],"picked":"SKIP","floor":76},{"not_picked":["Go for the Eyes","Acrobatics","Crow Ritual"],"picked":"SKIP","floor":79},{"not_picked":["Iron Wave+1","Bane","Defy Death"],"picked":"SKIP","floor":80},{"not_picked":["Iron Wave","Escape Plan","WindmillStrike+1"],"picked":"SKIP","floor":82},{"not_picked":["Mirror Shield","Envenom"],"picked":"Replay:Dark Deal","floor":84},{"not_picked":["Pray","Beam Cell","Eviscerate+1"],"picked":"SKIP","floor":86},{"not_picked":["Skewer+1","Shockwave","Warcry"],"picked":"SKIP","floor":88},{"not_picked":["InnerPeace","Headbutt+1","Gash+1"],"picked":"SKIP","floor":90},{"not_picked":["Slice+1","Weave+1","ReplayTheSpireMod:Calculation Training"],"picked":"SKIP","floor":93},{"not_picked":["Uppercut+1","ReplayTheSpireMod:System Scan","Bouncing Flask"],"picked":"SKIP","floor":95},{"not_picked":["Slice+1","Steam","ReplaySort"],"picked":"SKIP","floor":98},{"not_picked":["Warcry+1","WreathOfFlame+1","CrushJoints+1"],"picked":"SKIP","floor":99},{"not_picked":["Twin Strike+1","Crescendo","Streamline+1"],"picked":"SKIP","floor":103},{"not_picked":["Conserve Battery","Sever Soul+1","EmptyFist+1"],"picked":"SKIP","floor":105},{"not_picked":["Skim","Consume"],"picked":"Endless Agony+1","floor":107},{"not_picked":["Malaise","Flash of Steel+1","MentalFortress"],"picked":"SKIP","floor":108},{"not_picked":["Evaluate","Reflex","Thunder Strike+1"],"picked":"SKIP","floor":110},{"not_picked":["Havoc","FollowUp+1","Infernal Blade"],"picked":"SKIP","floor":112},{"not_picked":["True Grit","Outmaneuver","Gash+1"],"picked":"SKIP","floor":115},{"not_picked":["Cleave+1","Dodge and Roll+1","Panic Button"],"picked":"SKIP","floor":120},{"not_picked":["Deadly Poison+1","Body Slam+1","Sword Boomerang+1"],"picked":"SKIP","floor":122},{"not_picked":["ReplaySolidLightProjector","Disarm+1","Pray+1"],"picked":"SKIP","floor":125},{"not_picked":["Streamline+1","Cold Snap+1","Run Through+1"],"picked":"SKIP","floor":126},{"not_picked":["Recycle+1","Fasting2+1","PiercingWail"],"picked":"SKIP","floor":129},{"not_picked":["Run Through+1","Hidden Blade+1","ReplayTheSpireMod:Muscle Training"],"picked":"SKIP","floor":130},{"not_picked":["Go for the Eyes+1","EmptyBody"],"picked":"Finesse","floor":132},{"not_picked":["EmptyMind","Halt","Sentinel+1"],"picked":"SKIP","floor":133},{"not_picked":["Doom and Gloom+1","Fire Breathing+1","Halt"],"picked":"SKIP","floor":137},{"not_picked":["ReplayTheSpireMod:Reroute Power","Adaptation+1","Flying Knee+1"],"picked":"SKIP","floor":143},{"not_picked":["hubris:SpiceAddiction","Shockwave+1","EmptyMind"],"picked":"SKIP","floor":146},{"not_picked":["Sentinel","HandOfGreed+1","hubris:SpiceAddiction"],"picked":"SKIP","floor":150},{"not_picked":["Looming Evil","hubris:Disease"],"picked":"Hallucinations","floor":153},{"not_picked":["Replay:Hysterical Blindness","Injury"],"picked":"CommonCold","floor":153},{"not_picked":["hubris:Disease","hubris:Despair"],"picked":"Doubt","floor":153},{"not_picked":["Finisher+1","Chaos","Undo+1"],"picked":"SKIP","floor":156}],"player_experience":402430,"relics_obtained":[{"floor":6.0,"key":"HornCleat"},{"floor":9.0,"key":"Replay:WaspNest"},{"floor":12.0,"key":"infinitespire:Midas Blood"},{"floor":14.0,"key":"infinitespire:ShieldingShard"},{"floor":15.0,"key":"infinitespire:Lucky Rock"},{"floor":19.0,"key":"Nunchaku"},{"floor":24.0,"key":"ReplayTheSpireMod:TigerMarble"},{"floor":38,"key":"hubris:MedicalManual"},{"floor":43,"key":"PreservedInsect"},{"floor":46,"key":"Anchor"},{"floor":57,"key":"hubris:MobiusCoin"},{"floor":57,"key":"Strawberry"},{"floor":60,"key":"Quantum Egg"},{"floor":61,"key":"infinitespire:Lychee Nut"},{"floor":61,"key":"White Beast Statue"},{"floor":76,"key":"Akabeko"},{"floor":76,"key":"Dream Catcher"},{"floor":77,"key":"The Courier"},{"floor":93,"key":"infinitespire:Satchel"},{"floor":93,"key":"Ancient Tea Set"},{"floor":94,"key":"infinitespire:PuzzleCube"},{"floor":94,"key":"Meat on the Bone"},{"floor":104,"key":"Replay:Bandana"},{"floor":108,"key":"Bottled Lightning"},{"floor":108,"key":"Gremlin Food"},{"floor":110,"key":"Blue Doll"},{"floor":110,"key":"Bird Faced Urn"},{"floor":111,"key":"Omamori"},{"floor":125,"key":"hubris:Spice"},{"floor":128,"key":"hubris:Spice"},{"floor":129,"key":"Incense Burner"},{"floor":129,"key":"Lantern"},{"floor":143,"key":"Happy Flower"},{"floor":145,"key":"Mango"},{"floor":146,"key":"Bottled Tornado"},{"floor":146,"key":"Boot"},{"floor":147,"key":"infinitespire:BottledMercury"},{"floor":150,"key":"Old Coin"},{"floor":156,"key":"Replay:Accelerometer"},{"floor":156,"key":"Replay:Towering Pillar of Hats"}],"event_choices":[{"damage_healed":0.0,"max_hp_gain":0.0,"max_hp_loss":0.0,"gold_gain":0.0,"event_name":"Wheel of Change","player_choice":"Cursed","floor":3.0,"gold_loss":0.0,"damage_taken":0.0,"cards_obtained":["Decay"]},{"damage_healed":0.0,"max_hp_gain":0.0,"max_hp_loss":0.0,"gold_gain":0.0,"event_name":"The Library","player_choice":"Read","floor":28.0,"gold_loss":0.0,"damage_taken":0.0,"cards_obtained":["Perfected Strike"]},{"damage_healed":0.0,"max_hp_gain":0.0,"max_hp_loss":0.0,"gold_gain":0.0,"event_name":"Tomb of Lord Red Mask","player_choice":"Ignored","floor":36.0,"gold_loss":0.0,"damage_taken":0.0},{"damage_healed":0,"gold_gain":0,"player_choice":"Ignored","damage_taken":0,"max_hp_gain":0,"max_hp_loss":0,"event_name":"Tomb of Lord Red Mask","floor":38,"gold_loss":0},{"damage_healed":0,"gold_gain":0,"player_choice":"Memory 1","damage_taken":0,"max_hp_gain":0,"max_hp_loss":0,"event_name":"SensoryStone","floor":41,"gold_loss":0},{"damage_healed":0,"gold_gain":0,"player_choice":"Rummage","damage_taken":0,"relics_obtained":["WarpedTongs"],"max_hp_gain":0,"max_hp_loss":0,"event_name":"Accursed Blacksmith","floor":45,"gold_loss":0,"cards_obtained":["Pain"]},{"damage_healed":0,"gold_gain":0,"player_choice":"Got Potions","damage_taken":0,"max_hp_gain":0,"max_hp_loss":0,"event_name":"Lab","floor":58,"gold_loss":0},{"damage_healed":0,"gold_gain":0,"player_choice":"Success","damage_taken":3,"relics_obtained":["InkBottle"],"max_hp_gain":0,"max_hp_loss":0,"event_name":"Scrap Ooze","floor":66,"gold_loss":0},{"damage_healed":0,"gold_gain":0,"player_choice":"0 cards matched","damage_taken":0,"max_hp_gain":0,"max_hp_loss":0,"event_name":"Match and Keep!","floor":70,"gold_loss":0,"cards_obtained":[]},{"damage_healed":0,"gold_gain":0,"player_choice":"Bought 0 Potions","damage_taken":0,"max_hp_gain":0,"max_hp_loss":0,"event_name":"The Woman in Blue","floor":75,"gold_loss":0},{"damage_healed":0,"gold_gain":0,"player_choice":"Upgraded","damage_taken":0,"max_hp_gain":0,"max_hp_loss":0,"event_name":"Upgrade Shrine","floor":96,"gold_loss":0,"cards_upgraded":["hubris:InfiniteBlow"]},{"cards_removed":["Perfected Strike"],"damage_healed":5,"gold_gain":0,"player_choice":"Offered Common","damage_taken":0,"max_hp_gain":0,"max_hp_loss":0,"event_name":"Bonfire Elementals","floor":106,"gold_loss":0},{"cards_removed":["Perfected Strike"],"damage_healed":5,"gold_gain":0,"player_choice":"Offered Special","damage_taken":0,"max_hp_gain":0,"max_hp_loss":0,"event_name":"Bonfire Elementals","floor":106,"gold_loss":0},{"damage_healed":0,"gold_gain":0,"player_choice":"Trade","damage_taken":0,"relics_obtained":["NlothsMask"],"max_hp_gain":0,"max_hp_loss":0,"event_name":"FaceTrader","floor":109,"gold_loss":0},{"damage_healed":0,"gold_gain":75,"player_choice":"Gather Gold","damage_taken":11,"max_hp_gain":0,"max_hp_loss":0,"event_name":"World of Goop","floor":116,"gold_loss":0},{"damage_healed":0,"gold_gain":0,"player_choice":"Obtained Relic","damage_taken":0,"relics_obtained":["Bag of Marbles"],"max_hp_gain":0,"max_hp_loss":0,"event_name":"Addict","floor":121,"gold_loss":85},{"damage_healed":0,"gold_gain":99,"player_choice":"Stole From Cult","damage_taken":0,"max_hp_gain":0,"max_hp_loss":0,"event_name":"Nest","floor":124,"gold_loss":0},{"damage_healed":0,"gold_gain":0,"player_choice":"Ignored","damage_taken":0,"max_hp_gain":0,"max_hp_loss":0,"event_name":"Ghosts","floor":131,"gold_loss":0},{"cards_removed":["Flame Barrier"],"damage_healed":0,"gold_gain":0,"player_choice":"Removed Skill","damage_taken":0,"max_hp_gain":0,"max_hp_loss":0,"event_name":"Falling","floor":138,"gold_loss":0},{"damage_healed":0,"gold_gain":0,"player_choice":"Memory 1","damage_taken":0,"max_hp_gain":0,"max_hp_loss":0,"event_name":"SensoryStone","floor":141,"gold_loss":0},{"damage_healed":0,"gold_gain":0,"player_choice":"0 cards matched","damage_taken":0,"max_hp_gain":0,"max_hp_loss":0,"event_name":"Match and Keep!","floor":149,"gold_loss":0,"cards_obtained":[]}],"is_beta":false,"boss_relics":[{"not_picked":["Calling Bell","Replay:Bronze Core"],"picked":"hubris:ScarierMask"},{"not_picked":["Empty Cage","Fusion Hammer"],"picked":"Mark of Pain"},{"not_picked":["Sozu","Ooze Armor"],"picked":"Black Star"},{"not_picked":["hubris:BlackHole","infinitespire:Cupcake"],"picked":"SlaversCollar"},{"not_picked":["Philosopher\u0027s Stone","hubris:HollowSoul"],"picked":"Empty Cage"},{"not_picked":["SacredBark","Runic Dome"],"picked":"Replay:Drink Me"},{"not_picked":["SacredBark","hubris:BlackHole"],"picked":"Astrolabe"},{"not_picked":["hubris:Spice","hubris:GrandSneckoEye"],"picked":"hubris:Backtick"},{"not_picked":["Sozu","hubris:Spice"],"picked":"Replay:Ancient Bell"},{"not_picked":["Toy Ornithopter","hubris:Spice"],"picked":"hubris:TenFootPole"},{"not_picked":["hubris:DisguiseKit","hubris:Spice"],"picked":"hubris:PeanutButter"},{"not_picked":["hubris:Spice","hubris:Spice"],"picked":"hubris:FunFungus"}],"items_purged_floors":[4,47,72,78,87,89,92,113,123,139,144,155],"is_endless":true,"potions_floor_spawned":[2,6,7,10,12,18,22,30,35,38,42,50,59,62,63,64,65,67,69,71,73,76,79,80,82,84,86,88,90,93,95,98,99,101,103,105,107,108,110,112,115,118,120,122,125,126,130,132,133,135,137,143,146,152,156,157],"ascension_level":0}}