{"host":"h8l1uc7c2i19r904","time":1608741753,"event":{"mods":["AchievementEnabler","BaseMod","Colored Map","Colored Powertips","Downfall","Minty Spire (QoL Compilation)","Quick Restart","Replay The Spire","StSLib","SuperFastMode"],"gold_per_floor":[116,116,130,149,1,26,26,26,49,63,74,100,117,133,133,133,133],"floor_reached":16,"playtime":1494,"items_purged":[],"score":114,"play_id":"951f2630-cd83-4ea0-8162-7b107592b41e","local_time":"20201223084233","is_ascension_mode":false,"campfire_choices":[{"data":"Zap","floor":7,"key":"SMITH"},{"data":"Defragment","floor":15,"key":"SMITH"}],"circlet_count":0,"master_deck":["Strike_B","Strike_B","Strike_B","Strike_B","Defend_B","Defend_B","Defend_B","Defend_B","Zap+1","Dualcast","Pot Of Greed","Steam Power","Pot Of Greed","Defragment+1","Defragment","Conserve Battery","Rip and Tear"],"relics":["Cracked Core","NeowsBlessing","Grinning Jar","Anchor","Nunchaku","Bag of Preparation","Oddly Smooth Stone"],"acts_visited":["Exordium"],"potions_floor_usage":[6,12,16],"damage_taken":[{"damage":0.0,"enemies":"Jaw Worm","floor":1.0,"turns":1.0},{"damage":0,"enemies":"2 Louse","floor":3,"turns":1},{"damage":0,"enemies":"Cultist","floor":4,"turns":1},{"damage":30,"enemies":"3 Sentries","floor":6,"turns":7},{"damage":0,"enemies":"Blue Slaver","floor":10,"turns":2},{"damage":0,"enemies":"3 Louse","floor":11,"turns":3},{"damage":14,"enemies":"Lagavulin","floor":12,"turns":6},{"damage":2,"enemies":"Red Slaver","floor":13,"turns":4},{"damage":15,"enemies":"Gremlin Gang","floor":14,"turns":5},{"damage":22,"enemies":"Fading Forest","floor":16,"turns":4}],"seed_played":"1845360597604511123","potions_obtained":[{"floor":4,"key":"BlessingOfTheForge"},{"floor":10,"key":"PotionOfCapacity"},{"floor":11,"key":"Weak Potion"},{"floor":13,"key":"PowerPotion"}],"is_trial":false,"path_per_floor":["M","?","M","M","$","E","R","?","T","M","M","E","M","M","R","B"],"character_chosen":"DEFECT","items_purchased":["Anchor"],"campfire_rested":0,"item_purchase_floors":[5],"current_hp_per_floor":[75,75,75,75,75,45,45,45,45,45,45,31,29,14,14,0,0],"gold":133,"neow_bonus":"THREE_ENEMY_KILL","is_daily":false,"chose_seed":false,"campfire_upgraded":2,"win_rate":0.0,"timestamp":1608741753,"path_taken":["M","?","M","M","$","E","R","?","T","M","M","E","M","?","R","BOSS"],"items_purchased_type":["Relic"],"build_version":"2020-12-22","purchased_purges":0,"victory":false,"max_hp_per_floor":[75,75,75,75,75,75,75,75,75,75,75,75,75,75,75,75,75],"card_choices":[{"not_picked":["Leap","Panic Button","ReplayTheSpireMod:System Scan"],"picked":"SKIP","floor":1},{"not_picked":["Static Discharge","Coolheaded"],"picked":"Steam Power","floor":3},{"not_picked":["Stack","Rebound","Streamline"],"picked":"SKIP","floor":4},{"not_picked":["ReplayGash","Compile Driver","ReplayTheSpireMod:GoodbyeWorld"],"picked":"SKIP","floor":6},{"not_picked":["Blizzard","FIFO Queue"],"picked":"Defragment","floor":10},{"not_picked":["ReplaySolidLightProjector","Coolheaded","Conserve Battery"],"picked":"SKIP","floor":11},{"not_picked":["ReplaySolidLightProjector","Coolheaded","Conserve Battery"],"picked":"SKIP","floor":11},{"not_picked":["FIFO Queue","Blizzard"],"picked":"Defragment","floor":12},{"not_picked":["Barrage","Go for the Eyes"],"picked":"Conserve Battery","floor":13},{"not_picked":["Fusion","Stack"],"picked":"Rip and Tear","floor":14}],"player_experience":105442,"relics_obtained":[{"floor":6,"key":"Nunchaku"},{"floor":9,"key":"Bag of Preparation"},{"floor":12,"key":"Oddly Smooth Stone"}],"event_choices":[{"damage_healed":0,"gold_gain":0,"player_choice":"Box","damage_taken":0,"relics_obtained":["Grinning Jar"],"max_hp_gain":0,"max_hp_loss":0,"event_name":"Big Fish","floor":2,"gold_loss":0,"cards_obtained":["Regret"]},{"cards_removed":["Regret"],"damage_healed":0,"gold_gain":0,"player_choice":"Purged","damage_taken":0,"max_hp_gain":0,"max_hp_loss":0,"event_name":"Purifier","floor":8,"gold_loss":0}],"is_beta":false,"boss_relics":[],"items_purged_floors":[],"is_endless":false,"potions_floor_spawned":[4,10,11,13],"killed_by":"Fading Forest","ascension_level":0}}