{"host":"uuxww4b5od0o4ivw","time":1608754895,"event":{"mods":["BaseMod","Downfall","Minty Spire (QoL Compilation)","StSLib","The Necromancer"],"gold_per_floor":[99,113,130,130,149,165,188,138,163,113,126,141,158,189,199,199,199,199],"floor_reached":16,"playtime":944,"items_purged":[],"score":166,"play_id":"41358454-d32e-4001-a0ce-a279b7b816c6","local_time":"20201223102135","is_ascension_mode":false,"campfire_choices":[{"data":"Slimebound:Split","floor":1,"key":"SMITH"},{"floor":8,"key":"REST"},{"floor":10,"key":"REST"}],"circlet_count":0,"master_deck":["Slimebound:Strike_Slimebound","Slimebound:Strike_Slimebound","Slimebound:Strike_Slimebound","Slimebound:Tackle","Slimebound:Defend_Slimebound","Slimebound:Defend_Slimebound","Slimebound:Defend_Slimebound","Slimebound:Defend_Slimebound","Slimebound:Split+1","Slimebound:CorrosiveSpit","Slimebound:SplitLeeching","Slimebound:SplitBruiser","Slimebound:SplitBruiser","Slimebound:SplitLeeching","Slimebound:RejuvenatingLick","Slimebound:Schlurp","Slimebound:SplitBruiser","Slimebound:SplitBruiser","Slimebound:ProtectTheBoss"],"relics":["Slimebound:AbsorbEndCombat","Slimebound:GreedOozeRelic","Oddly Smooth Stone","Centennial Puzzle","Toxic Egg 2"],"acts_visited":["Exordium"],"potions_floor_usage":[14,14,16],"damage_taken":[{"damage":13,"enemies":"Small Slimes","floor":2,"turns":4},{"damage":13,"enemies":"Jaw Worm","floor":3,"turns":3},{"damage":16,"enemies":"Cultist","floor":5,"turns":4},{"damage":55,"enemies":"Gremlin Gang","floor":6,"turns":5},{"damage":42,"enemies":"Lagavulin","floor":9,"turns":5},{"damage":36,"enemies":"Exordium Thugs","floor":11,"turns":3},{"damage":21,"enemies":"3 Louse","floor":12,"turns":3},{"damage":41,"enemies":"Lots of Slimes","floor":13,"turns":3},{"damage":16,"enemies":"Gremlin Nob","floor":14,"turns":2},{"damage":22,"enemies":"Blue Slaver","floor":15,"turns":3},{"damage":65,"enemies":"downfall:Watcher","floor":16,"turns":5}],"seed_played":"2890538317079500961","potions_obtained":[{"floor":9,"key":"Fire Potion"},{"floor":11,"key":"FearPotion"},{"floor":12,"key":"Slimebound:SlimedPotion"},{"floor":14,"key":"Energy Potion"},{"floor":15,"key":"Regen Potion"}],"is_trial":false,"path_per_floor":["R","M","M","?","M","M","T","R","E","R","M","M","M","E","M","B"],"character_chosen":"SLIMEBOUND","items_purchased":[],"campfire_rested":2,"item_purchase_floors":[],"current_hp_per_floor":[66,65,66,66,62,27,27,46,30,49,41,40,29,31,33,0,0,0],"gold":199,"neow_bonus":"TEN_PERCENT_HP_BONUS","is_daily":false,"chose_seed":false,"campfire_upgraded":1,"win_rate":0.0,"timestamp":1608754895,"path_taken":["R","M","M","?","M","M","T","R","E","R","M","M","M","E","M","BOSS"],"items_purchased_type":[],"build_version":"2020-12-22","purchased_purges":0,"victory":false,"max_hp_per_floor":[66,66,66,66,66,66,66,66,66,66,66,66,66,66,66,66,66,66],"card_choices":[{"not_picked":["Slimebound:RollThrough","Slimebound:Replication"],"picked":"Slimebound:SplitLeeching","floor":2},{"not_picked":["Slimebound:SlimeSpikes","Slimebound:PressTheAttack"],"picked":"Slimebound:SplitBruiser","floor":3},{"not_picked":["Slimebound:SplitAcid","Slimebound:SlimeSpikes"],"picked":"Slimebound:SplitBruiser","floor":5},{"not_picked":["Slimebound:FormOfPuddle","Slimebound:Gluttony"],"picked":"Slimebound:SplitLeeching","floor":6},{"not_picked":["Slimebound:TagTeam","Slimebound:HauntingLick"],"picked":"Slimebound:RejuvenatingLick","floor":9},{"not_picked":["Slimebound:SplitSpecialist","Slimebound:Repurpose"],"picked":"Slimebound:Schlurp","floor":11},{"not_picked":["Slimebound:GoopSpray","Slimebound:FinishingTackle"],"picked":"Slimebound:SplitBruiser","floor":12},{"not_picked":["Slimebound:PressTheAttack","Slimebound:ItLooksTasty"],"picked":"Slimebound:SplitBruiser","floor":13},{"not_picked":["Slimebound:DouseInSlime+1","Slimebound:SamplingLick+1"],"picked":"Slimebound:ProtectTheBoss","floor":14},{"not_picked":["Slimebound:Dissolve+1","Slimebound:LeechEnergy","Slimebound:FinishingTackle"],"picked":"SKIP","floor":15}],"player_experience":62163,"relics_obtained":[{"floor":7,"key":"Oddly Smooth Stone"},{"floor":9,"key":"Centennial Puzzle"},{"floor":14,"key":"Toxic Egg 2"}],"event_choices":[],"is_beta":false,"boss_relics":[],"items_purged_floors":[],"is_endless":false,"potions_floor_spawned":[9,11,12,14,15],"killed_by":"downfall:Watcher","ascension_level":0}}