{"host":"kta213tp32cz47du","time":1608721202,"event":{"mods":["BaseMod","Better Altar","Better Match","Better Note","Better Sensory Stone","Better Skull","Better Third Choice","Better Vampires","Colored Map","Colored Powertips","Conspire","Curses Come First","Displayed Cursed Tome","Downfall","Force Act Four","Hubris","Infinite Spire","JesterMod","Magitek Elite","Marisa????????","Minty Spire (QoL Compilation)","Permanent Neow","Potion Indicator Mod","QueenMod","Quick Restart","Rare Cards Sparkle","Replay The Spire","Shade Mod","Shop Mod","Spikes Relics","StSLib","The Animator","The Blue Laboratory","The Bug Knight","The Cursed","The Servant 0.9.4","TheSwordswoman","TheVelvet","TheWitcher","vexMod"],"gold_per_floor":[172,189,189,208,133,133,133,150,180,212,238,258,183,25,44,141,141,141,141,141,192,192,271,295,295,355,419,419,480,563,563,630,777,777,777,833,833,238,293,359,384,384,461,483,408,428,428,446,474,587,587,587,587],"floor_reached":51,"playtime":4676,"items_purged":["hexamod:Defend","hexamod:Strike"],"score":844,"play_id":"5ec0e47e-1f95-4aae-a2bb-30c0ec73a5d3","local_time":"20201223110002","is_ascension_mode":false,"campfire_choices":[{"data":"hexamod:NightmareStrike","floor":6.0,"key":"SMITH"},{"floor":13.0,"key":"REST"},{"floor":18.0,"key":"DIG"},{"data":"hexamod:TimeOfNeed","floor":25,"key":"SMITH"},{"floor":35,"key":"DIG"},{"floor":45,"key":"REST"},{"floor":47,"key":"REST"}],"circlet_count":0,"master_deck":["hexamod:Strike","hexamod:Strike","hexamod:Strike","hexamod:Defend","hexamod:Defend","hexamod:Defend+1","hexamod:Sear","hexamod:Float+1","hexamod:SpectersWail","hexamod:NightmareStrike+1","expansioncontent:Corrupt+1","hexamod:EmpoweredFlame","hexamod:EtherealExpedition+1","hexamod:SoulSteal+1","hexamod:SecondSeal","hexamod:TimeOfNeed+1","expansioncontent:Collect","hexamod:EtherealExpedition+1","hexamod:FirstSeal","hexamod:GhostflameInferno","infinitespire:Collect+1","hexamod:GhostLash","hexamod:ExtraCrispy+1","hexamod:InspiringFlames","hexamod:EmpoweredFlame","hexamod:SixthSeal","hexamod:Hexaguard","Sharp Hide","hexamod:FastForward+1","hexamod:NightmareStrike","hexamod:UnleashSpirits","hexamod:Hexaguard+1","hexamod:SpectersWail","hexamod:HauntingEcho+1","hexamod:EmpoweredFlame+1","hexamod:UnleashSpirits"],"relics":["hexamod:SpiritBrand","Blood Vial","Odd Mushroom","Bag of Preparation","vexMod:BarristanHead","downfall:HeartBlessingBlue","Sozu","Omamori","Regal Pillow","Busted Crown","downfall:KnowingSkull","SpikesRelics:DaevaFist","infinitespire:Beetle Shell","Replay:Ringing Soul","Black Star","Replay:Kaleidoscope","WarpedTongs","SnafuTest:BearRelic","vexMod:Spyglass","Guard_Bracelet","hubris:TenFootPole","Regal Pillow","The Courier","downfall:HeartBlessingGreen","Ring of Chaos"],"acts_visited":["Exordium","TheCity","TheBeyond","Exordium"],"potions_floor_usage":[],"damage_taken":[{"damage":1.0,"enemies":"2 Louse","floor":2.0,"turns":3.0},{"damage":0.0,"enemies":"Cultist","floor":4.0,"turns":3.0},{"damage":0.0,"enemies":"Small Slimes","floor":8.0,"turns":2.0},{"damage":16.0,"enemies":"The Mushroom Lair","floor":9.0,"turns":3.0},{"damage":28.0,"enemies":"Gremlin Nob","floor":10.0,"turns":4.0},{"damage":10.0,"enemies":"Exordium Thugs","floor":12.0,"turns":3.0},{"damage":0.0,"enemies":"downfall:FleeingMerchant","floor":14.0,"turns":4.0},{"damage":0.0,"enemies":"Blue Slaver","floor":15.0,"turns":2.0},{"damage":3.0,"enemies":"downfall:Watcher","floor":16.0,"turns":13.0},{"damage":3.0,"enemies":"Chosen","floor":21.0,"turns":4.0},{"damage":12.0,"enemies":"Nightmare","floor":23.0,"turns":7.0},{"damage":17,"enemies":"Centurion and Healer","floor":26,"turns":4},{"damage":16,"enemies":"Shelled Parasite and Fungi","floor":27,"turns":4},{"damage":17,"enemies":"Snecko","floor":29,"turns":4},{"damage":3,"enemies":"HollowMod:Nosk","floor":30,"turns":7},{"damage":10,"enemies":"Sentry and Sphere","floor":32,"turns":4},{"damage":18,"enemies":"downfall:Defect","floor":33,"turns":6},{"damage":13,"enemies":"Orb Walker","floor":36,"turns":3},{"damage":3,"enemies":"downfall:FleeingMerchant","floor":38,"turns":4},{"damage":3,"enemies":"3 Shapes","floor":39,"turns":4},{"damage":23,"enemies":"Sphere and 2 Shapes","floor":40,"turns":4},{"damage":72,"enemies":"Nightmare","floor":43,"turns":13},{"damage":1,"enemies":"Spire Growth","floor":44,"turns":4},{"damage":1,"enemies":"3 Darklings","floor":46,"turns":4},{"damage":9,"enemies":"4 Shapes","floor":48,"turns":3},{"damage":1,"enemies":"Transient","floor":49,"turns":5},{"damage":8,"enemies":"downfall:Ironclad","floor":50,"turns":11}],"seed_played":"4817478841099095927","potions_obtained":[{"floor":2.0,"key":"AttackPotion"},{"floor":8.0,"key":"Toxic Potion"},{"floor":9.0,"key":"Slimebound:ThreeZeroPotion"},{"floor":10.0,"key":"blueLaboratory:BottleOfVodka"},{"floor":12.0,"key":"EssenceOfSteel"}],"is_trial":false,"path_per_floor":["R_BF","M","?","M","?","R","T","M","?","E","T","M","R","$","M","B",null,"R_BF","AVR","?","M","?","NM","T","R","M","M","?","M","E","?","M","B",null,"R_BF","M","?","$","M","M","T","T","NM","M","R","M","R","M","M","B",null],"character_chosen":"THE_SPIRIT","items_purchased":["expansioncontent:Collect","hexamod:EtherealExpedition+1","SnafuTest:BearRelic","vexMod:Spyglass","hexamod:Hexaguard","Sharp Hide"],"campfire_rested":3,"item_purchase_floors":[14,14,38,38,38,38],"current_hp_per_floor":[70,69,69,70,70,70,70,70,54,28,28,20,54,56,58,57,80,80,80,73,79,79,75,75,75,67,60,60,52,58,61,60,54,86,86,80,80,89,92,72,72,72,12,23,68,72,104,98,102,106,113,113,113],"gold":587,"neow_bonus":"RANDOM_COMMON_RELIC","is_daily":false,"chose_seed":false,"campfire_upgraded":2,"win_rate":0.0,"timestamp":1608721202,"path_taken":["R_BF","M","?","?","?","R","T","M","?","E","?","M","R","$","M","BOSS","R_BF","AVR","?","M","?","NM","T","R","M","?","?","M","E","?","M","BOSS","R_BF","M","?","$","M","M","T","?","NM","M","R","?","R","M","M","BOSS"],"items_purchased_type":["Card","Card","Relic","Relic","Card","Card"],"build_version":"2020-12-22","purchased_purges":2,"victory":false,"max_hp_per_floor":[70,70,70,70,70,70,70,70,70,70,70,70,80,80,80,80,80,80,80,80,80,80,80,80,80,80,80,80,80,80,83,83,86,86,86,86,86,89,92,95,95,95,98,101,101,104,104,107,110,113,113,113,113],"card_choices":[{"not_picked":["hexamod:RainOfEmbers","hexamod:BurningTouch"],"picked":"hexamod:SpectersWail","floor":2.0},{"not_picked":["hexamod:ThermalTransfer","hexamod:ShieldOfDarkness"],"picked":"hexamod:NightmareStrike","floor":4.0},{"not_picked":["Violence+1","ReplayTheSpireMod:Necrogeddon+1"],"picked":"expansioncontent:Corrupt+1","floor":5.0},{"not_picked":["hexamod:SoulSteal","hexamod:DynamicBlow"],"picked":"hexamod:EmpoweredFlame","floor":8.0},{"not_picked":["hexamod:ThirdSeal","hexamod:GhostLash"],"picked":"hexamod:EtherealExpedition","floor":9.0},{"not_picked":["hexamod:BurningTouch","hexamod:NightmareStrike"],"picked":"hexamod:SoulSteal","floor":10.0},{"not_picked":["hexamod:FastForward","hexamod:BurningTouch"],"picked":"hexamod:SecondSeal","floor":12.0},{"not_picked":["hexamod:NightmareGuise","hexamod:GhostOfSpirePresent"],"picked":"hexamod:TimeOfNeed","floor":14.0},{"not_picked":["hexamod:NightmareStrike","hexamod:StepThrough"],"picked":"hexamod:FirstSeal","floor":15.0},{"not_picked":["hexamod:TurnItUp","hexamod:WildfireWeapon"],"picked":"hexamod:GhostflameInferno","floor":16.0},{"not_picked":[],"picked":"hexamod:GhostLash","floor":21.0},{"not_picked":[],"picked":"hexamod:ExtraCrispy+1","floor":23.0},{"not_picked":["hexamod:CatchUp"],"picked":"SKIP","floor":26},{"not_picked":["hexamod:SwordOfDarkness"],"picked":"SKIP","floor":27},{"not_picked":[],"picked":"hexamod:InspiringFlames","floor":29},{"not_picked":["hexamod:SwordOfDarkness"],"picked":"SKIP","floor":30},{"not_picked":["hexamod:SwordOfDarkness"],"picked":"SKIP","floor":32},{"not_picked":[],"picked":"hexamod:SixthSeal","floor":33},{"not_picked":["hexamod:SecondSeal"],"picked":"SKIP","floor":36},{"not_picked":["hexamod:FirstSeal"],"picked":"SKIP","floor":38},{"not_picked":[],"picked":"hexamod:FastForward","floor":39},{"not_picked":[],"picked":"hexamod:NightmareStrike","floor":40},{"not_picked":[],"picked":"hexamod:UnleashSpirits","floor":43},{"not_picked":[],"picked":"hexamod:Hexaguard+1","floor":44},{"not_picked":[],"picked":"hexamod:SpectersWail","floor":46},{"not_picked":[],"picked":"hexamod:HauntingEcho+1","floor":48},{"not_picked":[],"picked":"hexamod:EmpoweredFlame+1","floor":49},{"not_picked":[],"picked":"hexamod:UnleashSpirits","floor":50}],"player_experience":296416,"relics_obtained":[{"floor":9.0,"key":"Odd Mushroom"},{"floor":10.0,"key":"Bag of Preparation"},{"floor":11.0,"key":"vexMod:BarristanHead"},{"floor":18.0,"key":"Omamori"},{"floor":23.0,"key":"SpikesRelics:DaevaFist"},{"floor":24.0,"key":"infinitespire:Beetle Shell"},{"floor":30,"key":"Replay:Ringing Soul"},{"floor":35,"key":"Replay:Kaleidoscope"},{"floor":41,"key":"Guard_Bracelet"},{"floor":42,"key":"hubris:TenFootPole"},{"floor":43,"key":"Regal Pillow"},{"floor":43,"key":"The Courier"}],"event_choices":[{"damage_healed":0.0,"max_hp_gain":0.0,"max_hp_loss":0.0,"gold_gain":0.0,"event_name":"Upgrade Shrine","player_choice":"Upgraded","floor":3.0,"gold_loss":0.0,"damage_taken":0.0,"cards_upgraded":["hexamod:Float"]},{"damage_healed":0.0,"max_hp_gain":0.0,"max_hp_loss":0.0,"gold_gain":0.0,"event_name":"betterMatch:BetterMatch","player_choice":"2","floor":5.0,"gold_loss":0.0,"damage_taken":0.0,"cards_obtained":["betterMatch:ColorlessRareCard"]},{"damage_healed":0.0,"max_hp_gain":0.0,"max_hp_loss":0.0,"gold_gain":0.0,"event_name":"Mushrooms","player_choice":"Fought Mushrooms","floor":9.0,"gold_loss":0.0,"damage_taken":0.0},{"cards_removed":["hexamod:Strike"],"damage_healed":0.0,"max_hp_gain":0.0,"max_hp_loss":0.0,"gold_gain":0.0,"event_name":"betterNote:BetterNote","player_choice":"Give","floor":22.0,"gold_loss":0.0,"damage_taken":0.0,"cards_obtained":["Guardian:Defend_Guardian"]},{"damage_healed":0,"gold_gain":0,"player_choice":"Read","damage_taken":0,"max_hp_gain":0,"max_hp_loss":0,"event_name":"The Library","floor":31,"gold_loss":0,"cards_obtained":["hexamod:EmpoweredFlame"]},{"damage_healed":0,"gold_gain":0,"player_choice":"Rummage","damage_taken":0,"relics_obtained":["WarpedTongs"],"max_hp_gain":0,"max_hp_loss":0,"event_name":"Accursed Blacksmith","floor":37,"gold_loss":0,"cards_obtained":["Pain"]}],"is_beta":false,"boss_relics":[{"not_picked":["infinitespire:Cupcake","Snecko Eye"],"picked":"Sozu"},{"not_picked":["hubris:VirtuousBlindfold","vexMod:TanglingVine"],"picked":"Black Star"},{"not_picked":["conspire:SlowCooker","Honey Jar"],"picked":"Ring of Chaos"}],"items_purged_floors":[19,38],"is_endless":true,"potions_floor_spawned":[2,8,9,10,12,21,26,32,44,46,48,50],"ascension_level":0}}