{"host":"ufl0k2so27eic2iy","time":1608729303,"event":{"mods":["BaseMod","Minty Spire (QoL Compilation)","StSLib","The Animator"],"gold_per_floor":[131,145,145,70,88,128,128,128,128],"floor_reached":8,"playtime":437,"items_purged":["animator:Strike"],"score":98,"play_id":"da970f3c-7e3a-4d22-ae70-cb7c5a877ea6","local_time":"20201223131503","is_ascension_mode":true,"campfire_choices":[],"circlet_count":0,"master_deck":["AscendersBane","animator:Strike_RozenMaiden","animator:Defend_RozenMaiden","animator:Strike","animator:Defend","animator:Defend","animator:Defend","animator:Souseiseki","animator:Hinaichigo","animator:Viivi","animator:Viivi","animator:YoshinoHimekawa","animator:Suiseiseki"],"relics":["animator:LivingPicture","animator:TheMissingPiece","Art of War"],"acts_visited":["Exordium"],"potions_floor_usage":[8],"damage_taken":[{"damage":2,"enemies":"2 Louse","floor":1,"turns":5},{"damage":1,"enemies":"Cultist","floor":2,"turns":5},{"damage":0,"enemies":"Small Slimes","floor":5,"turns":5},{"damage":29,"enemies":"3 Sentries","floor":6,"turns":12},{"damage":13,"enemies":"Gremlin Nob","floor":8,"turns":4}],"seed_played":"-6005790059110368344","potions_obtained":[{"floor":6,"key":"EssenceOfSteel"}],"is_trial":false,"path_per_floor":["M","M","?","$","M","E","?","E"],"character_chosen":"THE_ANIMATOR","items_purchased":[],"campfire_rested":0,"item_purchase_floors":[],"current_hp_per_floor":[52,51,51,51,51,22,22,9,9],"gold":128,"neow_bonus":"REMOVE_CARD","is_daily":false,"chose_seed":true,"campfire_upgraded":0,"win_rate":0.0,"timestamp":1608729303,"path_taken":["M","M","?","$","?","E","?","E"],"items_purchased_type":[],"build_version":"2020-12-22","purchased_purges":1,"victory":false,"max_hp_per_floor":[60,60,60,60,60,60,60,60,60],"card_choices":[{"not_picked":["animator:NoriSakurada","animator:Kuribayashi"],"picked":"animator:Viivi","floor":1},{"not_picked":["animator:NiaHonjou","animator:Hinaichigo","animator:Kuribayashi"],"picked":"SKIP","floor":2},{"not_picked":["animator:Viivi","animator:Souseiseki"],"picked":"animator:YoshinoHimekawa","floor":5},{"not_picked":["animator:TomoeKashiwaba","animator:NoriSakurada"],"picked":"animator:Suiseiseki","floor":6}],"player_experience":2351824,"relics_obtained":[{"floor":6,"key":"Art of War"}],"event_choices":[{"damage_healed":0,"gold_gain":0,"player_choice":"1 cards matched","damage_taken":0,"max_hp_gain":0,"max_hp_loss":0,"event_name":"Match and Keep!","floor":3,"gold_loss":0,"cards_obtained":["animator:Viivi"]},{"damage_healed":0,"gold_gain":0,"player_choice":"Ignored","damage_taken":0,"max_hp_gain":0,"max_hp_loss":0,"event_name":"Liars Game","floor":7,"gold_loss":0}],"is_beta":false,"boss_relics":[],"items_purged_floors":[4],"is_endless":false,"potions_floor_spawned":[6],"killed_by":"Gremlin Nob","ascension_level":15}}