{"host":"qw4xe3mt0biolpvp","time":1608755872,"event":{"mods":["AchievementEnabler","Act Like it!","BaseMod","BetterRewards","Colored Map","Colored Powertips","Downfall","Hallownest","Hermit","Highlight Path","Hubris","Infinite Spire","Minty Spire (QoL Compilation)","Replay The Spire","StSLib","The Bug Knight","The Cursed","The Jungle","The Servant 0.9.4"],"gold_per_floor":[110,126,146,100,100,100,116,150,150,150,150,167,37,48,48,146,146,160,160,75,75,75,75],"floor_reached":22,"playtime":978,"items_purged":["Hallucinations"],"score":184,"play_id":"2e3a9fbc-ecd9-46ea-9f43-1543bcd1dbdd","local_time":"20201223173752","is_ascension_mode":false,"campfire_choices":[{"data":"Zap","floor":6,"key":"SMITH"},{"data":"Dualcast","floor":11,"key":"SMITH"}],"circlet_count":0,"master_deck":["Strike_B","Strike_B","Strike_B","Defend_B","Defend_B","Defend_B","Zap+1","Dualcast+1","Recycle","Barrage","Gash","Sweeping Beam","Rebound","Electrodynamics+1","Lockon","Capacitor+1","Capacitor","Capacitor","Mirror Shield","Chaos","infinitespire:Oblivion"],"relics":["Cracked Core","Bird Faced Urn","infinitespire:Broken Mirror","ReplayTheSpireMod:Ring of Exchange","Ring of Fury","Replay:Bronze Core","Ice Cream"],"acts_visited":["Exordium","TheCity"],"potions_floor_usage":[8,16],"damage_taken":[{"damage":1,"enemies":"Cultist","floor":1,"turns":3},{"damage":12,"enemies":"infinitespire:Voidling","floor":2,"turns":3},{"damage":0,"enemies":"Small Slimes","floor":3,"turns":2},{"damage":12,"enemies":"Blue Slaver","floor":7,"turns":3},{"damage":4,"enemies":"3 Sentries","floor":8,"turns":2},{"damage":10,"enemies":"Looter","floor":12,"turns":2},{"damage":0,"enemies":"Exordium Wildlife","floor":14,"turns":1},{"damage":40,"enemies":"The Guardian","floor":16,"turns":6},{"damage":59,"enemies":"3 Byrds","floor":18,"turns":6},{"damage":10,"enemies":"Shell Parasite","floor":22,"turns":1}],"seed_played":"6177678848840903034","potions_obtained":[{"floor":1,"key":"PowerPotion"},{"floor":7,"key":"Strength Potion"},{"floor":8,"key":"sneckomod:MuddlingPotion"}],"is_trial":false,"path_per_floor":["M","M","M","$","?","R","M","E","T","?","R","M","$","M","R_BF","B",null,"M","?","?","?","M"],"character_chosen":"DEFECT","items_purchased":["Rebound","Capacitor"],"campfire_rested":0,"item_purchase_floors":[4,13],"current_hp_per_floor":[74,66,66,66,66,66,54,50,50,50,50,42,42,44,66,34,75,22,22,22,4,0,0],"gold":75,"neow_bonus":"RANDOM_EVENT","is_daily":false,"chose_seed":false,"campfire_upgraded":2,"win_rate":0.0,"timestamp":1608755872,"path_taken":["M","?","?","?","?","R","M","E","T","?","R","M","$","M","R_BF","BOSS","M","?","?","?","M"],"items_purchased_type":["Card","Card"],"build_version":"2020-12-22","purchased_purges":1,"victory":false,"max_hp_per_floor":[75,75,75,75,75,75,75,75,75,75,75,75,75,75,75,75,75,75,75,75,75,75,75],"card_choices":[{"not_picked":["Stack","Cold Snap"],"picked":"Barrage","floor":1},{"not_picked":["ReplayTheSpireMod:Reroute Power","Skim"],"picked":"Gash","floor":2},{"not_picked":["Stack","Conserve Battery"],"picked":"Sweeping Beam","floor":3},{"not_picked":["Go for the Eyes","Rebound"],"picked":"Lockon","floor":7},{"not_picked":["Beam Cell","ReplayGash","Cold Snap"],"picked":"SKIP","floor":8},{"not_picked":["Redo","Compile Driver"],"picked":"Capacitor","floor":12},{"not_picked":["ReplayTheSpireMod:Repulse","Machine Learning","ReplaySort"],"picked":"SKIP","floor":14},{"not_picked":["hubris:DoWhile","Amplify"],"picked":"Mirror Shield","floor":16},{"not_picked":["Redo","Stack"],"picked":"Chaos","floor":18},{"not_picked":["ReplayTheSpireMod:Black Plague","infinitespire:Collect"],"picked":"infinitespire:Oblivion","floor":21}],"player_experience":27521,"relics_obtained":[{"floor":8,"key":"Bird Faced Urn"},{"floor":9,"key":"infinitespire:Broken Mirror"},{"floor":10,"key":"ReplayTheSpireMod:Ring of Exchange"},{"floor":10,"key":"Ring of Fury"}],"event_choices":[{"damage_healed":0,"gold_gain":0,"cards_transformed":["Strike_B"],"player_choice":"Change","damage_taken":0,"max_hp_gain":0,"max_hp_loss":0,"event_name":"Living Wall","floor":0,"gold_loss":0,"cards_obtained":["Recycle"]},{"damage_healed":0,"gold_gain":0,"player_choice":"Obtained Relic","damage_taken":0,"relics_obtained":["Ice Cream"],"max_hp_gain":0,"max_hp_loss":0,"event_name":"Addict","floor":20,"gold_loss":85}],"is_beta":false,"boss_relics":[{"not_picked":["Snecko Eye","Medical Kit"],"picked":"Replay:Bronze Core"}],"items_purged_floors":[13],"is_endless":false,"potions_floor_spawned":[1,7,8],"killed_by":"Shell Parasite","ascension_level":0}}