{"host":"yp2ga117svxnbcen","time":1608681862,"event":{"mods":["Act Like it!","Aspiration","BaseMod","BetterRewards","ChefMod","Colored Map","Conspire","Custom Start","Downfall","Elementarium","Gensokyo","GifTheSpireLib","Gold Saver","GungeonMod","Halation","Hallownest","Hermit","HornydragonMod","Hubris","Menagerie","Minty Spire (QoL Compilation)","Quick Restart","Remove Card Discount Mod","Replay The Spire","Shop Mod","Spicy Shops","StSLib","Stuff the Spire","The Blue Laboratory","The IronCluck","egg","slay the spire mod where everything is the same but ironclad has a cowboy hat","vexMod","??????REMEMod"],"gold_per_floor":[800,800,800,800,380,408,462,462,491,341,341,441,452,466,482,579,579,579,590,590,606,618,634,634,354,369,369,369,399,419,419,435,535,535,460,474,474,474,484,484,484,484],"floor_reached":40,"playtime":1347,"items_purged":[],"score":414,"play_id":"31960c84-62a2-4668-a3b9-e5daa87792bd","local_time":"20201222160422","is_ascension_mode":false,"campfire_choices":[{"data":"champ:Execute","floor":1.0,"key":"SMITH"},{"floor":8.0,"key":"RECALL"},{"data":"champ:Duel","floor":10.0,"key":"SMITH"},{"data":"champ:SteelEdge","floor":18.0,"key":"SMITH"},{"data":"champ:RapidStrikes","floor":28,"key":"SMITH"},{"data":"champ:LastStand","floor":35,"key":"SMITH"}],"circlet_count":0,"master_deck":["champ:Strike","champ:Strike","champ:Strike","champ:Strike","champ:Defend+1","champ:Defend","champ:Defend","champ:Defend","champ:Execute+1","champ:Taunt+1","champ:FlashCut","champ:RapidStrikes+1","champ:Duel+1","champ:SteelEdge+1","champ:Lariat","champ:RisingSlash","champ:FanOfKnives","champ:FanOfKnives","champ:LastStand+1","champ:RecklessLeap","champ:CrookedStrike","champ:HoldFirm","champ:CalledShot+1","champ:BerserkerStyle+1","champ:MurderStrike","champ:LastStand"],"relics":["champ:ChampionCrown","REME_ComplimentaryCards","downfall:HeartsMalice","Replay:WaspNest","halation:LettersToHer","StuffTheSpire:BottledEssence","aspiration:FrozenJewel","Bag of Preparation","downfall:HeartBlessingBlue","downfall:HeartBlessingRed","Toy Ornithopter","vexMod:CursedCompass","aspiration:RitualStick","InkBottle","War Paint","aspiration:StickyExplosives_weak","halation:Prosthetics","downfall:HeartBlessingGreen","halation:EternalFortune"],"acts_visited":["Exordium","TheCity","TheBeyond"],"potions_floor_usage":[29,32,33,33,39,40],"damage_taken":[{"damage":0.0,"enemies":"Jaw Worm","floor":3.0,"turns":1.0},{"damage":0.0,"enemies":"Small Slimes","floor":4.0,"turns":1.0},{"damage":0.0,"enemies":"downfall:FleeingMerchant","floor":5.0,"turns":1.0},{"damage":13.0,"enemies":"Lagavulin","floor":6.0,"turns":4.0},{"damage":11.0,"enemies":"3 Sentries","floor":9.0,"turns":6.0},{"damage":2.0,"enemies":"downfall:LadyInBlue","floor":12.0,"turns":10.0},{"damage":0.0,"enemies":"Cultist","floor":13.0,"turns":2.0},{"damage":0.0,"enemies":"Large Slime","floor":14.0,"turns":3.0},{"damage":5.0,"enemies":"2 Fungi Beasts","floor":15.0,"turns":3.0},{"damage":37.0,"enemies":"downfall:Silent","floor":16.0,"turns":6.0},{"damage":20.0,"enemies":"Chosen","floor":19.0,"turns":3.0},{"damage":18.0,"enemies":"3 Byrds","floor":21.0,"turns":3.0},{"damage":26.0,"enemies":"Snake Plant","floor":22.0,"turns":2.0},{"damage":15,"enemies":"Snecko","floor":23,"turns":2},{"damage":23,"enemies":"downfall:FleeingMerchant","floor":25,"turns":4},{"damage":4,"enemies":"Sentry and Sphere","floor":26,"turns":4},{"damage":31,"enemies":"Slavers","floor":29,"turns":4},{"damage":8,"enemies":"3 Cultists","floor":30,"turns":3},{"damage":35,"enemies":"Shelled Parasite and Fungi","floor":32,"turns":3},{"damage":56,"enemies":"downfall:Defect","floor":33,"turns":4},{"damage":26,"enemies":"Orb Walker","floor":36,"turns":3},{"damage":41,"enemies":"3 Shapes","floor":39,"turns":3},{"damage":73,"enemies":"Reptomancer","floor":40,"turns":3}],"seed_played":"3614628116775079982","potions_obtained":[{"floor":9.0,"key":"BlessingOfTheForge"},{"floor":12.0,"key":"DemoMod:BlankPotion"},{"floor":12.0,"key":"SteroidPotion"},{"floor":12.0,"key":"Elixir"},{"floor":16.0,"key":"SkillPotion"},{"floor":30,"key":"Fire Potion"},{"floor":31,"key":"CultistPotion"},{"floor":32,"key":"blueLaboratory:LouseDecoction"},{"floor":33,"key":"champ:OpenerPotion"},{"floor":36,"key":"BlessingOfTheForge"}],"is_trial":false,"path_per_floor":["R","?","M","M","$","E","T","R","E","R","?","?","M","M","M","B",null,"R","M","?","M","M","M","T","$","M","?","R","E","M","?","M","B",null,"R","M","?","?","M","E"],"character_chosen":"THE_CHAMP","items_purchased":["halation:LettersToHer","StuffTheSpire:BottledEssence","champ:GladiatorStyle","Strength Potion","champ:CalledShot+1","War Paint","FearPotion"],"campfire_rested":0,"item_purchase_floors":[5,5,5,5,25,25,25],"current_hp_per_floor":[90,78,78,78,78,65,65,65,59,69,69,72,72,72,67,54,100,100,98,78,78,57,57,57,63,62,62,62,41,44,44,46,39,65,65,53,56,56,55,0,0,0],"gold":484,"neow_bonus":"THREE_ENEMY_KILL","is_daily":false,"chose_seed":false,"campfire_upgraded":5,"win_rate":0.0,"timestamp":1608681862,"path_taken":["R","?","M","M","$","E","T","R","E","R","?","?","M","?","M","BOSS","R","M","?","M","M","M","T","$","M","?","R","E","M","?","M","BOSS","R","M","?","?","M","E"],"items_purchased_type":["Relic","Relic","Card","Potion","Card","Relic","Potion"],"build_version":"2020-12-13","purchased_purges":0,"victory":false,"max_hp_per_floor":[90,90,90,90,90,90,90,90,90,100,100,100,100,100,100,100,100,100,100,100,100,100,100,100,100,100,100,100,100,100,100,100,100,65,65,65,68,68,71,71,71,71],"card_choices":[{"not_picked":["champ:GladiatorsShout","champ:EnGarde"],"picked":"champ:FlashCut","floor":3.0},{"not_picked":["champ:Encircle","champ:Circumvent"],"picked":"champ:RapidStrikes","floor":4.0},{"not_picked":["champ:IronFortress","champ:SkillfulDodge"],"picked":"champ:Duel","floor":5.0},{"not_picked":["champ:RapidStrikes","champ:PerfectedStrike"],"picked":"champ:SteelEdge","floor":6.0},{"not_picked":["champ:RisingSlash","champ:StanceDance"],"picked":"champ:Lariat","floor":9.0},{"not_picked":["champ:FlashCut","champ:IronFortress"],"picked":"champ:RisingSlash","floor":12.0},{"not_picked":["champ:FlashCut","champ:ShieldWall"],"picked":"champ:FanOfKnives","floor":13.0},{"not_picked":["champ:TornadoPunch","champ:ShieldThrow","champ:PerfectedStrike"],"picked":"SKIP","floor":14.0},{"not_picked":["champ:AdrenalArmor","champ:GladiatorStyle"],"picked":"champ:FanOfKnives","floor":15.0},{"not_picked":["champ:SteelEdge","champ:IgnorePain"],"picked":"champ:LastStand","floor":16.0},{"not_picked":["champ:Haymaker","champ:FanOfKnives"],"picked":"champ:RecklessLeap","floor":19.0},{"not_picked":["champ:Circumvent","champ:AdrenalArmor"],"picked":"champ:CrookedStrike","floor":21.0},{"not_picked":["champ:Circumvent","champ:PreciseThrust","champ:EnGarde"],"picked":"SKIP","floor":22.0},{"not_picked":["champ:PerfectedStrike","champ:HeartStrike"],"picked":"champ:HoldFirm","floor":23},{"not_picked":["champ:Riposte+1","champ:FocusedDefense+1","champ:Haymaker"],"picked":"SKIP","floor":25},{"not_picked":["champ:FlashCut","champ:ShieldWall"],"picked":"champ:BerserkerStyle+1","floor":26},{"not_picked":["champ:Devastate","champ:Shatter+1"],"picked":"champ:MurderStrike","floor":29},{"not_picked":["champ:IgnorePain","champ:Backstep","champ:GladiatorStyle+1"],"picked":"SKIP","floor":30},{"not_picked":["champ:FocusedGladiator","champ:ViciousMockery","champ:Circumvent"],"picked":"SKIP","floor":32},{"not_picked":["champ:ShieldSlam","champ:DancingMaster"],"picked":"champ:LastStand","floor":33},{"not_picked":["champ:IronFortress","champ:SkillfulDodge+1","champ:EnGarde+1"],"picked":"SKIP","floor":36},{"not_picked":["champ:FlashCut","champ:PerfectedStrike+1","champ:CrookedStrike+1"],"picked":"SKIP","floor":39}],"player_experience":1154996,"relics_obtained":[{"floor":6.0,"key":"aspiration:FrozenJewel"},{"floor":7.0,"key":"halation:LettersToHer"},{"floor":9.0,"key":"Bag of Preparation"},{"floor":12.0,"key":"Toy Ornithopter"},{"floor":24,"key":"halation:LettersToHer"},{"floor":24,"key":"InkBottle"},{"floor":29,"key":"aspiration:StickyExplosives_weak"},{"floor":39,"key":"halation:EternalFortune"}],"event_choices":[{"damage_healed":0.0,"max_hp_gain":0.0,"max_hp_loss":0.0,"gold_gain":0.0,"event_name":"Scrap Ooze","player_choice":"Success","floor":2.0,"gold_loss":0.0,"damage_taken":12.0,"relics_obtained":["Replay:WaspNest"]},{"cards_removed":["champ:GladiatorStyle"],"damage_healed":0,"gold_gain":0,"player_choice":"Purged","damage_taken":0,"max_hp_gain":0,"max_hp_loss":0,"event_name":"Purifier","floor":38,"gold_loss":0}],"is_beta":false,"boss_relics":[{"not_picked":["halation:PlatinumPhoenix","hubris:CrackedHourglass"],"picked":"vexMod:CursedCompass"},{"not_picked":["Fusion Hammer","Snecko Eye"],"picked":"halation:Prosthetics"}],"items_purged_floors":[],"is_endless":false,"potions_floor_spawned":[6,9,15,16,23,30,32,33,36],"killed_by":"Reptomancer","ascension_level":0}}