{"host":"7v9t59ze4jbx2rzq","time":1608735876,"event":{"mods":["100% Spire Juice","Act Like it!","Arisen Slayers","BaseMod","Gensokyo","Highlight Path","Minty Spire (QoL Compilation)","QueenMod","Spicy Shops","StSLib","Wide Potions"],"gold_per_floor":[114,128,228,240,65,98,114,139,166,22,39,56,56,44,44,141,141,157,173,187,51,51,51,76,76,102,112,112,144,144,154,154,256,256,268,7,23,37,57,57,75,106,106,106,206,233,233,266,266,266],"floor_reached":51,"playtime":5128,"items_purged":[],"score":898,"play_id":"71919415-4f05-4c33-8526-aba15fd32a52","local_time":"20201223100436","is_ascension_mode":true,"campfire_choices":[{"data":"QueenMod:InspiringStrike","floor":13.0,"key":"SMITH"},{"data":"QueenMod:Advisor","floor":15.0,"key":"SMITH"},{"data":"QueenMod:SharpStingers","floor":23.0,"key":"SMITH"},{"data":"QueenMod:HornetSwarm","floor":25.0,"key":"SMITH"},{"floor":30.0,"key":"REST"},{"data":"QueenMod:SharpStingers","floor":32.0,"key":"SMITH"},{"floor":40,"key":"REST"},{"floor":44,"key":"REST"},{"floor":49,"key":"REST"}],"circlet_count":0,"master_deck":["QueenMod:Strike","QueenMod:Strike","QueenMod:Defend","QueenMod:Defend","QueenMod:Defend","QueenMod:Defend","QueenMod:QuickJabs+1","QueenMod:Recruit+1","QueenMod:Charge+1","QueenMod:Incubate","QueenMod:SwarmingStrike","QueenMod:HonorGuard","QueenMod:SharpStingers+1","QueenMod:AttackOrder","QueenMod:Advisor+1","QueenMod:Mark","QueenMod:Ravage","QueenMod:InspiringStrike+1","QueenMod:HornetSwarm+1","QueenMod:SharpStingers+1","QueenMod:MatingDance","QueenMod:BusyBees+1"],"relics":["QueenMod:QueensBanner","Art of War","Anchor","Whetstone","HandDrill","Black Star","DollysMirror","Happy Flower","Dream Catcher","QueenMod:DraftNotice","Gensokyo:ConquerorOfFear","QueenMod:BloatedManual","Regal Pillow","Cursed Key","Bottled Tornado","PreservedInsect","Molten Egg 2","Frozen Egg 2","Shuriken","Pear","Incense Burner","Lantern","Smiling Mask"],"acts_visited":["Exordium","Gensokyo:Gensokyo","Gensokyo:Gensokyoer"],"potions_floor_usage":[41,42,48],"damage_taken":[{"damage":0.0,"enemies":"Gensokyo:3_Fairies","floor":1.0,"turns":4.0},{"damage":1.0,"enemies":"Gensokyo:Python","floor":2.0,"turns":3.0},{"damage":1.0,"enemies":"Gensokyo:2_Kodama","floor":4.0,"turns":4.0},{"damage":0.0,"enemies":"Gensokyo:Mamizou","floor":6.0,"turns":6.0},{"damage":3.0,"enemies":"Gensokyo:Kitsune","floor":7.0,"turns":4.0},{"damage":0.0,"enemies":"Gensokyo:Aya","floor":8.0,"turns":5.0},{"damage":0.0,"enemies":"Gensokyo:VengefulSpirit","floor":11.0,"turns":3.0},{"damage":1.0,"enemies":"Gensokyo:2_Rabbits","floor":12.0,"turns":3.0},{"damage":10.0,"enemies":"Gensokyo:Reimu","floor":16.0,"turns":7.0},{"damage":0.0,"enemies":"Gensokyo:3_Dogs","floor":18.0,"turns":4.0},{"damage":0.0,"enemies":"Gensokyo:Chomper","floor":19.0,"turns":2.0},{"damage":17.0,"enemies":"Gensokyo:Slime_Group","floor":20.0,"turns":4.0},{"damage":7.0,"enemies":"Gensokyo:Tenshi","floor":24.0,"turns":4.0},{"damage":11.0,"enemies":"Gensokyo:Wraith","floor":27.0,"turns":4.0},{"damage":4.0,"enemies":"Gensokyo:Reisen","floor":29.0,"turns":7.0},{"damage":0.0,"enemies":"Gensokyo:3_Gloops","floor":31.0,"turns":4.0},{"damage":43.0,"enemies":"Gensokyo:Eiki","floor":33.0,"turns":7.0},{"damage":1,"enemies":"Gensokyo:3_Bats","floor":35,"turns":3},{"damage":9,"enemies":"Gensokyo:3_Boulders","floor":37,"turns":4},{"damage":12,"enemies":"Gensokyo:SeedOfUnknown","floor":38,"turns":4},{"damage":10,"enemies":"Gensokyo:Rafflesia","floor":39,"turns":6},{"damage":0,"enemies":"Gensokyo:4_Bats","floor":41,"turns":2},{"damage":16,"enemies":"Gensokyo:Marisa","floor":42,"turns":4},{"damage":0,"enemies":"Gensokyo:Doremy","floor":46,"turns":2},{"damage":24,"enemies":"Gensokyo:Kasen","floor":48,"turns":5},{"damage":0,"enemies":"Gensokyo:Yuyuko","floor":50,"turns":7}],"seed_played":"1953841052647271083","potions_obtained":[{"floor":2.0,"key":"SkillPotion"},{"floor":6.0,"key":"Dexterity Potion"},{"floor":27.0,"key":"AttackPotion"},{"floor":35,"key":"Energy Potion"},{"floor":39,"key":"SpeedPotion"},{"floor":41,"key":"SkillPotion"}],"is_trial":false,"path_per_floor":["M","M","?","M","$","E","M","E","T","COS","M","M","R","?","R","B",null,"M","M","M","COS","?","R","E","R","T","M","?","E","R","M","R","B",null,"M","COS","M","M","M","R","M","E","T","R","?","E","?","E","R","B",null],"character_chosen":"THE_QUEEN","items_purchased":["QueenMod:SharpStingers","QueenMod:AttackOrder","Fire Potion"],"campfire_rested":4,"item_purchase_floors":[5,5,5],"current_hp_per_floor":[75,74,74,73,73,73,70,70,70,70,70,69,69,75,75,65,75,75,75,58,58,58,58,51,51,51,40,40,36,73,73,73,30,75,74,74,65,53,43,75,75,59,59,75,75,85,51,27,67,67],"gold":266,"neow_bonus":"UPGRADE_CARD","is_daily":false,"chose_seed":false,"campfire_upgraded":5,"win_rate":0.0,"timestamp":1608735876,"path_taken":["M","M","?","?","?","E","?","E","T","COS","M","M","R","?","R","BOSS","M","M","M","COS","?","R","E","R","T","?","?","E","R","M","R","BOSS","M","COS","M","M","M","R","M","E","T","R","?","E","?","E","R","BOSS"],"items_purchased_type":["Card","Card","Potion"],"build_version":"2020-12-22","purchased_purges":0,"victory":true,"max_hp_per_floor":[75,75,75,75,75,75,75,75,75,75,75,75,75,75,75,75,75,75,75,75,75,75,75,75,75,75,75,75,75,75,75,75,75,75,75,75,75,75,75,75,75,75,75,75,75,85,85,85,85,85],"card_choices":[{"not_picked":["QueenMod:HoldPosition","QueenMod:PopulateOrder"],"picked":"QueenMod:Charge","floor":1.0},{"not_picked":["QueenMod:Feint","QueenMod:HexGuard"],"picked":"QueenMod:Incubate","floor":2.0},{"not_picked":["QueenMod:RoyalBanquet","QueenMod:CrossGuard"],"picked":"QueenMod:SwarmingStrike","floor":3.0},{"not_picked":["QueenMod:HoneycombSmash","QueenMod:ChainStrike"],"picked":"QueenMod:HonorGuard","floor":4.0},{"not_picked":["QueenMod:HoneycombSmash","QueenMod:FullRetreat"],"picked":"QueenMod:Advisor","floor":6.0},{"not_picked":["QueenMod:Incubate","QueenMod:Charge"],"picked":"QueenMod:WarBuzz","floor":7.0},{"not_picked":["QueenMod:SecretWeapon","QueenMod:Rally"],"picked":"QueenMod:Mark","floor":8.0},{"not_picked":["QueenMod:BirthingCells","QueenMod:Rally"],"picked":"QueenMod:Ravage","floor":11.0},{"not_picked":["QueenMod:DefendOrder","QueenMod:Fleche"],"picked":"QueenMod:InspiringStrike","floor":12.0},{"not_picked":["QueenMod:TortureDance","QueenMod:SwarmTactics"],"picked":"QueenMod:HornetSwarm","floor":16.0},{"not_picked":["QueenMod:DefendOrder","QueenMod:Ambush","QueenMod:PollenBlast"],"picked":"SKIP","floor":18.0},{"not_picked":["QueenMod:Fleche+1","QueenMod:Strategize","QueenMod:Flyby+1"],"picked":"SKIP","floor":19.0},{"not_picked":["QueenMod:Advisor","QueenMod:HoneycombSmash","QueenMod:Flyby+1"],"picked":"SKIP","floor":20.0},{"not_picked":["QueenMod:Feint","QueenMod:AttackOrder","QueenMod:HoldPosition"],"picked":"SKIP","floor":24.0},{"not_picked":["QueenMod:Advisor","QueenMod:Honeyblaster","QueenMod:HexGuard"],"picked":"SKIP","floor":27.0},{"not_picked":["QueenMod:WorkerDrones","QueenMod:Advisor"],"picked":"QueenMod:MatingDance","floor":29.0},{"not_picked":["QueenMod:ProtectQueen","QueenMod:RoyalOrder","QueenMod:Lunge"],"picked":"SKIP","floor":31.0},{"not_picked":["QueenMod:Assimilate+1","QueenMod:Ravage","QueenMod:Strategize+1"],"picked":"SKIP","floor":35},{"not_picked":["QueenMod:Lunge+1","QueenMod:Fleche+1"],"picked":"QueenMod:BusyBees+1","floor":37},{"not_picked":["QueenMod:Flyby+1","QueenMod:GnatSquadron","QueenMod:HoneycombSmash+1"],"picked":"SKIP","floor":38},{"not_picked":["QueenMod:CrossGuard+1","QueenMod:GatheringSwarm+1","QueenMod:Fleche"],"picked":"SKIP","floor":39},{"not_picked":["QueenMod:DignifiedSlap","QueenMod:Gather+1","QueenMod:Rally"],"picked":"SKIP","floor":41},{"not_picked":["QueenMod:DefendOrder","QueenMod:WaxCrafters","QueenMod:IAmTheSwarm"],"picked":"SKIP","floor":42},{"not_picked":["QueenMod:OverwhelmingForce+1","QueenMod:PheremoneSwap","QueenMod:Flyby+1"],"picked":"SKIP","floor":46},{"not_picked":["QueenMod:CrossGuard","QueenMod:PollenBlast+1","QueenMod:SplitStrike+1"],"picked":"SKIP","floor":48}],"player_experience":2169964,"relics_obtained":[{"floor":6.0,"key":"Art of War"},{"floor":8.0,"key":"Anchor"},{"floor":9.0,"key":"Whetstone"},{"floor":24.0,"key":"Happy Flower"},{"floor":24.0,"key":"Dream Catcher"},{"floor":26.0,"key":"QueenMod:DraftNotice"},{"floor":29.0,"key":"Gensokyo:ConquerorOfFear"},{"floor":29.0,"key":"QueenMod:BloatedManual"},{"floor":29.0,"key":"Regal Pillow"},{"floor":42,"key":"PreservedInsect"},{"floor":42,"key":"Molten Egg 2"},{"floor":45,"key":"Frozen Egg 2"},{"floor":46,"key":"Shuriken"},{"floor":46,"key":"Pear"},{"floor":48,"key":"Lantern"},{"floor":48,"key":"Smiling Mask"}],"event_choices":[],"is_beta":false,"boss_relics":[{"not_picked":["Sozu","Empty Cage"],"picked":"Black Star"},{"not_picked":["SacredBark","QueenMod:Medal"],"picked":"Cursed Key"}],"items_purged_floors":[],"is_endless":false,"potions_floor_spawned":[2,6,8,12,18,27,35,39,41],"ascension_level":1}}