{"host":"vfjw5z5u57sxa51v","time":1608745720,"event":{"mods":["AchievementEnabler","Act Like it!","Aspiration","Bard","BaseMod","Beaked The Cultist","Better Altar","Better Match","Better Note","Better Sensory Stone","Better Skull","Better Third Choice","BetterRewards","CCEM","Clawfect","Colored Map","Conspire","Downfall","GifTheSpireLib","Halation","Hallownest","Highlight Path","Hubris","Hunter ??","Infinite Spire","Jedi Mod","Jorbs\u0027s Wanderer Trilogy","Mad Scientist","Marisa????????","Minty Spire (QoL Compilation)","Permanent Neow","Replay The Spire","Shade Mod","Shop Mod","Spicy Shops","StSLib","Stuff the Spire","The Administrix","The Blackbeard","The Bug Knight","The Mystic","The Necromancer","The Runesmith","The Servant 0.9.4","The Spell Scribe","Unceasing Turn Reminder","everything is the same but u backflip on backflip"],"gold_per_floor":[112,122,122,141,141,174,174,209,209,219,219,236,246,262,262,365,365,378,404,404,404,404,431,441,466,542,542,555,569,588,601,601,601,601],"floor_reached":33,"playtime":1982,"items_purged":[],"score":401,"play_id":"a9c7ceed-267f-4bf1-9ffe-bff54ffac35b","local_time":"20201223184840","is_ascension_mode":false,"campfire_choices":[{"data":"Coolheaded","floor":7.0,"key":"SMITH"},{"data":"StuffTheSpire:Rend","floor":15.0,"key":"SMITH"},{"floor":27.0,"key":"REST"},{"floor":32,"key":"REST"}],"circlet_count":0,"master_deck":["Gash","Gash","Gash","Gash","Gash+1","Steam Power","Clawfect:ClawAndGloom","Coolheaded+1","Hallownest:skillLeafShield","Hallownest:skillLeafShield","Hallownest:skillLeafShield","Hallownest:skillLeafShield","Hallownest:skillLeafShield+1","Clawfect:ClawCell","Clawfect:ClawLightning","Crystallizer","Clawfect:ClawpileDriver","StuffTheSpire:Rend+1","Electrodynamics","Seek","BasicCrystalCard+1","Clawfect:ClawingBeam+1","Hello World","Clawfect:Clawrage","White Noise+1","StuffTheSpire:Synthwave+1"],"relics":["Clawfect:DRClaw","aspiration:HiddenCompartment","Vajra","hubris:GlazedTorus","aspiration:PoetsPen_weak","Juzu Bracelet","jedi:shrinkray","Happy Flower","hubris:SlimyHat","Gremlin Food","StuffTheSpire:PointBlank"],"acts_visited":["Exordium","Hallownest:Greenpath"],"potions_floor_usage":[33,33],"damage_taken":[{"damage":0.0,"enemies":"Hallownest:monsterHuskGuard","floor":1.0,"turns":4.0},{"damage":0.0,"enemies":"2_ Uuma","floor":2.0,"turns":5.0},{"damage":0.0,"enemies":"Hallownest:2_Baldur","floor":4.0,"turns":5.0},{"damage":0.0,"enemies":"Hallownest:eliteMossKnight","floor":6.0,"turns":4.0},{"damage":22.0,"enemies":"Hallownest:eliteCrystalGuardian","floor":8.0,"turns":4.0},{"damage":0.0,"enemies":"Hallownest:monsterMossCharger","floor":10.0,"turns":3.0},{"damage":0.0,"enemies":"Hallownest:Wandering_and_Horned","floor":12.0,"turns":4.0},{"damage":3.0,"enemies":"Hallownest:MossCreep_and_Mosskin","floor":13.0,"turns":4.0},{"damage":0.0,"enemies":"Hallownest:monsterAspidMother","floor":14.0,"turns":3.0},{"damage":60.0,"enemies":"Hallownest:BossHornet","floor":16.0,"turns":5.0},{"damage":3.0,"enemies":"Hallownest:3_Youths","floor":18.0,"turns":3.0},{"damage":12.0,"enemies":"conspire:MimicChest","floor":19.0,"turns":3.0},{"damage":15.0,"enemies":"Hallownest:eliteSoulWarrior","floor":23.0,"turns":3.0},{"damage":14.0,"enemies":"Hallownest:Flukemon_and_Top","floor":24.0,"turns":3.0},{"damage":0.0,"enemies":"Hallownest:Nosk","floor":25.0,"turns":3.0},{"damage":6.0,"enemies":"Hallownest:2_Flukemon","floor":28.0,"turns":3.0},{"damage":18.0,"enemies":"Hallownest:2_Husk_Sentries","floor":29.0,"turns":3.0},{"damage":9,"enemies":"Hallownest:3_Mistakes","floor":30,"turns":3},{"damage":0,"enemies":"Hallownest:monsterMisterMushroom","floor":31,"turns":3},{"damage":31,"enemies":"Hallownest:BossGrimm","floor":33,"turns":3}],"seed_played":"-4381836183095922527","potions_obtained":[{"floor":4.0,"key":"Venom Potion"},{"floor":8.0,"key":"SteroidPotion"},{"floor":13.0,"key":"Toxic Potion"},{"floor":16.0,"key":"Fire Potion"},{"floor":18.0,"key":"SkillPotion"},{"floor":28.0,"key":"EssenceOfSteel"},{"floor":31,"key":"Block Potion"}],"is_trial":false,"path_per_floor":["M","M","?","M","?","E","R","E","T","M","?","M","M","M","R","B",null,"M","?","?","?","?","E","M","E","T","R","M","M","M","M","R","B"],"character_chosen":"DEFECT","items_purchased":[],"campfire_rested":2,"item_purchase_floors":[],"current_hp_per_floor":[75,75,75,75,75,75,75,53,53,53,57,57,54,54,54,8,75,72,60,68,31,45,30,16,16,16,38,32,14,5,5,27,0,0],"gold":601,"neow_bonus":"RANDOM_COLORLESS","is_daily":false,"chose_seed":false,"campfire_upgraded":2,"win_rate":0.0,"timestamp":1608745720,"path_taken":["M","?","?","M","?","E","R","E","T","M","?","?","M","M","R","BOSS","M","?","?","?","?","E","M","E","T","R","M","M","M","M","R","BOSS"],"items_purchased_type":[],"build_version":"2020-12-22","purchased_purges":0,"victory":false,"max_hp_per_floor":[75,75,75,75,75,75,75,75,75,75,75,75,75,75,75,75,75,75,75,75,75,75,75,75,75,75,75,75,75,75,75,75,75,75],"card_choices":[{"not_picked":["ReplayTheSpireMod:System Scan","StuffTheSpire:NuclearReactor"],"picked":"Steam Power","floor":1.0},{"not_picked":["Clawfect:ScrapingClaw","Clawfect:ClawCell"],"picked":"Clawfect:ClawAndGloom","floor":2.0},{"not_picked":["BasicCrystalCard","Lockon"],"picked":"Coolheaded","floor":4.0},{"not_picked":["Consume","Mirror Shield"],"picked":"Clawfect:ClawCell","floor":6.0},{"not_picked":["Genetic Algorithm","jedi:locknload"],"picked":"Clawfect:ClawLightning","floor":8.0},{"not_picked":["conspire:Rain","Storm"],"picked":"Crystallizer","floor":10.0},{"not_picked":["Chill","Conserve Battery"],"picked":"Clawfect:ClawpileDriver","floor":12.0},{"not_picked":["Steam Power","ReplayTheSpireMod:Calculation Training"],"picked":"StuffTheSpire:Rend","floor":13.0},{"not_picked":["Steam","aspiration:Polymerization"],"picked":"Electrodynamics","floor":14.0},{"not_picked":["Creative AI","StuffTheSpire:ForEach"],"picked":"Seek","floor":16.0},{"not_picked":["Steam+1","Conserve Battery+1"],"picked":"BasicCrystalCard+1","floor":18.0},{"not_picked":["jedi:BurstLightning","jedi:BurstFrost+1"],"picked":"Clawfect:ClawingBeam+1","floor":19.0},{"not_picked":["Tempest+1","StuffTheSpire:LoadUp+1","Hologram+1"],"picked":"SKIP","floor":23.0},{"not_picked":["Clawfect:ClawCell+1","Clawfect:ClawLightning","Blizzard"],"picked":"SKIP","floor":24.0},{"not_picked":["Reinforced Body","ReplayTheSpireMod:Omega Cannon"],"picked":"Hello World","floor":25.0},{"not_picked":["Clawfect:Clawline+1","ReplayGash"],"picked":"Clawfect:Clawrage","floor":28.0},{"not_picked":["Coolheaded","jedi:darknesscall"],"picked":"White Noise+1","floor":29},{"not_picked":["Redo","StuffTheSpire:LoadUp","Coolheaded+1"],"picked":"SKIP","floor":30},{"not_picked":["Capacitor","jedi:markofdeath"],"picked":"StuffTheSpire:Synthwave+1","floor":31}],"player_experience":15520,"relics_obtained":[{"floor":6.0,"key":"aspiration:HiddenCompartment"},{"floor":8.0,"key":"Vajra"},{"floor":9.0,"key":"hubris:GlazedTorus"},{"floor":19.0,"key":"Juzu Bracelet"},{"floor":23.0,"key":"hubris:SlimyHat"},{"floor":25.0,"key":"Gremlin Food"},{"floor":26.0,"key":"StuffTheSpire:PointBlank"}],"event_choices":[{"damage_healed":4.0,"max_hp_gain":0.0,"max_hp_loss":0.0,"gold_gain":0.0,"event_name":"betterSkull:BetterSkull","player_choice":"LEAVE ","floor":11.0,"gold_loss":0.0,"damage_taken":0.0,"cards_upgraded":[],"relics_obtained":[]},{"damage_healed":0.0,"max_hp_gain":0.0,"max_hp_loss":0.0,"gold_gain":0.0,"event_name":"betterSkull:BetterSkull","player_choice":"RE RE ","floor":21.0,"gold_loss":0.0,"damage_taken":41.0,"cards_upgraded":[],"relics_obtained":["jedi:shrinkray","Happy Flower"]}],"is_beta":false,"boss_relics":[{"not_picked":["halation:MonkeysPaw","Calling Bell"],"picked":"aspiration:PoetsPen_weak"}],"items_purged_floors":[],"is_endless":false,"potions_floor_spawned":[4,8,12,13,14,16,18,28,31],"killed_by":"Hallownest:BossGrimm","ascension_level":0}}