{"host":"or7h59boalwd0rey","time":1608725159,"event":{"mods":["ATMod(阿瑾Mod)","Act Like it!","BaseMod","Colored Powertips","Conspire","Gensokyo","Minty Spire (QoL Compilation)","Relic Stats","Replay The Spire","RumiaBox-露米娅的神秘盒子","StSLib","TestMod","vexMod","【遗物卡牌】REMEMod"],"gold_per_floor":[109,109,109,121,136,136,136],"floor_reached":6,"playtime":447,"items_purged":[],"score":36,"play_id":"96a41ae2-9fcc-4c52-8d63-20d81beb2f46","local_time":"20201223200559","is_ascension_mode":false,"campfire_choices":[],"circlet_count":0,"master_deck":["Strike_B","Strike_B","Strike_B","Strike_B","Defend_B","Defend_B","Defend_B","Defend_B","Zap","Dualcast","testmod-Reverberation","AT_RightCognition","Beam Cell","testmod-Librarian","Pain","testmod-PainDetonator","BasicCrystalCard"],"relics":["AT_ATBox","testmod-TestBox","testmod-NegativeEmotionEnhancer","REME_LowDesire","PreservedInsect","Geode","REME_ComplimentaryCards","Gensokyo:LunaticRedEyes"],"acts_visited":["Gensokyo:Gensokyo"],"potions_floor_usage":[],"damage_taken":[{"damage":1.0,"enemies":"Gensokyo:3_Fairies","floor":1.0,"turns":6.0},{"damage":18,"enemies":"Gensokyo:Gryphon","floor":4,"turns":4},{"damage":6,"enemies":"Gensokyo:2_Kodama","floor":5,"turns":5},{"damage":67,"enemies":"Gensokyo:Cirno","floor":6,"turns":7}],"seed_played":"-542225870324968841","potions_obtained":[{"floor":4,"key":"Elixir"},{"floor":5,"key":"BlessingOfTheForge"}],"is_trial":false,"path_per_floor":["M","?","?","M","M","E"],"character_chosen":"DEFECT","items_purchased":[],"campfire_rested":0,"item_purchase_floors":[],"current_hp_per_floor":[76,76,76,60,57,0,0],"gold":136,"neow_bonus":"BOSS_RELIC","is_daily":false,"chose_seed":true,"campfire_upgraded":0,"win_rate":0.0,"timestamp":1608725159,"path_taken":["M","?","?","M","?","E"],"items_purchased_type":[],"build_version":"2020-12-22","purchased_purges":0,"victory":false,"max_hp_per_floor":[76,76,76,77,78,78,78],"relic_stats":{"counters":[4,22],"PreservedInsect":11,"obtain_stats":[{"AT_ATBox":0,"testmod-TestBox":0,"PreservedInsect":0,"testmod-NegativeEmotionEnhancer":0,"Geode":0,"REME_LowDesire":0,"Cracked Core":0,"Gensokyo:LunaticRedEyes":3,"REME_ComplimentaryCards":0},{"AT_ATBox":0,"testmod-TestBox":0,"PreservedInsect":0,"testmod-NegativeEmotionEnhancer":0,"Geode":0,"REME_LowDesire":0,"Cracked Core":0,"Gensokyo:LunaticRedEyes":1,"REME_ComplimentaryCards":0},{"AT_ATBox":0,"testmod-TestBox":0,"PreservedInsect":0,"testmod-NegativeEmotionEnhancer":0,"Geode":0,"REME_LowDesire":0,"Cracked Core":0,"Gensokyo:LunaticRedEyes":6,"REME_ComplimentaryCards":0}]},"card_choices":[{"not_picked":["Barrage","Streamline","Poisoned Strike"],"picked":"Beam Cell","floor":1.0},{"not_picked":["Ball Lightning","Doom and Gloom","Go for the Eyes"],"picked":"testmod-PainDetonator","floor":4},{"not_picked":["Steam","Genetic Algorithm","testmod-HeadAttack"],"picked":"BasicCrystalCard","floor":5}],"player_experience":66333,"relics_obtained":[{"floor":0.0,"key":"PreservedInsect"},{"floor":0.0,"key":"Geode"}],"event_choices":[{"damage_healed":0,"gold_gain":0,"player_choice":"Swap Relic","damage_taken":0,"relics_obtained":["REME_ComplimentaryCards"],"max_hp_gain":0,"max_hp_loss":0,"event_name":"给自己的盒子","floor":2,"relics_lost":["REME_ComplimentaryCards"],"gold_loss":0}],"is_beta":false,"boss_relics":[],"items_purged_floors":[],"is_endless":false,"potions_floor_spawned":[4,5],"killed_by":"Gensokyo:Cirno","ascension_level":0}}