{"host":"9kuc8qxv67wkis18","time":1608751088,"event":{"mods":["2.2 Compatiblity","AchievementEnabler","Aspiration","Astrologer","Bard","BaseMod","Beaked The Cultist","Bestiary","Better Note","Better Third Choice","Block Reminder","Challenge The Spire","Conspire","Curses Come First","GifTheSpireLib","Glutton Mod","Halation","Hermit","Highlight Path","Hubris","Infinite Spire","Jorbs\u0027s Wanderer Trilogy","Marked Mod","Melee Mod","Minty Spire (QoL Compilation)","Permanent Neow","Potionbrewer","Random Character Button","Rare Cards Sparkle","Replay The Spire","Shade Mod","Somnambulant","Spikes Relics","StSLib","Stuff the Spire","The Accelerator","The Blue Laboratory","The Construct","The Cursed","The Florist","The Forsaken","The Hierophant","The Judge","The Juggle","The Jungle","The Necromancer","The Showman","The Wild Card","TheArtist","Thieving Mod","everything is the same but u backflip on backflip","thorton","vexMod"],"gold_per_floor":[115,126,140,152,2,28,28,38,62,62,82,101,120,140,140,242,242,262,275,275,291,304,304,304,304,304,324,324,339,353,353,353],"floor_reached":31,"playtime":4457,"items_purged":["Strike_B"],"score":247,"play_id":"146dd90a-988b-4cc1-984b-c7ec3cc35162","local_time":"20201223141808","is_ascension_mode":false,"campfire_choices":[{"data":"Zap","floor":7,"key":"SMITH"},{"floor":23,"key":"REST"},{"data":"Seek","floor":28,"key":"SMITH"}],"circlet_count":0,"master_deck":["Strike_B","Strike_B","Strike_B","Defend_B","Defend_B","Defend_B","Defend_B","Zap+1","Dualcast","Hologram","All For One","Melter","Beam Cell","RefreshScreen","hubris:Prefetch","Barrage+1","Seek+1","CurseOfTheBell","Self Repair","Streamline+1","Biased Cognition","Shame","Streamline","Gash+1","Ball Lightning"],"relics":["Cracked Core","Happy Flower","Blood Vial","Nunchaku","Calling Bell","theForsaken:Lifeblossom","hubris:SoftwareUpdate","conspire:GlowingRock","beaked:ShinyBauble","infinitespire:Satchel","Gremlin Food"],"acts_visited":["Exordium","TheCity"],"potions_floor_usage":[16,25,25,27,30],"damage_taken":[{"damage":6,"enemies":"2 Louse","floor":1,"turns":3},{"damage":1,"enemies":"Cultist","floor":2,"turns":4},{"damage":3,"enemies":"Small Slimes","floor":3,"turns":3},{"damage":4,"enemies":"Blue Slaver","floor":4,"turns":4},{"damage":25,"enemies":"3 Sentries","floor":6,"turns":7},{"damage":18,"enemies":"Lots of Slimes","floor":8,"turns":4},{"damage":12,"enemies":"2 Fungi Beasts","floor":11,"turns":3},{"damage":2,"enemies":"Blue Slaver","floor":12,"turns":3},{"damage":5,"enemies":"Looter","floor":13,"turns":2},{"damage":3,"enemies":"Exordium Wildlife","floor":14,"turns":3},{"damage":23,"enemies":"Hexaghost","floor":16,"turns":9},{"damage":15,"enemies":"3 Byrds","floor":18,"turns":4},{"damage":0,"enemies":"Spheric Guardian","floor":19,"turns":1},{"damage":50,"enemies":"3 Cultists","floor":21,"turns":5},{"damage":25,"enemies":"Snecko","floor":22,"turns":5},{"damage":24,"enemies":"Cultist and Chosen","floor":27,"turns":5},{"damage":33,"enemies":"Centurion and Healer","floor":29,"turns":4},{"damage":11,"enemies":"Chosen and Byrds","floor":30,"turns":4},{"damage":13,"enemies":"Shelled Parasite and Fungi","floor":31,"turns":2}],"seed_played":"5842432655229027167","potions_obtained":[{"floor":8,"key":"potionbrewer:DiscountPotion"},{"floor":11,"key":"potionbrewer:FreezingPotion"},{"floor":12,"key":"GamblersBrew"},{"floor":13,"key":"Block Potion"},{"floor":16,"key":"Swift Potion"},{"floor":22,"key":"Explosive Potion"},{"floor":25,"key":"Fruit Juice"},{"floor":25,"key":"Fruit Juice"},{"floor":25,"key":"blueLaboratory:HeartbeatPotion"}],"is_trial":false,"path_per_floor":["M","M","M","M","$","E","R","M","T","?","M","M","M","M","R","B",null,"M","M","AVR","M","M","R","?","?","T","M","R","M","M","M"],"character_chosen":"DEFECT","items_purchased":["Melter"],"campfire_rested":1,"item_purchase_floors":[5],"current_hp_per_floor":[69,68,65,61,61,36,36,20,20,20,10,10,7,6,28,7,75,61,63,63,28,18,40,40,50,50,41,41,23,20,12,12],"gold":353,"neow_bonus":"RANDOM_COMMON_RELIC","is_daily":false,"chose_seed":false,"campfire_upgraded":2,"win_rate":0.0,"timestamp":1608751088,"path_taken":["M","M","M","M","$","E","R","M","T","?","M","M","M","?","R","BOSS","M","M","AVR","M","M","R","?","?","T","M","R","M","?","M"],"items_purchased_type":["Card"],"build_version":"2020-12-22","purchased_purges":1,"victory":false,"max_hp_per_floor":[75,75,75,75,75,75,75,75,75,75,75,75,75,75,75,75,75,75,75,75,75,75,75,75,85,85,85,85,85,85,85,85],"card_choices":[{"not_picked":["FIFO Queue","Cold Snap"],"picked":"Hologram","floor":1},{"not_picked":["Scrape","conspire:Rain","Beam Cell"],"picked":"SKIP","floor":2},{"not_picked":["ReplayGash","Stack"],"picked":"All For One","floor":3},{"not_picked":["Ball Lightning","Barrage","Sweeping Beam"],"picked":"SKIP","floor":4},{"not_picked":["Hologram","Steam"],"picked":"Beam Cell","floor":6},{"not_picked":["aspiration:Polymerization","Ball Lightning"],"picked":"RefreshScreen","floor":8},{"not_picked":["Hologram","Compile Driver"],"picked":"hubris:Prefetch","floor":11},{"not_picked":["Barrage","StuffTheSpire:CleanHardDrive","Sweeping Beam"],"picked":"SKIP","floor":12},{"not_picked":["Tempest","Rip and Tear","Stack"],"picked":"SKIP","floor":13},{"not_picked":["Conserve Battery","ReplayRNGCard"],"picked":"Barrage","floor":14},{"not_picked":["Multi-Cast","StuffTheSpire:LaunchingStrike"],"picked":"Seek","floor":16},{"not_picked":["Rebound+1","Ball Lightning"],"picked":"Self Repair","floor":18},{"not_picked":["Cold Snap+1","Heatsinks+1","StuffTheSpire:Coldhearted"],"picked":"SKIP","floor":19},{"not_picked":["Crystallizer+1","Cold Snap"],"picked":"Streamline+1","floor":21},{"not_picked":["hubris:PowerSurge","Streamline"],"picked":"Biased Cognition","floor":22},{"not_picked":["Rebound","Tempest+1"],"picked":"Streamline","floor":27},{"not_picked":["White Noise","Coolheaded"],"picked":"Gash+1","floor":29},{"not_picked":["Beam Cell","Rip and Tear"],"picked":"Ball Lightning","floor":30}],"player_experience":126000,"relics_obtained":[{"floor":6,"key":"Blood Vial"},{"floor":9,"key":"Nunchaku"},{"floor":17,"key":"theForsaken:Lifeblossom"},{"floor":17,"key":"hubris:SoftwareUpdate"},{"floor":17,"key":"conspire:GlowingRock"},{"floor":26,"key":"Gremlin Food"}],"event_choices":[{"damage_healed":0,"gold_gain":0,"player_choice":"Ignored","damage_taken":0,"max_hp_gain":0,"max_hp_loss":0,"event_name":"betterNote:BetterNote","floor":10,"gold_loss":0,"cards_obtained":["hermit:FromBeyond"]},{"damage_healed":0,"gold_gain":0,"player_choice":"Stole Relic","damage_taken":0,"relics_obtained":["infinitespire:Satchel"],"max_hp_gain":0,"max_hp_loss":0,"event_name":"Addict","floor":24,"gold_loss":0,"cards_obtained":["Shame"]},{"damage_healed":0,"gold_gain":0,"player_choice":"Got Potions","damage_taken":0,"max_hp_gain":0,"max_hp_loss":0,"event_name":"Lab","floor":25,"gold_loss":0}],"is_beta":false,"boss_relics":[{"not_picked":["Velvet Choker","aspiration:RunicSpoon"],"picked":"Calling Bell"}],"items_purged_floors":[5],"is_endless":false,"potions_floor_spawned":[8,11,12,13,16,21,22],"killed_by":"Shelled Parasite and Fungi","ascension_level":0}}