{"host":"6q2b63hqh2xdke8d","time":1608735070,"event":{"mods":["BaseMod","BetterRewards","Colored Map","Colored Powertips","Gremlin Skip","Minty Spire (QoL Compilation)","Relic Filter","StSLib"],"gold_per_floor":[119,135,145,159,170,205,205,237,292,302,45,73,73,36,36,140,140,160,180,196,210,44,78,88,120,120,152,172,172,572,589,589,687,737,750,768,196,214,228,254,254,269,346,22,54,69,96,115,115,115],"floor_reached":51,"playtime":6598,"items_purged":["Strike_R"],"score":1095,"play_id":"d73d8ed3-d36e-4354-9d8a-d4dffe8be546","local_time":"20201223155110","is_ascension_mode":true,"campfire_choices":[{"data":"Fire Breathing","floor":7.0,"key":"SMITH"},{"data":"Evolve","floor":13.0,"key":"SMITH"},{"data":"Evolve","floor":15.0,"key":"SMITH"},{"data":"Berserk","floor":29.0,"key":"SMITH"},{"data":"Limit Break","floor":32.0,"key":"SMITH"},{"data":"Heavy Blade","floor":41,"key":"SMITH"},{"data":"Inflame","floor":49,"key":"SMITH"}],"circlet_count":0,"master_deck":["Strike_R","Strike_R+1","Strike_R","Strike_R","Defend_R","Defend_R","Defend_R","Defend_R","Bash","Fire Breathing+1","Disarm","Thunderclap","Wild Strike","Reckless Charge","Impervious","Reckless Charge","Heavy Blade+1","Inflame+1","Bludgeon","Wild Strike","Flex","Evolve+1","Evolve+1","Berserk+1","Headbutt+1","Fire Breathing","Battle Trance+1","Headbutt","Metallicize","Barricade","Bloodletting+1","Metallicize","Feel No Pain+1","Pummel","Limit Break+1","Metallicize+1","Impervious","Headbutt","Dark Embrace+1","Fire Breathing+1","Juggernaut+1","Enlightenment","Sadistic Nature+1","Inflame+1","Flame Barrier+1","Evolve+1","Shockwave+1","Dark Embrace+1","Dual Wield+1","Warcry+1","Limit Break+1","Metallicize+1"],"relics":["Burning Blood","Mummified Hand","Membership Card","Potion Belt","Question Card","Smiling Mask","Anchor","Kunai","Pocketwatch","Mark of Pain","Gremlin Horn","Matryoshka","Bottled Tornado","Ice Cream","HandDrill","Frozen Egg 2","Old Coin","Pantograph","Tiny House","Vajra","HornCleat","FossilizedHelix","Meat on the Bone","Ornamental Fan","Bottled Flame","Torii","White Beast Statue","Unceasing Top","Toxic Egg 2","TungstenRod"],"acts_visited":["Exordium","TheCity","TheBeyond"],"potions_floor_usage":[39,40,40,50,50,50,50,50,50,50,50,50,50,50,50],"damage_taken":[{"damage":0.0,"enemies":"Small Slimes","floor":1.0,"turns":4.0},{"damage":6.0,"enemies":"Jaw Worm","floor":2.0,"turns":5.0},{"damage":5.0,"enemies":"2 Louse","floor":3.0,"turns":3.0},{"damage":10.0,"enemies":"Blue Slaver","floor":4.0,"turns":4.0},{"damage":4.0,"enemies":"3 Louse","floor":5.0,"turns":3.0},{"damage":14.0,"enemies":"Gremlin Nob","floor":6.0,"turns":3.0},{"damage":4.0,"enemies":"3 Sentries","floor":8.0,"turns":5.0},{"damage":5.0,"enemies":"Exordium Thugs","floor":10.0,"turns":5.0},{"damage":6.0,"enemies":"Gremlin Nob","floor":12.0,"turns":3.0},{"damage":6.0,"enemies":"The Guardian","floor":16.0,"turns":6.0},{"damage":18.0,"enemies":"Shell Parasite","floor":18.0,"turns":3.0},{"damage":4.0,"enemies":"Spheric Guardian","floor":19.0,"turns":3.0},{"damage":32.0,"enemies":"Snecko","floor":20.0,"turns":4.0},{"damage":14.0,"enemies":"Snake Plant","floor":21.0,"turns":3.0},{"damage":1.0,"enemies":"Gremlin Leader","floor":23.0,"turns":5.0},{"damage":8.0,"enemies":"Centurion and Healer","floor":24.0,"turns":3.0},{"damage":33.0,"enemies":"Book of Stabbing","floor":25.0,"turns":4.0},{"damage":16.0,"enemies":"Slavers","floor":27.0,"turns":4.0},{"damage":0.0,"enemies":"Shelled Parasite and Fungi","floor":28.0,"turns":2.0},{"damage":0.0,"enemies":"Colosseum Slavers","floor":30.0,"turns":3.0},{"damage":29.0,"enemies":"Colosseum Nobs","floor":30.0,"turns":5.0},{"damage":0.0,"enemies":"Snake Plant","floor":31.0,"turns":2.0},{"damage":41.0,"enemies":"Automaton","floor":33.0,"turns":8.0},{"damage":11.0,"enemies":"Orb Walker","floor":35.0,"turns":4.0},{"damage":4.0,"enemies":"3 Darklings","floor":36.0,"turns":5.0},{"damage":3.0,"enemies":"Maw","floor":38.0,"turns":6.0},{"damage":22.0,"enemies":"Transient","floor":39.0,"turns":5.0},{"damage":0,"enemies":"Reptomancer","floor":40,"turns":6},{"damage":0,"enemies":"4 Shapes","floor":42,"turns":3},{"damage":3,"enemies":"Giant Head","floor":45,"turns":5},{"damage":0,"enemies":"Jaw Worm Horde","floor":46,"turns":3},{"damage":1,"enemies":"Nemesis","floor":47,"turns":7},{"damage":0,"enemies":"Writhing Mass","floor":48,"turns":4},{"damage":0,"enemies":"Donu and Deca","floor":50,"turns":5}],"seed_played":"-3663711609007501670","potions_obtained":[{"floor":2.0,"key":"SkillPotion"},{"floor":4.0,"key":"Dexterity Potion"},{"floor":6.0,"key":"Strength Potion"},{"floor":12.0,"key":"FairyPotion"},{"floor":16.0,"key":"Energy Potion"},{"floor":23.0,"key":"ColorlessPotion"},{"floor":24.0,"key":"SteroidPotion"},{"floor":25.0,"key":"DuplicationPotion"},{"floor":28.0,"key":"Explosive Potion"},{"floor":30.0,"key":"Weak Potion"},{"floor":31.0,"key":"Swift Potion"},{"floor":34.0,"key":"LiquidBronze"},{"floor":35.0,"key":"BloodPotion"},{"floor":39,"key":"SkillPotion"},{"floor":45,"key":"EntropicBrew"},{"floor":46,"key":"GamblersBrew"},{"floor":47,"key":"EntropicBrew"},{"floor":48,"key":"Ancient Potion"}],"is_trial":false,"path_per_floor":["M","M","M","M","M","E","R","E","T","M","$","E","R","$","R","B",null,"M","M","M","M","$","E","M","E","T","E","M","R","?","M","R","B",null,"M","M","$","M","M","E","R","M","T","$","E","M","E","M","R","B",null],"character_chosen":"IRONCLAD","items_purchased":["Fire Breathing","Mummified Hand","Membership Card","Potion Belt","Inflame","Kunai","Bludgeon","Wild Strike","Flex","Evolve","Metallicize","Gremlin Horn","Juggernaut+1","Vajra","Enlightenment","HornCleat","FossilizedHelix","Sadistic Nature+1","Dark Embrace+1","Torii","White Beast Statue","Unceasing Top"],"campfire_rested":0,"item_purchase_floors":[0,0,0,0,11,11,11,11,11,14,22,22,37,37,37,37,37,37,44,44,44,44],"current_hp_per_floor":[80,80,80,76,78,70,70,72,72,73,73,73,73,73,73,73,80,68,70,44,36,36,41,39,12,12,30,36,36,19,25,25,15,85,80,82,82,85,85,85,85,85,85,85,85,85,85,85,85,85],"gold":115,"neow_bonus":"","is_daily":false,"chose_seed":false,"campfire_upgraded":7,"win_rate":0.0,"timestamp":1608735070,"path_taken":["M","M","M","M","M","E","R","E","T","M","$","E","R","$","R","BOSS","M","M","M","M","$","E","M","E","T","E","M","R","?","M","R","BOSS","M","M","$","M","M","E","R","M","T","$","E","M","E","M","R","BOSS"],"items_purchased_type":["Card","Relic","Relic","Relic","Card","Relic","Card","Card","Card","Card","Card","Relic","Card","Relic","Card","Relic","Relic","Card","Card","Relic","Relic","Relic"],"build_version":"2020-12-22","purchased_purges":1,"victory":true,"max_hp_per_floor":[80,80,80,80,80,80,80,80,80,80,80,80,80,80,80,80,80,80,80,80,80,80,80,80,80,80,80,80,80,80,80,80,80,85,85,85,85,85,85,85,85,85,85,85,85,85,85,85,85,85],"card_choices":[{"not_picked":["Iron Wave","Uppercut"],"picked":"Disarm","floor":1.0},{"not_picked":["Clash","Pommel Strike"],"picked":"Thunderclap","floor":2.0},{"not_picked":["Uppercut","Body Slam"],"picked":"Wild Strike","floor":3.0},{"not_picked":["Sword Boomerang","Battle Trance"],"picked":"Reckless Charge","floor":4.0},{"not_picked":["Thunderclap","Pommel Strike"],"picked":"Impervious","floor":5.0},{"not_picked":["Feel No Pain","Entrench"],"picked":"Reckless Charge","floor":6.0},{"not_picked":["Thunderclap","Anger","Twin Strike"],"picked":"Heavy Blade","floor":8.0},{"not_picked":["Sever Soul","Shrug It Off","Thunderclap","Twin Strike"],"picked":"SKIP","floor":10.0},{"not_picked":["Thunderclap","Offering","Heavy Blade"],"picked":"Evolve","floor":12.0},{"not_picked":["Impervious","Double Tap","Brutality"],"picked":"Berserk","floor":16.0},{"not_picked":["Pommel Strike+1","Dropkick","Iron Wave"],"picked":"Headbutt+1","floor":18.0},{"not_picked":["Armaments+1","Shrug It Off","Cleave"],"picked":"Fire Breathing","floor":19.0},{"not_picked":["Sentinel","Twin Strike","Intimidate"],"picked":"Battle Trance+1","floor":20.0},{"not_picked":["Iron Wave","Clothesline","Sword Boomerang"],"picked":"Headbutt","floor":21.0},{"not_picked":["Flex","Sentinel","Pommel Strike"],"picked":"Barricade","floor":23.0},{"not_picked":["Havoc","Clash","Twin Strike"],"picked":"Bloodletting+1","floor":24.0},{"not_picked":["Exhume","Armaments","Sword Boomerang+1"],"picked":"Metallicize","floor":25.0},{"not_picked":["Second Wind","Offering","Perfected Strike"],"picked":"Feel No Pain+1","floor":27.0},{"not_picked":["Havoc","Sever Soul+1","Pommel Strike+1"],"picked":"Pummel","floor":28.0},{"not_picked":["Heavy Blade","Battle Trance","Pommel Strike"],"picked":"Limit Break","floor":30.0},{"not_picked":["Havoc+1","Shrug It Off","Warcry+1"],"picked":"Metallicize+1","floor":31.0},{"not_picked":["Brutality+1","Feed","Corruption+1"],"picked":"Impervious","floor":33.0},{"not_picked":["Anger","Heavy Blade","Body Slam"],"picked":"Headbutt","floor":34.0},{"not_picked":["Flex+1","Sever Soul","Perfected Strike"],"picked":"Dark Embrace+1","floor":35.0},{"not_picked":["Sword Boomerang+1","Headbutt","Cleave+1"],"picked":"Fire Breathing+1","floor":36.0},{"not_picked":["Heavy Blade","Wild Strike+1","Immolate"],"picked":"Inflame+1","floor":38.0},{"not_picked":["Clash","Clothesline","Perfected Strike"],"picked":"Flame Barrier+1","floor":39},{"not_picked":["Combust+1","Thunderclap","Berserk+1"],"picked":"Evolve+1","floor":40},{"not_picked":["Headbutt","Flex+1","Thunderclap"],"picked":"Shockwave+1","floor":42},{"not_picked":["Flex+1","Hemokinesis+1","Body Slam+1"],"picked":"Dual Wield+1","floor":45},{"not_picked":["Combust+1","Shrug It Off+1","Iron Wave"],"picked":"Warcry+1","floor":46},{"not_picked":["Pommel Strike+1","Cleave+1","Anger"],"picked":"Limit Break+1","floor":47},{"not_picked":["True Grit+1","Armaments+1","Clothesline+1"],"picked":"Metallicize+1","floor":48}],"player_experience":545589,"relics_obtained":[{"floor":6.0,"key":"Question Card"},{"floor":8.0,"key":"Smiling Mask"},{"floor":9.0,"key":"Anchor"},{"floor":12.0,"key":"Pocketwatch"},{"floor":23.0,"key":"Matryoshka"},{"floor":25.0,"key":"Bottled Tornado"},{"floor":26.0,"key":"Ice Cream"},{"floor":26.0,"key":"HandDrill"},{"floor":27.0,"key":"Frozen Egg 2"},{"floor":30.0,"key":"Old Coin"},{"floor":30.0,"key":"Pantograph"},{"floor":40,"key":"Meat on the Bone"},{"floor":43,"key":"Ornamental Fan"},{"floor":43,"key":"Bottled Flame"},{"floor":45,"key":"Toxic Egg 2"},{"floor":47,"key":"TungstenRod"}],"event_choices":[{"damage_healed":0.0,"max_hp_gain":0.0,"max_hp_loss":0.0,"gold_gain":0.0,"event_name":"Colosseum","player_choice":"Fight","floor":30.0,"gold_loss":0.0,"damage_taken":0.0},{"damage_healed":0.0,"max_hp_gain":0.0,"max_hp_loss":0.0,"gold_gain":0.0,"event_name":"Colosseum","player_choice":"Fought Nobs","floor":30.0,"gold_loss":0.0,"damage_taken":0.0}],"is_beta":false,"boss_relics":[{"not_picked":["Runic Cube","Fusion Hammer"],"picked":"Mark of Pain"},{"not_picked":["Runic Pyramid","Busted Crown"],"picked":"Tiny House"}],"items_purged_floors":[37],"is_endless":false,"potions_floor_spawned":[2,4,6,12,16,23,24,25,28,30,31,35,39,45,46,47,48],"ascension_level":1}}