{"host":"foq4mrde4mssg7vt","time":1608694045,"event":{"mods":["AchievementEnabler","BaseMod","Colored Map","Colored Powertips","Highlight Path","Minty Spire (QoL Compilation)","Relic Stats","everything is the same but u backflip on backflip"],"gold_per_floor":[112,129,149,149,23,23,57,57,80,80,80,153,184,207,207,298,298,316,316,206,222,235,235,249,249,249,249,249,249,280,300,300,394,394,417,417,433,60,60,60,60,60,60,101,146,211,259,299,299,299,299],"floor_reached":50,"playtime":2251,"items_purged":[],"score":963,"play_id":"9093449c-8e26-4427-a8a6-4c276599f2da","local_time":"20201223112725","is_ascension_mode":true,"campfire_choices":[{"data":"BattleHymn","floor":6.0,"key":"SMITH"},{"data":"BowlingBash","floor":10.0,"key":"SMITH"},{"data":"EmptyFist","floor":15.0,"key":"SMITH"},{"data":"Eruption","floor":23.0,"key":"SMITH"},{"data":"WheelKick","floor":25.0,"key":"SMITH"},{"floor":27.0,"key":"REST"},{"data":"Protect","floor":29.0,"key":"SMITH"},{"data":"TalkToTheHand","floor":32.0,"key":"SMITH"},{"floor":49.0,"key":"RECALL"}],"circlet_count":0,"master_deck":["AscendersBane","Eruption+1","Vigilance","DeceiveReality","BowlingBash+1","BattleHymn+1","FlyingSleeves","EmptyBody","EmptyFist+1","Conclude","DeusExMachina+1","SpiritShield","Protect+1","Establishment","WheelKick+1","Sanctity","Collect","Adaptation","FollowUp+1","Wireheading","TalkToTheHand+1","Vault","CutThroughFate","Wallop","MentalFortress","Wish","Dark Shackles","Tantrum+1","ThirdEye"],"relics":["PureWater","Lizard Tail","Centennial Puzzle","War Paint","Golden Idol","White Beast Statue","Pandora\u0027s Box","Calipers","Pantograph","Sozu","ClockworkSouvenir","Regal Pillow","Ancient Tea Set"],"acts_visited":["Exordium","TheCity","TheBeyond"],"potions_floor_usage":[],"damage_taken":[{"damage":0.0,"enemies":"Small Slimes","floor":1.0,"turns":3.0},{"damage":0.0,"enemies":"2 Louse","floor":2.0,"turns":4.0},{"damage":0.0,"enemies":"Jaw Worm","floor":3.0,"turns":4.0},{"damage":32.0,"enemies":"Gremlin Nob","floor":7.0,"turns":3.0},{"damage":3.0,"enemies":"3 Sentries","floor":12.0,"turns":4.0},{"damage":0.0,"enemies":"Lagavulin","floor":13.0,"turns":5.0},{"damage":0.0,"enemies":"Looter","floor":14.0,"turns":2.0},{"damage":6.0,"enemies":"The Guardian","floor":16.0,"turns":11.0},{"damage":4.0,"enemies":"Shell Parasite","floor":18.0,"turns":4.0},{"damage":18.0,"enemies":"3 Byrds","floor":21.0,"turns":3.0},{"damage":3.0,"enemies":"Snake Plant","floor":22.0,"turns":4.0},{"damage":1.0,"enemies":"Cultist and Chosen","floor":24.0,"turns":4.0},{"damage":30.0,"enemies":"Slavers","floor":30.0,"turns":3.0},{"damage":0.0,"enemies":"Sentry and Sphere","floor":31.0,"turns":2.0},{"damage":21.0,"enemies":"Collector","floor":33.0,"turns":9.0},{"damage":18.0,"enemies":"3 Shapes","floor":35.0,"turns":5.0},{"damage":10.0,"enemies":"3 Darklings","floor":37.0,"turns":3.0},{"damage":3.0,"enemies":"Sphere and 2 Shapes","floor":44.0,"turns":5.0},{"damage":9.0,"enemies":"Spire Growth","floor":45.0,"turns":5.0},{"damage":0.0,"enemies":"Giant Head","floor":46.0,"turns":10.0},{"damage":8.0,"enemies":"Transient","floor":47.0,"turns":5.0},{"damage":1.0,"enemies":"Maw","floor":48.0,"turns":5.0},{"damage":46,"enemies":"Time Eater","floor":50,"turns":6}],"seed_played":"1095782507221433481","potions_obtained":[{"floor":1.0,"key":"Energy Potion"},{"floor":7.0,"key":"DistilledChaos"},{"floor":14.0,"key":"SneckoOil"},{"floor":16.0,"key":"Block Potion"},{"floor":22.0,"key":"BlessingOfTheForge"},{"floor":24.0,"key":"Fire Potion"},{"floor":30.0,"key":"ColorlessPotion"},{"floor":31.0,"key":"AttackPotion"},{"floor":33.0,"key":"BottledMiracle"}],"is_trial":false,"path_per_floor":["M","M","M","?","$","R","E","$","T","R","?","?","E","M","R","B",null,"M","?","?","M","M","R","M","R","T","R","$","R","E","M","R","B",null,"M","?","M","$","?","?","$","T","T","M","M","E","M","M","R","B"],"character_chosen":"WATCHER","items_purchased":["FlyingSleeves","DistilledChaos","ClockworkSouvenir","Wallop","MentalFortress","Wish"],"campfire_rested":1,"item_purchase_floors":[5,5,38,38,38,38],"current_hp_per_floor":[43,43,43,36,36,36,4,4,4,4,34,31,31,31,31,25,57,53,53,53,35,32,32,31,31,31,51,51,51,21,21,21,25,57,39,39,29,29,29,29,29,29,29,26,17,17,9,8,8,0,0],"gold":299,"neow_bonus":"ONE_RARE_RELIC","is_daily":false,"chose_seed":false,"campfire_upgraded":7,"win_rate":0.0,"timestamp":1608694045,"path_taken":["M","M","M","?","$","R","E","$","T","R","?","?","E","M","R","BOSS","M","?","?","M","?","R","M","R","T","R","?","R","E","M","R","BOSS","M","?","M","$","?","?","$","?","T","M","M","E","M","M","R","BOSS"],"items_purchased_type":["Card","Potion","Relic","Card","Card","Card"],"build_version":"2020-12-13","purchased_purges":0,"victory":false,"max_hp_per_floor":[68,68,68,68,68,68,68,68,68,68,68,68,68,68,68,68,68,68,68,68,68,68,68,68,68,68,68,68,68,68,68,68,68,68,68,68,68,68,65,65,65,65,65,65,65,65,65,65,65,65,65],"relic_stats":{"Sozu":7,"Lizard Tail":34,"Centennial Puzzle":[47],"Regal Pillow":0,"counters":[23,109],"Golden Idol":124,"Pantograph":50,"Pandora\u0027s Box":["SpiritShield","Protect","Worship","Establishment","WheelKick","Nirvana","Sanctity"],"War Paint":["Defend_P","Defend_P"],"obtain_stats":[{"Regal Pillow":43,"Calipers":26,"Golden Idol":11,"War Paint":9,"Ancient Tea Set":46,"White Beast Statue":13,"ClockworkSouvenir":38,"Sozu":34,"Lizard Tail":0,"Centennial Puzzle":7,"Pantograph":30,"Pandora\u0027s Box":17,"PureWater":0},{"Regal Pillow":17,"Calipers":12,"Golden Idol":4,"War Paint":4,"Ancient Tea Set":20,"White Beast Statue":6,"ClockworkSouvenir":17,"Sozu":15,"Lizard Tail":0,"Centennial Puzzle":4,"Pantograph":13,"Pandora\u0027s Box":8,"PureWater":0},{"Regal Pillow":73,"Calipers":51,"Golden Idol":14,"War Paint":14,"Ancient Tea Set":93,"White Beast Statue":23,"ClockworkSouvenir":73,"Sozu":65,"Lizard Tail":0,"Centennial Puzzle":14,"Pantograph":54,"Pandora\u0027s Box":36,"PureWater":0}]},"card_choices":[{"not_picked":["Study","Wireheading"],"picked":"DeceiveReality","floor":1.0},{"not_picked":["SignatureMove","Prostrate"],"picked":"BowlingBash","floor":2.0},{"not_picked":["Swivel","JustLucky"],"picked":"BattleHymn","floor":3.0},{"not_picked":["ThirdEye","Vault"],"picked":"EmptyBody","floor":7.0},{"not_picked":["JustLucky","PathToVictory"],"picked":"EmptyFist","floor":12.0},{"not_picked":["SashWhip","ClearTheMind"],"picked":"Conclude","floor":13.0},{"not_picked":["JustLucky","EmptyFist","Halt"],"picked":"SKIP","floor":14.0},{"not_picked":["Alpha","DevaForm"],"picked":"DeusExMachina","floor":16.0},{"not_picked":["Crescendo","Halt","Evaluate"],"picked":"SKIP","floor":18.0},{"not_picked":["FollowUp","ReachHeaven"],"picked":"Adaptation","floor":21.0},{"not_picked":["SashWhip","CutThroughFate"],"picked":"FollowUp+1","floor":22.0},{"not_picked":["Collect","Fasting2"],"picked":"Wireheading","floor":24.0},{"not_picked":["EmptyMind","Protect"],"picked":"TalkToTheHand","floor":30.0},{"not_picked":["Study+1","WaveOfTheHand","Conclude"],"picked":"SKIP","floor":31.0},{"not_picked":["DeusExMachina","Judgement"],"picked":"Vault","floor":33.0},{"not_picked":["WheelKick+1","WaveOfTheHand","Fasting2"],"picked":"SKIP","floor":35.0},{"not_picked":["WaveOfTheHand","Evaluate+1"],"picked":"CutThroughFate","floor":37.0},{"not_picked":["Panache","Impatience"],"picked":"Dark Shackles","floor":40.0},{"not_picked":["Crescendo","Sanctity+1"],"picked":"Tantrum+1","floor":44.0},{"not_picked":["Consecrate","ForeignInfluence"],"picked":"ThirdEye","floor":45.0},{"not_picked":["BowlingBash","Judgement","PathToVictory"],"picked":"SKIP","floor":46.0},{"not_picked":["FollowUp","Protect","Halt"],"picked":"SKIP","floor":47.0},{"not_picked":["Crescendo+1","Ragnarok","Weave"],"picked":"SKIP","floor":48.0}],"player_experience":227214,"relics_obtained":[{"floor":7.0,"key":"Centennial Puzzle"},{"floor":9.0,"key":"War Paint"},{"floor":13.0,"key":"White Beast Statue"},{"floor":26.0,"key":"Calipers"},{"floor":30.0,"key":"Pantograph"},{"floor":43.0,"key":"Regal Pillow"},{"floor":46.0,"key":"Ancient Tea Set"}],"event_choices":[{"cards_removed":["Strike_P"],"damage_healed":0.0,"max_hp_gain":0.0,"max_hp_loss":0.0,"gold_gain":0.0,"event_name":"Golden Wing","player_choice":"Card Removal","floor":4.0,"gold_loss":0.0,"damage_taken":7.0},{"damage_healed":0.0,"max_hp_gain":0.0,"max_hp_loss":0.0,"gold_gain":0.0,"event_name":"Golden Idol","player_choice":"Take Damage","floor":11.0,"gold_loss":0.0,"damage_taken":23.0,"relics_obtained":["Golden Idol"]},{"damage_healed":0.0,"max_hp_gain":0.0,"max_hp_loss":0.0,"gold_gain":0.0,"event_name":"Dead Adventurer","player_choice":"Searched \u00272\u0027 times","floor":12.0,"gold_loss":0.0,"damage_taken":0.0},{"damage_healed":0.0,"max_hp_gain":0.0,"max_hp_loss":0.0,"gold_gain":0.0,"cards_transformed":["Nirvana","Worship"],"event_name":"Drug Dealer","player_choice":"Became Test Subject","floor":19.0,"gold_loss":0.0,"damage_taken":0.0,"cards_obtained":["Collect","Fasting2"]},{"cards_removed":["Fasting2"],"damage_healed":0.0,"max_hp_gain":0.0,"max_hp_loss":0.0,"gold_gain":0.0,"event_name":"Designer","player_choice":"Upgrade and Remove","floor":20.0,"gold_loss":110.0,"damage_taken":0.0,"cards_upgraded":["DeusExMachina"]},{"damage_healed":0.0,"max_hp_gain":0.0,"max_hp_loss":0.0,"gold_gain":0.0,"event_name":"Mysterious Sphere","player_choice":"Ignored","floor":36.0,"gold_loss":0.0,"damage_taken":0.0},{"damage_healed":0.0,"max_hp_gain":0.0,"max_hp_loss":3.0,"gold_gain":0.0,"event_name":"Winding Halls","player_choice":"Max HP","floor":39.0,"gold_loss":0.0,"damage_taken":0.0},{"damage_healed":0.0,"max_hp_gain":0.0,"max_hp_loss":0.0,"gold_gain":0.0,"event_name":"SensoryStone","player_choice":"Memory 1","floor":40.0,"gold_loss":0.0,"damage_taken":0.0}],"is_beta":false,"boss_relics":[{"not_picked":["HolyWater","Snecko Eye"],"picked":"Pandora\u0027s Box"},{"not_picked":["Black Star","SlaversCollar"],"picked":"Sozu"}],"items_purged_floors":[],"is_endless":false,"potions_floor_spawned":[1,7,14,16,18,21,22,24,30,31,33,35,37,44,45,46,47,48],"killed_by":"Time Eater","ascension_level":15}}