{"host":"08nxni9rwzvm98vp","time":1608734376,"event":{"mods":["AchievementEnabler","BaseMod","Card Forge","Colored Powertips","Googly Eyes","Highlight Path","Marisa£¨Ùöéë¡¡Øª×âÞÞ£©","Minty Spire (QoL Compilation)","Quick Restart","Rare Cards Sparkle","StSLib","SuperFastMode"],"gold_per_floor":[112,126,126,126,144,144,164,194,206,218,246,274,286,298,310,427,439,467,492,523,551,576,588,629,658,752,764,794,820,832,844,844],"floor_reached":31,"playtime":1461,"items_purged":[],"score":329,"play_id":"b78c8a62-112e-4372-8efd-7e727750bc99","local_time":"20201223233936","is_ascension_mode":true,"campfire_choices":[{"data":"MachineGunSpark","floor":6.0,"key":"SMITH"},{"data":"ManaRampage","floor":10.0,"key":"SMITH"},{"data":"OortCloud","floor":13.0,"key":"SMITH"},{"data":"AbsoluteMagnitude","floor":15.0,"key":"SMITH"},{"data":"MillisecondPulsars","floor":23,"key":"SMITH"},{"data":"MagicChant","floor":27,"key":"SMITH"},{"data":"AsteroidBelt","floor":30,"key":"SMITH"}],"circlet_count":0,"master_deck":["Strike_MRS","Strike_MRS","Defend_MRS","Defend_MRS","Defend_MRS","Defend_MRS","MasterSpark","UpSweep","MachineGunSpark+1","DeepEcoloBomb","ManaRampage+1","PowerUp","AbsoluteMagnitude+1","OortCloud+1","MillisecondPulsars+1","PropBag+1","ManaConvection+1","AsteroidBelt+1","EnergyFlow+1","MachineGunSpark","MagicChant+1"],"relics":["MiniHakkero","Hammer of Thor","Seething Fire","Anvil of the Gods","NeowsBlessing","MawBank","RampagingMagicTools","Mercury Hourglass","Kunai","Gremlin Horn"],"acts_visited":["Exordium","TheCity"],"potions_floor_usage":[16,21,28,29,29],"damage_taken":[{"damage":0.0,"enemies":"Cultist","floor":1.0,"turns":1.0},{"damage":0.0,"enemies":"2 Louse","floor":2.0,"turns":1.0},{"damage":0.0,"enemies":"Jaw Worm","floor":5.0,"turns":1.0},{"damage":9.0,"enemies":"Blue Slaver","floor":7.0,"turns":3.0},{"damage":0.0,"enemies":"Gremlin Nob","floor":8.0,"turns":3.0},{"damage":2.0,"enemies":"2 Fungi Beasts","floor":11.0,"turns":2.0},{"damage":0.0,"enemies":"Large Slime","floor":12.0,"turns":4.0},{"damage":22,"enemies":"Slime Boss","floor":16,"turns":6},{"damage":7,"enemies":"3 Byrds","floor":18,"turns":6},{"damage":2,"enemies":"Spheric Guardian","floor":19,"turns":3},{"damage":5,"enemies":"Centurion and Healer","floor":20,"turns":5},{"damage":17,"enemies":"Cultist and Chosen","floor":21,"turns":10},{"damage":22,"enemies":"Snake Plant","floor":22,"turns":3},{"damage":13,"enemies":"Book of Stabbing","floor":24,"turns":4},{"damage":11,"enemies":"Centurion and Healer","floor":25,"turns":3},{"damage":0,"enemies":"Cultist and Chosen","floor":28,"turns":4},{"damage":2,"enemies":"Snecko","floor":29,"turns":4},{"damage":20,"enemies":"Centurion and Healer","floor":31,"turns":3}],"seed_played":"-4675188954036817869","potions_obtained":[{"floor":1.0,"key":"Strength Potion"},{"floor":7.0,"key":"ShroomBrew"},{"floor":12.0,"key":"StarNLove"},{"floor":20,"key":"PowerPotion"},{"floor":21,"key":"PowerPotion"},{"floor":22,"key":"DistilledChaos"},{"floor":28,"key":"Swift Potion"},{"floor":29,"key":"GamblersBrew"}],"is_trial":false,"path_per_floor":["M","M","?","?","M","R","M","E","T","R","M","M","R","$","R","B",null,"M","M","M","M","M","R","E","M","T","R","M","M","R","M"],"character_chosen":"MARISA","items_purchased":[],"campfire_rested":0,"item_purchase_floors":[],"current_hp_per_floor":[75,75,68,68,68,68,59,59,59,59,57,57,57,57,57,35,75,68,66,61,44,34,34,21,10,10,10,10,20,20,0,0],"gold":844,"neow_bonus":"THREE_ENEMY_KILL","is_daily":false,"chose_seed":false,"campfire_upgraded":7,"win_rate":0.0,"timestamp":1608734376,"path_taken":["M","M","?","?","M","R","M","E","T","R","?","M","R","$","R","BOSS","M","M","M","M","M","R","E","M","T","R","M","M","R","M"],"items_purchased_type":[],"build_version":"2020-12-22","purchased_purges":0,"victory":false,"max_hp_per_floor":[75,75,75,75,75,75,75,75,75,75,75,75,75,75,75,75,75,75,75,75,75,75,75,75,75,75,75,75,75,75,75,75],"card_choices":[{"not_picked":["PowerUp","Acceleration"],"picked":"MachineGunSpark","floor":1.0},{"not_picked":["LuminesStrike","SporeBomb"],"picked":"DeepEcoloBomb","floor":2.0},{"not_picked":["Acceleration","SporeBomb"],"picked":"PowerUp","floor":5.0},{"not_picked":["MysteriousBeam","NonDirectionalLaser","PowerUp"],"picked":"SKIP","floor":7.0},{"not_picked":["MeteoricShower","ShootTheMoon"],"picked":"AbsoluteMagnitude","floor":8.0},{"not_picked":["DC","OrrerysSun","MysteriousBeam"],"picked":"SKIP","floor":11.0},{"not_picked":["PropBag","Acceleration"],"picked":"OortCloud","floor":12.0},{"not_picked":["ManaRampage","FinalSpark"],"picked":"MillisecondPulsars","floor":16},{"not_picked":["BlazeAway","SporeBomb"],"picked":"PropBag+1","floor":18},{"not_picked":["NonDirectionalLaser+1","DoubleSpark+1"],"picked":"ManaConvection+1","floor":19},{"not_picked":["LuminesStrike","NonDirectionalLaser+1"],"picked":"AsteroidBelt","floor":20},{"not_picked":["DoubleSpark","BlazeAway"],"picked":"EnergyFlow+1","floor":21},{"not_picked":["Robbery","IllusionStar+1","ShootingEcho"],"picked":"SKIP","floor":22},{"not_picked":["Orbital","DC+1"],"picked":"MachineGunSpark","floor":24},{"not_picked":["NonDirectionalLaser+1","OortCloud"],"picked":"MagicChant","floor":25},{"not_picked":["PowerUp","6A","WitchLeyline"],"picked":"SKIP","floor":28},{"not_picked":["ShootingEcho","MysteriousBeam","NonDirectionalLaser"],"picked":"SKIP","floor":29}],"player_experience":636620,"relics_obtained":[{"floor":8.0,"key":"MawBank"},{"floor":24,"key":"Mercury Hourglass"},{"floor":26,"key":"Kunai"}],"event_choices":[{"cards_removed":["Strike_MRS"],"damage_healed":0.0,"max_hp_gain":0.0,"max_hp_loss":0.0,"gold_gain":0.0,"event_name":"Golden Wing","player_choice":"Card Removal","floor":3.0,"gold_loss":0.0,"damage_taken":7.0},{"damage_healed":0.0,"max_hp_gain":0.0,"max_hp_loss":0.0,"gold_gain":0.0,"cards_transformed":["Strike_MRS"],"event_name":"Transmorgrifier","player_choice":"Transformed","floor":4.0,"gold_loss":0.0,"damage_taken":0.0,"cards_obtained":["ManaRampage"]}],"is_beta":false,"boss_relics":[{"not_picked":["ExperimentalFamiliar","Ectoplasm"],"picked":"RampagingMagicTools"}],"items_purged_floors":[],"is_endless":false,"potions_floor_spawned":[1,7,12,20,21,22,28,29],"killed_by":"Centurion and Healer","ascension_level":1}}