{"host":"kmq7aw60w430zvtx","time":1608733471,"event":{"mods":["BaseMod","Downfall","GifTheSpireLib","Hermit","Hubris","Minty Spire (QoL Compilation)","Replay The Spire","StSLib","The Construct","The Cursed","The Hierophant","The Jungle","The Necromancer","The Runesmith"],"gold_per_floor":[118,118,193,16,28,61,61,79,104,115,115,115,115],"floor_reached":12,"playtime":532,"items_purged":[],"score":98,"play_id":"e38e53b7-48a5-440a-879c-f93749750e1c","local_time":"20201223152431","is_ascension_mode":true,"campfire_choices":[{"floor":7,"key":"REST"},{"floor":11,"key":"RECALL"}],"circlet_count":0,"master_deck":["Strike_G","Strike_G","Strike_G","Strike_G","Strike_G+1","Defend_G","Defend_G","Defend_G","Defend_G","Defend_G","Survivor+1","Neutralize","Terror","PiercingWail+1","ReplayTheSpireMod:The Works","Prepared+1","Quick Slash","hubris:SlightOfHand+1"],"relics":["Ring of the Snake","Sling","Toxic Egg 2"],"acts_visited":["Exordium"],"potions_floor_usage":[6],"damage_taken":[{"damage":0,"enemies":"Small Slimes","floor":1,"turns":5},{"damage":0,"enemies":"Jaw Worm","floor":5,"turns":4},{"damage":29,"enemies":"Lagavulin","floor":6,"turns":8},{"damage":5,"enemies":"Cultist","floor":8,"turns":5},{"damage":2,"enemies":"3 Louse","floor":10,"turns":4},{"damage":42,"enemies":"3 Sentries","floor":12,"turns":10}],"seed_played":"8691086924086995606","potions_obtained":[{"floor":5,"key":"SpeedPotion"}],"is_trial":false,"path_per_floor":["M","?","?","$","M","E","R","M","T","M","R","E"],"character_chosen":"THE_SILENT","items_purchased":["Sling","PiercingWail+1"],"campfire_rested":1,"item_purchase_floors":[4,4],"current_hp_per_floor":[77,62,51,51,51,22,45,40,40,38,38,0,0],"gold":115,"neow_bonus":"TEN_PERCENT_HP_BONUS","is_daily":false,"chose_seed":false,"campfire_upgraded":0,"win_rate":0.0,"timestamp":1608733471,"path_taken":["M","?","?","$","?","E","R","?","T","M","R","E"],"items_purchased_type":["Relic","Card"],"build_version":"2020-12-22","purchased_purges":0,"victory":false,"max_hp_per_floor":[77,77,77,77,77,77,77,77,77,77,77,77,77],"card_choices":[{"not_picked":["Dodge and Roll","Eviscerate"],"picked":"Terror","floor":1},{"not_picked":["Acrobatics","Prepared"],"picked":"ReplayTheSpireMod:The Works","floor":5},{"not_picked":["Accuracy","Slice"],"picked":"Prepared+1","floor":6},{"not_picked":["Flechettes","Cloak And Dagger+1"],"picked":"Quick Slash","floor":8},{"not_picked":["Deadly Poison+1","Storm of Steel+1"],"picked":"hubris:SlightOfHand+1","floor":10}],"player_experience":248167,"relics_obtained":[{"floor":6,"key":"Toxic Egg 2"}],"event_choices":[{"damage_healed":0,"gold_gain":0,"player_choice":"Entered Light","damage_taken":15,"max_hp_gain":0,"max_hp_loss":0,"event_name":"Shining Light","floor":2,"gold_loss":0,"cards_upgraded":["Survivor","Strike_G"]},{"damage_healed":0,"gold_gain":75,"player_choice":"Gather Gold","damage_taken":11,"max_hp_gain":0,"max_hp_loss":0,"event_name":"World of Goop","floor":3,"gold_loss":0}],"is_beta":false,"boss_relics":[],"items_purged_floors":[],"is_endless":false,"potions_floor_spawned":[5],"killed_by":"3 Sentries","ascension_level":5}}