{"host":"diy71vlueofrnn1o","time":1608755040,"event":{"mods":["2.2 Compatiblity","AchievementEnabler","BaseMod","Best Route Mod","Colored Map","Curses Come First","DeckTracker","Minty Spire (QoL Compilation)","Quick Restart","Rare Cards Sparkle","StSLib","SuperFastMode"],"gold_per_floor":[115,128,146,166,186,211,211,236,236,236,236,246,274,20,20,124,124,140,152,172,172,190,219,219,249,320,320,320],"floor_reached":27,"playtime":971,"items_purged":[],"score":430,"play_id":"f9282748-73b3-4a42-b711-ffb8a500c176","local_time":"20201223212400","is_ascension_mode":true,"campfire_choices":[{"data":"Terror","floor":7,"key":"SMITH"},{"floor":11,"key":"REST"},{"floor":15,"key":"REST"},{"floor":24,"key":"REST"}],"circlet_count":0,"master_deck":["Defend_G","Defend_G","Defend_G","Defend_G","Defend_G","Survivor","Neutralize","Underhanded Strike","Slice","Terror+1","Skewer","Flying Knee","Corpse Explosion","Glass Knife+1","Riddle With Holes","Dagger Spray","Deadly Poison+1","Phantasmal Killer+1","CurseOfTheBell","Bane+1","Catalyst+1","Poisoned Stab+1","Bite","Bite","Bite","Bite","Bite","Deflect+1","Venomology+1"],"relics":["Ring of the Snake","NeowsBlessing","Boot","Gremlin Horn","Dream Catcher","Toy Ornithopter","Toxic Egg 2","Calling Bell","Vajra","Paper Crane","The Specimen","Singing Bowl","Calipers","Pantograph"],"acts_visited":["Exordium","TheCity"],"potions_floor_usage":[8,16,16,16,23,23,27,27],"damage_taken":[{"damage":0,"enemies":"Cultist","floor":1,"turns":1},{"damage":0,"enemies":"Jaw Worm","floor":2,"turns":1},{"damage":0,"enemies":"Small Slimes","floor":3,"turns":1},{"damage":1,"enemies":"Blue Slaver","floor":4,"turns":4},{"damage":17,"enemies":"Exordium Thugs","floor":5,"turns":5},{"damage":19,"enemies":"Lagavulin","floor":6,"turns":6},{"damage":8,"enemies":"Gremlin Nob","floor":8,"turns":3},{"damage":0,"enemies":"2 Fungi Beasts","floor":12,"turns":2},{"damage":20,"enemies":"Lagavulin","floor":13,"turns":3},{"damage":32,"enemies":"The Guardian","floor":16,"turns":9},{"damage":0,"enemies":"Spheric Guardian","floor":18,"turns":2},{"damage":0,"enemies":"Shell Parasite","floor":19,"turns":2},{"damage":4,"enemies":"Chosen and Byrds","floor":20,"turns":4},{"damage":31,"enemies":"Centurion and Healer","floor":22,"turns":3},{"damage":18,"enemies":"Gremlin Leader","floor":23,"turns":4},{"damage":43,"enemies":"Slavers","floor":25,"turns":3},{"damage":24,"enemies":"Book of Stabbing","floor":27,"turns":3}],"seed_played":"5434472680319484859","potions_obtained":[{"floor":3,"key":"FearPotion"},{"floor":5,"key":"DuplicationPotion"},{"floor":8,"key":"Energy Potion"},{"floor":13,"key":"Block Potion"},{"floor":16,"key":"SneckoOil"},{"floor":18,"key":"Strength Potion"},{"floor":22,"key":"DuplicationPotion"},{"floor":23,"key":"FearPotion"},{"floor":25,"key":"GhostInAJar"}],"is_trial":false,"path_per_floor":["M","M","M","M","M","E","R","E","T","?","R","M","E","$","R","B",null,"M","M","M","?","M","E","R","E","T","E"],"character_chosen":"THE_SILENT","items_purchased":["Toxic Egg 2"],"campfire_rested":3,"item_purchase_floors":[14],"current_hp_per_floor":[63,63,63,62,45,26,26,18,18,18,39,39,19,19,40,23,58,58,58,54,49,20,24,41,6,6,0,0],"gold":320,"neow_bonus":"THREE_ENEMY_KILL","is_daily":false,"chose_seed":false,"campfire_upgraded":1,"win_rate":0.0,"timestamp":1608755040,"path_taken":["M","M","M","M","?","E","R","E","T","?","R","M","E","$","R","BOSS","M","?","M","?","M","E","R","E","T","E"],"items_purchased_type":["Relic"],"build_version":"2020-12-22","purchased_purges":0,"victory":false,"max_hp_per_floor":[70,70,70,70,70,70,70,70,70,70,70,70,70,70,70,70,70,70,70,70,49,49,51,53,53,53,53,53],"card_choices":[{"not_picked":["PiercingWail","Skewer"],"picked":"Underhanded Strike","floor":1},{"not_picked":["Deflect","PiercingWail"],"picked":"Slice","floor":2},{"not_picked":["Dagger Spray","Tactician"],"picked":"Terror","floor":3},{"not_picked":["Underhanded Strike","Bouncing Flask"],"picked":"Skewer","floor":4},{"not_picked":["Dash","Escape Plan"],"picked":"Flying Knee","floor":5},{"not_picked":["Deadly Poison","Expertise"],"picked":"Corpse Explosion","floor":6},{"not_picked":["Dagger Spray","Sucker Punch"],"picked":"Glass Knife","floor":8},{"not_picked":["Deadly Poison","Blade Dance"],"picked":"Riddle With Holes","floor":11},{"not_picked":["Deadly Poison","Slice"],"picked":"Dagger Spray","floor":12},{"not_picked":["Sucker Punch","Storm of Steel","Slice"],"picked":"SKIP","floor":13},{"not_picked":["Caltrops","Bane"],"picked":"Deadly Poison+1","floor":15},{"not_picked":["After Image","Storm of Steel+1"],"picked":"Phantasmal Killer+1","floor":16},{"not_picked":["All Out Attack","Dodge and Roll+1"],"picked":"Bane+1","floor":18},{"not_picked":["Dagger Throw+1","Choke"],"picked":"Catalyst+1","floor":19},{"not_picked":["Malaise+1","Cloak And Dagger+1"],"picked":"Poisoned Stab+1","floor":20},{"not_picked":["Well Laid Plans+1","Distraction+1"],"picked":"Deflect+1","floor":22},{"not_picked":["Blade Dance+1","Bane","Eviscerate"],"picked":"Singing Bowl","floor":23},{"not_picked":["Poisoned Stab","Eviscerate+1","Outmaneuver+1"],"picked":"Singing Bowl","floor":24},{"not_picked":["Backflip+1","Dodge and Roll+1"],"picked":"Venomology+1","floor":25}],"player_experience":382401,"relics_obtained":[{"floor":6,"key":"Boot"},{"floor":8,"key":"Gremlin Horn"},{"floor":9,"key":"Dream Catcher"},{"floor":13,"key":"Toy Ornithopter"},{"floor":17,"key":"Vajra"},{"floor":17,"key":"Paper Crane"},{"floor":17,"key":"The Specimen"},{"floor":23,"key":"Singing Bowl"},{"floor":25,"key":"Calipers"},{"floor":26,"key":"Pantograph"}],"event_choices":[{"damage_healed":0,"gold_gain":0,"player_choice":"Forge","damage_taken":0,"max_hp_gain":0,"max_hp_loss":0,"event_name":"Accursed Blacksmith","floor":10,"gold_loss":0,"cards_upgraded":["Glass Knife"]},{"damage_healed":0,"gold_gain":0,"player_choice":"Became a vampire","damage_taken":0,"max_hp_gain":0,"max_hp_loss":21,"event_name":"Vampires","floor":21,"gold_loss":0,"cards_obtained":["Bite","Bite","Bite","Bite","Bite"]}],"is_beta":false,"boss_relics":[{"not_picked":["HoveringKite","Empty Cage"],"picked":"Calling Bell"}],"items_purged_floors":[],"is_endless":false,"potions_floor_spawned":[3,5,8,13,16,18,22,23,25],"killed_by":"Book of Stabbing","ascension_level":7}}