{"host":"3jpwrwmmgyabjceh","time":1608755346,"event":{"mods":["AchievementEnabler","BaseMod","Colored Map","Colored Powertips","Highlight Path","Minty Spire (QoL Compilation)","Quick Restart","StSLib"],"gold_per_floor":[111,124,140,151,76,76,251,251,276,276,314,343,343,23,23,132,132,158,113,138,138,156,156,156],"floor_reached":23,"playtime":671,"items_purged":["Strike_B","Strike_B"],"score":220,"play_id":"ea8a921d-b556-4a64-8f00-743fef19002b","local_time":"20201223232906","is_ascension_mode":true,"campfire_choices":[{"data":"Self Repair","floor":6.0,"key":"SMITH"},{"data":"Zap","floor":13,"key":"SMITH"},{"floor":15,"key":"REST"}],"circlet_count":0,"master_deck":["Strike_B","Strike_B","Defend_B","Defend_B","Defend_B","Defend_B","Zap+1","Dualcast","Hologram","Self Repair+1","Streamline","Doubt","Beam Cell","Hologram","Apotheosis+1","Scrape","All For One","Go for the Eyes+1","Beam Cell","Redo+1"],"relics":["SlaversCollar","Bag of Preparation","Bronze Scales","CeramicFish","Black Star"],"acts_visited":["Exordium","TheCity"],"potions_floor_usage":[22,23],"damage_taken":[{"damage":0.0,"enemies":"Small Slimes","floor":1.0,"turns":2.0},{"damage":0.0,"enemies":"2 Louse","floor":2.0,"turns":2.0},{"damage":2.0,"enemies":"Jaw Worm","floor":3.0,"turns":3.0},{"damage":22.0,"enemies":"Looter","floor":4.0,"turns":5.0},{"damage":42,"enemies":"Lagavulin","floor":11,"turns":6},{"damage":14,"enemies":"Red Slaver","floor":12,"turns":4},{"damage":19,"enemies":"Hexaghost","floor":16,"turns":6},{"damage":38,"enemies":"2 Thieves","floor":18,"turns":4},{"damage":24,"enemies":"Shell Parasite","floor":20,"turns":5},{"damage":0,"enemies":"Shelled Parasite and Fungi","floor":22,"turns":5},{"damage":51,"enemies":"Slavers","floor":23,"turns":3}],"seed_played":"1323849323746506368","potions_obtained":[{"floor":2.0,"key":"AttackPotion"},{"floor":4.0,"key":"Fruit Juice"},{"floor":11,"key":"PotionOfCapacity"},{"floor":20,"key":"SkillPotion"},{"floor":22,"key":"DuplicationPotion"}],"is_trial":false,"path_per_floor":["M","M","M","M","$","R","?","?","T","T","E","M","R","$","R","B",null,"M","$","M","?","M","E"],"character_chosen":"DEFECT","items_purchased":["Apotheosis","Scrape","Beam Cell"],"campfire_rested":1,"item_purchase_floors":[14,14,19],"current_hp_per_floor":[75,75,73,63,63,63,63,63,63,63,31,27,27,27,51,42,80,52,52,38,38,48,0,0],"gold":156,"neow_bonus":"BOSS_RELIC","is_daily":false,"chose_seed":false,"campfire_upgraded":2,"win_rate":0.0,"timestamp":1608755346,"path_taken":["M","M","M","M","$","R","?","?","T","?","E","M","R","$","R","BOSS","M","$","M","?","?","E"],"items_purchased_type":["Card","Card","Card"],"build_version":"2020-12-22","purchased_purges":2,"victory":false,"max_hp_per_floor":[75,75,75,80,80,80,80,80,80,80,80,80,80,80,80,80,80,80,80,80,80,80,80,80],"card_choices":[{"not_picked":["Coolheaded","Conserve Battery","Stack"],"picked":"SKIP","floor":1.0},{"not_picked":["Conserve Battery","Darkness"],"picked":"Hologram","floor":2.0},{"not_picked":["Stack","Darkness"],"picked":"Self Repair","floor":3.0},{"not_picked":["Cold Snap","Coolheaded"],"picked":"Streamline","floor":4.0},{"not_picked":["Steam","Capacitor"],"picked":"Beam Cell","floor":11},{"not_picked":["Coolheaded","Electrodynamics"],"picked":"Hologram","floor":12},{"not_picked":["Creative AI","Thunder Strike"],"picked":"All For One","floor":16},{"not_picked":["Aggregate","Hologram+1"],"picked":"Go for the Eyes+1","floor":18},{"not_picked":["Skim","Auto Shields"],"picked":"Redo+1","floor":20},{"not_picked":["Sunder+1","Redo","Compile Driver"],"picked":"SKIP","floor":22}],"player_experience":266760,"relics_obtained":[{"floor":9,"key":"Bag of Preparation"},{"floor":10,"key":"Bronze Scales"},{"floor":11,"key":"CeramicFish"}],"event_choices":[{"damage_healed":0.0,"max_hp_gain":0.0,"max_hp_loss":0.0,"gold_gain":175.0,"event_name":"Liars Game","player_choice":"AGREE","floor":7.0,"gold_loss":0.0,"damage_taken":0.0,"cards_obtained":["Doubt"]},{"damage_healed":0,"gold_gain":0,"player_choice":"Searched \u00270\u0027 times","damage_taken":0,"max_hp_gain":0,"max_hp_loss":0,"event_name":"Dead Adventurer","floor":8,"gold_loss":0},{"damage_healed":0,"gold_gain":0,"player_choice":"Forge","damage_taken":0,"max_hp_gain":0,"max_hp_loss":0,"event_name":"Accursed Blacksmith","floor":21,"gold_loss":0,"cards_upgraded":["Apotheosis"]}],"is_beta":false,"boss_relics":[{"not_picked":["Runic Dome","Runic Pyramid"],"picked":"Black Star"}],"items_purged_floors":[5,14],"is_endless":false,"potions_floor_spawned":[2,4,11,20,22],"killed_by":"Slavers","ascension_level":3}}