{"host":"raai0vtvcfkt8csp","time":1608735339,"event":{"mods":["2.2 Compatiblity","AchievementEnabler","BaseMod","Block Reminder","DeckTracker","Defective Defect","GifTheSpireLib","Minty Spire (QoL Compilation)","Quick Restart","Random Character Button","Rare Cards Sparkle","StSLib","Unceasing Turn Reminder"],"gold_per_floor":[114,114,132,4,4,4,29,29,55,90,107,120,150,164,164,260,260,278,278,289,289,289,321,333,373,385,397,434,461,493,505,505],"floor_reached":31,"playtime":1464,"items_purged":[],"score":355,"play_id":"019d4558-6c3c-42e6-ae62-326ece05e9b8","local_time":"20201223155539","is_ascension_mode":true,"campfire_choices":[{"data":"Rampage","floor":6,"key":"SMITH"},{"data":"Metallicize","floor":8,"key":"SMITH"},{"data":"Heavy Blade","floor":15,"key":"SMITH"},{"data":"Metallicize","floor":24,"key":"SMITH"}],"circlet_count":0,"master_deck":["Strike_R+1","Strike_R+1","Strike_R+1","Strike_R+1","Strike_R+1","Defend_R+1","Defend_R+1","Defend_R+1","Defend_R+1","Bash","Rampage+1","Spot Weakness","Metallicize+1","Thunderclap","Double Tap+1","Iron Wave","Carnage","Shrug It Off+1","Sword Boomerang","Heavy Blade+1","Berserk","CurseOfTheBell","Dropkick","Flame Barrier+1","Metallicize+1","Shockwave","Offering","Anger+1","Fire Breathing","Feel No Pain","Disarm","Feel No Pain","Entrench","Feel No Pain+1"],"relics":["Burning Blood","NeowsBlessing","Bronze Scales","Oddly Smooth Stone","Mercury Hourglass","MealTicket","Calling Bell","Bag of Marbles","Blue Candle","Prayer Wheel","Juzu Bracelet","MawBank","War Paint","Paper Frog","Enchiridion","InkBottle"],"acts_visited":["Exordium","TheCity"],"potions_floor_usage":[16,18,20,23,28,29],"damage_taken":[{"damage":0,"enemies":"Jaw Worm","floor":1,"turns":1},{"damage":0,"enemies":"2 Louse","floor":3,"turns":1},{"damage":0,"enemies":"Gremlin Nob","floor":7,"turns":1},{"damage":10,"enemies":"Lagavulin","floor":10,"turns":7},{"damage":0,"enemies":"Small Slimes","floor":11,"turns":2},{"damage":0,"enemies":"3 Louse","floor":12,"turns":3},{"damage":5,"enemies":"3 Sentries","floor":13,"turns":6},{"damage":0,"enemies":"Large Slime","floor":14,"turns":4},{"damage":7,"enemies":"Slime Boss","floor":16,"turns":7},{"damage":17,"enemies":"2 Thieves","floor":18,"turns":4},{"damage":4,"enemies":"Spheric Guardian","floor":20,"turns":5},{"damage":17,"enemies":"Slavers","floor":23,"turns":4},{"damage":17,"enemies":"Book of Stabbing","floor":25,"turns":6},{"damage":9,"enemies":"Gremlin Leader","floor":28,"turns":4},{"damage":11,"enemies":"Shelled Parasite and Fungi","floor":29,"turns":4},{"damage":25,"enemies":"Snake Plant","floor":30,"turns":3},{"damage":13,"enemies":"3 Cultists","floor":31,"turns":3}],"seed_played":"-2552180427227903026","potions_obtained":[{"floor":1,"key":"Swift Potion"},{"floor":3,"key":"Block Potion"},{"floor":11,"key":"Fire Potion"},{"floor":16,"key":"BlessingOfTheForge"},{"floor":18,"key":"Energy Potion"},{"floor":28,"key":"Weak Potion"}],"is_trial":false,"path_per_floor":["M","?","M","$","?","R","E","R","T","E","M","M","E","M","R","B",null,"M","?","M","?","?","E","R","E","T","?","E","M","M","M"],"character_chosen":"IRONCLAD","items_purchased":["Metallicize","Thunderclap"],"campfire_rested":0,"item_purchase_floors":[4,4],"current_hp_per_floor":[80,55,61,61,66,66,72,72,72,68,74,80,81,85,85,84,85,74,74,76,76,76,65,65,54,54,38,35,30,11,0,0],"gold":505,"neow_bonus":"THREE_ENEMY_KILL","is_daily":false,"chose_seed":false,"campfire_upgraded":4,"win_rate":0.0,"timestamp":1608735339,"path_taken":["M","?","M","$","?","R","E","R","T","E","M","M","E","M","R","BOSS","M","?","M","?","?","E","R","E","T","?","E","M","M","M"],"items_purchased_type":["Card","Card"],"build_version":"2020-12-22","purchased_purges":0,"victory":false,"max_hp_per_floor":[80,80,80,80,85,85,85,85,85,85,85,85,85,85,85,85,85,85,85,85,85,85,85,85,85,85,85,85,85,85,85,85],"card_choices":[{"not_picked":["Dropkick","Warcry"],"picked":"Rampage","floor":1},{"not_picked":["Dropkick","Wild Strike"],"picked":"Spot Weakness","floor":3},{"not_picked":["Sword Boomerang","Wild Strike"],"picked":"Double Tap","floor":7},{"not_picked":["Twin Strike","Rampage"],"picked":"Iron Wave","floor":10},{"not_picked":["Pommel Strike","Clash"],"picked":"Carnage","floor":11},{"not_picked":["Twin Strike","Iron Wave"],"picked":"Shrug It Off","floor":12},{"not_picked":["Flex","True Grit"],"picked":"Sword Boomerang","floor":13},{"not_picked":["Flex","Headbutt"],"picked":"Heavy Blade","floor":14},{"not_picked":["Offering","Impervious"],"picked":"Berserk","floor":16},{"not_picked":["Reckless Charge","Cleave"],"picked":"Dropkick","floor":18},{"not_picked":["True Grit","Clothesline"],"picked":"Flame Barrier+1","floor":18},{"not_picked":["Pummel+1","Rage"],"picked":"Shockwave","floor":20},{"not_picked":["Cleave","Perfected Strike"],"picked":"Offering","floor":20},{"not_picked":["Iron Wave","Shrug It Off"],"picked":"Anger+1","floor":23},{"not_picked":["Rage+1","Warcry+1"],"picked":"Fire Breathing","floor":25},{"not_picked":["Corruption","Searing Blow+1"],"picked":"Feel No Pain","floor":28},{"not_picked":["Sword Boomerang+1","Rupture"],"picked":"Disarm","floor":29},{"not_picked":["Cleave","Body Slam"],"picked":"Feel No Pain","floor":29},{"not_picked":["Thunderclap","Whirlwind"],"picked":"Entrench","floor":30},{"not_picked":["Shrug It Off+1","Wild Strike"],"picked":"Feel No Pain+1","floor":30}],"player_experience":429011,"relics_obtained":[{"floor":7,"key":"Oddly Smooth Stone"},{"floor":10,"key":"Mercury Hourglass"},{"floor":13,"key":"MealTicket"},{"floor":17,"key":"Bag of Marbles"},{"floor":17,"key":"Blue Candle"},{"floor":17,"key":"Prayer Wheel"},{"floor":23,"key":"MawBank"},{"floor":25,"key":"War Paint"},{"floor":26,"key":"Paper Frog"},{"floor":27,"key":"Enchiridion"},{"floor":28,"key":"InkBottle"}],"event_choices":[{"damage_healed":0,"gold_gain":0,"player_choice":"Success","damage_taken":25,"relics_obtained":["Bronze Scales"],"max_hp_gain":0,"max_hp_loss":0,"event_name":"Scrap Ooze","floor":2,"gold_loss":0},{"damage_healed":0,"gold_gain":0,"player_choice":"Donut","damage_taken":0,"max_hp_gain":5,"max_hp_loss":0,"event_name":"Big Fish","floor":5,"gold_loss":0},{"damage_healed":0,"gold_gain":0,"player_choice":"Read","damage_taken":0,"max_hp_gain":0,"max_hp_loss":0,"event_name":"The Library","floor":19,"gold_loss":0,"cards_obtained":["Metallicize"]},{"damage_healed":0,"gold_gain":0,"player_choice":"Simplicity","damage_taken":0,"max_hp_gain":0,"max_hp_loss":0,"event_name":"Back to Basics","floor":21,"gold_loss":0,"cards_upgraded":["Strike_R","Strike_R","Strike_R","Strike_R","Strike_R","Defend_R","Defend_R","Defend_R","Defend_R"]},{"damage_healed":0,"gold_gain":0,"player_choice":"Opened","damage_taken":0,"relics_obtained":["Juzu Bracelet"],"max_hp_gain":0,"max_hp_loss":0,"event_name":"The Mausoleum","floor":22,"gold_loss":0},{"damage_healed":0,"gold_gain":0,"player_choice":"Obtained Book","damage_taken":16,"max_hp_gain":0,"max_hp_loss":0,"event_name":"Cursed Tome","floor":27,"gold_loss":0}],"is_beta":false,"boss_relics":[{"not_picked":["Philosopher\u0027s Stone","Empty Cage"],"picked":"Calling Bell"}],"items_purged_floors":[],"is_endless":false,"potions_floor_spawned":[1,3,11,16,18,28],"killed_by":"3 Cultists","ascension_level":1}}