{"host":"1bqbj1s4pyvm9utn","time":1608705114,"event":{"mods":["AchievementEnabler","Aspiration","Bard","BaseMod","Beaked The Cultist","Better Altar","Better Match","Better Note","Better Sensory Stone","Better Skull","Better Third Choice","BetterRewards","CCEM","Clawfect","Colored Map","Conspire","Downfall","GifTheSpireLib","Halation","Hermit","Highlight Path","Hubris","Humility","Infinite Spire","Jedi Mod","Jorbs\u0027s Wanderer Trilogy","Mad Scientist","Marisa????????","Mimic Mod","Minty Spire (QoL Compilation)","Permanent Neow","Replay The Spire","Shade Mod","Shop Mod","Spicy Shops","StSLib","Stuff the Spire","The Animator","The Bug Knight","The Construct","The Cursed","The Disciple","The Gatherer","The Hierophant","The Jungle","The Mystic","The Necromancer","The Runesmith","The Servant 0.9.4","Unceasing Turn Reminder","everything is the same but u backflip on backflip","slay the spire mod where everything is the same but ironclad has a cowboy hat","vexMod"],"gold_per_floor":[109,129,149,166,166,200,212,245,245,245,260,295,36,47,47,143,143,159,173,173,24,34,34,34,34,34,46,66,66,15,27,27,132,132,144,144,154,165,165,165,165,179,179,179,179],"floor_reached":44,"playtime":5372,"items_purged":["Strike_MRS"],"score":484,"play_id":"e6a8f6d2-ca7b-4062-ad12-4116de43679c","local_time":"20201222223154","is_ascension_mode":false,"campfire_choices":[{"floor":10,"key":"REST"},{"data":"CasketOfStar","floor":23,"key":"SMITH"},{"floor":29,"key":"REST"},{"floor":32,"key":"REST"},{"floor":40,"key":"RECALL"}],"circlet_count":0,"master_deck":["Strike_MRS","Strike_MRS","Strike_MRS","Defend_MRS","Defend_MRS","Defend_MRS","Defend_MRS","MasterSpark","UpSweep","DC+1","IllusionStar","GalacticHalo","Singularity","PowerUp","MysteriousBeam","MagicAbsorber","IllusionStar","AsteroidBelt","CasketOfStar+1","AsteroidBelt","AsteroidBelt","OrrerysSun+1","MilkyWay","ChargingUp","MilkyWay","UnstableBomb+1","GalacticHalo","SuperNova","jedi:BattleThirst","DoubleSpark+1"],"relics":["MiniHakkero","Replay:Bottled Snecko","Centennial Puzzle","jedi:archwizardhat","construct:FoamFinger","halation:Toothbrush","Philosopher\u0027s Stone","Oddly Smooth Stone","NlothsMask","halation:PrussianBluePaint","Replay:Bronze Core","halation:EternalFortune","conspire:SlowCooker","infinitespire:Broken Mirror","vexMod:PlasmaPancake","beaked:ShinyBauble"],"acts_visited":["Exordium","TheCity","TheBeyond"],"potions_floor_usage":[4,6,8,8,14,19,22,22,27,28,31,33,33,37,42],"damage_taken":[{"damage":20,"enemies":"Jaw Worm","floor":1,"turns":4},{"damage":0,"enemies":"Cultist","floor":2,"turns":2},{"damage":9,"enemies":"Small Slimes","floor":3,"turns":4},{"damage":4,"enemies":"Exordium Thugs","floor":4,"turns":4},{"damage":30,"enemies":"Lagavulin","floor":6,"turns":6},{"damage":7,"enemies":"Large Slime","floor":7,"turns":5},{"damage":0,"enemies":"Replay:BlueRogue","floor":8,"turns":4},{"damage":0,"enemies":"3 Louse","floor":11,"turns":3},{"damage":14,"enemies":"Lagavulin","floor":12,"turns":4},{"damage":3,"enemies":"Gremlin Gang","floor":14,"turns":3},{"damage":39,"enemies":"The Guardian","floor":16,"turns":10},{"damage":0,"enemies":"Chosen","floor":18,"turns":2},{"damage":12,"enemies":"Snake Plant","floor":19,"turns":3},{"damage":15,"enemies":"Centurion and Healer","floor":22,"turns":5},{"damage":3,"enemies":"Cultist and Chosen","floor":27,"turns":4},{"damage":24,"enemies":"Snecko","floor":28,"turns":4},{"damage":12,"enemies":"Sentry and Sphere","floor":31,"turns":5},{"damage":28,"enemies":"Champ","floor":33,"turns":7},{"damage":11,"enemies":"Orb Walker","floor":35,"turns":3},{"damage":43,"enemies":"3 Darklings","floor":37,"turns":6},{"damage":8,"enemies":"Spire Growth","floor":38,"turns":5},{"damage":22,"enemies":"Maw","floor":42,"turns":9},{"damage":9,"enemies":"Nightmare","floor":44,"turns":2}],"seed_played":"9120316633896699726","potions_obtained":[{"floor":0,"key":"PowerPotion"},{"floor":0,"key":"LiquidMemories"},{"floor":0,"key":"FairyPotion"},{"floor":1,"key":"BlessingOfTheForge"},{"floor":4,"key":"DuplicationPotion"},{"floor":7,"key":"Dexterity Potion"},{"floor":11,"key":"construct:ShiftPotion"},{"floor":12,"key":"jedi:StrikingPotion"},{"floor":19,"key":"Ancient Potion"},{"floor":20,"key":"jedi:tentaclejuice"},{"floor":20,"key":"Swift Potion"},{"floor":22,"key":"Energy Potion"},{"floor":28,"key":"PowerPotion"},{"floor":31,"key":"sneckomod:MuddlingPotion"},{"floor":35,"key":"Guardian:BlockOnCardUsePotion"},{"floor":38,"key":"EssenceOfSteel"}],"is_trial":false,"path_per_floor":["M","M","M","M","?","E","M","E","T","R","M","E","$","M","R_BF","B",null,"M","M","?","$","M","R","?","?","T","M","M","R","$","M","R","B",null,"M","?","M","M","AVR","R","?","M","T","NM"],"character_chosen":"MARISA","items_purchased":["halation:Toothbrush","Oddly Smooth Stone","jedi:StrikingPotion"],"campfire_rested":3,"item_purchase_floors":[13,21,30],"current_hp_per_floor":[55,55,46,42,42,12,5,5,5,27,27,13,13,10,32,17,75,75,63,63,63,48,48,48,33,33,30,6,28,28,16,38,10,75,64,67,24,19,22,22,28,6,6,0,0],"gold":179,"neow_bonus":"THREE_SMALL_POTIONS","is_daily":false,"chose_seed":false,"campfire_upgraded":1,"win_rate":0.0,"timestamp":1608705114,"path_taken":["M","M","M","M","?","E","M","E","T","R","?","E","$","M","R_BF","BOSS","M","?","?","$","M","R","?","?","T","?","M","R","?","M","R","BOSS","M","?","M","M","AVR","R","?","M","T","NM"],"items_purchased_type":["Relic","Relic","Potion"],"build_version":"2020-12-22","purchased_purges":1,"victory":false,"max_hp_per_floor":[75,75,75,75,75,75,75,75,75,75,75,75,75,75,75,75,75,75,75,75,75,75,75,75,75,75,75,75,75,75,75,75,75,75,75,78,78,81,84,84,90,90,90,90,90],"card_choices":[{"not_picked":["MysteriousBeam","WitchLeyline"],"picked":"DC","floor":1},{"not_picked":["MagicAbsorber","EnergyRecoil"],"picked":"ShootingEcho","floor":2},{"not_picked":["Acceleration","DeepEcoloBomb"],"picked":"IllusionStar","floor":3},{"not_picked":["DC","AlicesGift"],"picked":"GalacticHalo","floor":4},{"not_picked":["SuperPerseids","MaximisePower"],"picked":"Singularity","floor":6},{"not_picked":["6A","MilkyWay"],"picked":"PowerUp","floor":7},{"not_picked":["AsteroidBelt","DoubleSpark"],"picked":"MysteriousBeam","floor":8},{"not_picked":["ManaConvection","EarthLightRay"],"picked":"MagicAbsorber","floor":11},{"not_picked":["AlicesGift","CollectingQuirk"],"picked":"IllusionStar","floor":12},{"not_picked":["GrandCross","NonDirectionalLaser"],"picked":"AsteroidBelt","floor":14},{"not_picked":["MaximisePower","FinalSpark"],"picked":"CasketOfStar","floor":16},{"not_picked":["ShootingEcho","DragonMeteor+1"],"picked":"AsteroidBelt","floor":18},{"not_picked":["DeepEcoloBomb","DarkMatter"],"picked":"AsteroidBelt","floor":19},{"not_picked":["SprinkleStarSeal+1","UnstableBomb"],"picked":"OrrerysSun+1","floor":22},{"not_picked":["MagicChant","MachineGunSpark"],"picked":"MilkyWay","floor":27},{"not_picked":["Occultation","AsteroidBelt"],"picked":"ChargingUp","floor":28},{"not_picked":["IllusionStar","LuminesStrike+1"],"picked":"MilkyWay","floor":31},{"not_picked":["MagicAbsorber","ManaConvection+1"],"picked":"UnstableBomb+1","floor":35},{"not_picked":["WitchLeyline","Acceleration+1"],"picked":"GalacticHalo","floor":37},{"not_picked":["LuminesStrike+1","MagicAbsorber"],"picked":"SuperNova","floor":38},{"not_picked":["ShootTheMoon+1","WitchLeyline+1"],"picked":"DoubleSpark+1","floor":42}],"player_experience":872048,"relics_obtained":[{"floor":6,"key":"Centennial Puzzle"},{"floor":9,"key":"jedi:archwizardhat"},{"floor":12,"key":"construct:FoamFinger"},{"floor":38,"key":"halation:EternalFortune"},{"floor":43,"key":"beaked:ShinyBauble"}],"event_choices":[{"cards_removed":["ShootingEcho"],"damage_healed":0,"gold_gain":0,"player_choice":"Gave Card","damage_taken":0,"relics_obtained":["Replay:Bottled Snecko"],"max_hp_gain":0,"max_hp_loss":0,"event_name":"WeMeetAgain","floor":5,"gold_loss":0},{"damage_healed":0,"gold_gain":0,"player_choice":"Got Potions","damage_taken":0,"max_hp_gain":0,"max_hp_loss":0,"event_name":"Lab","floor":20,"gold_loss":0},{"damage_healed":0,"gold_gain":0,"player_choice":"Trade","damage_taken":0,"relics_obtained":["NlothsMask"],"max_hp_gain":0,"max_hp_loss":0,"event_name":"FaceTrader","floor":24,"gold_loss":0}],"is_beta":false,"boss_relics":[{"not_picked":["Honey Jar","aspiration:RunicSpoon"],"picked":"Philosopher\u0027s Stone"},{"not_picked":["conspire:SeveredTorchhead","Ring of Chaos"],"picked":"Replay:Bronze Core"}],"items_purged_floors":[39],"is_endless":false,"potions_floor_spawned":[1,4,7,11,12,19,22,28,31,35,38],"killed_by":"Nightmare","ascension_level":0}}