{"host":"konjmgczbcns2r3g","time":1608696474,"event":{"mods":["AchievementEnabler","BaseMod","Colored Powertips","Hermit","Infinite Spire","Minty Spire (QoL Compilation)","Replay The Spire","StSLib","The Cursed","The Necromancer","The Servant 0.9.4"],"gold_per_floor":[118,134,150,164,164,164,16,16,16,33,49,59,59,78,78,78,78],"floor_reached":16,"playtime":940,"items_purged":[],"score":121,"play_id":"4d7f45c1-3af2-43fa-aefe-7ffc85891403","local_time":"20201222230754","is_ascension_mode":false,"campfire_choices":[{"data":"Neutralize","floor":6,"key":"SMITH"},{"data":"Dodge and Roll","floor":13,"key":"SMITH"},{"data":"Endless Agony","floor":15,"key":"SMITH"}],"circlet_count":0,"master_deck":["Strike_G","Strike_G","Strike_G","Strike_G","Strike_G","Defend_G","Defend_G","Defend_G","Defend_G","Defend_G","Survivor","Neutralize+1","Prepared","Cloak And Dagger","Blade Dance","Slice","Endless Agony+1","Dodge and Roll+1","Quick Slash","Cloak And Dagger"],"relics":["Ring of the Snake","Lee\u0027s Waffle","Divine Protection","Pear"],"acts_visited":["Exordium"],"potions_floor_usage":[16],"damage_taken":[{"damage":1,"enemies":"Cultist","floor":1,"turns":4},{"damage":0,"enemies":"2 Louse","floor":2,"turns":4},{"damage":0,"enemies":"Small Slimes","floor":3,"turns":4},{"damage":21,"enemies":"Gremlin Gang","floor":4,"turns":5},{"damage":0,"enemies":"Blue Slaver","floor":10,"turns":4},{"damage":0,"enemies":"Exordium Wildlife","floor":11,"turns":4},{"damage":0,"enemies":"2 Fungi Beasts","floor":12,"turns":3},{"damage":0,"enemies":"Looter","floor":14,"turns":3},{"damage":102,"enemies":"Hexaghost","floor":16,"turns":17}],"seed_played":"-2108019797385735394","potions_obtained":[{"floor":2,"key":"ColorlessPotion"},{"floor":14,"key":"ColorlessPotion"}],"is_trial":false,"path_per_floor":["M","M","M","M","?","R","$","?","T","M","M","M","R","M","R","B"],"character_chosen":"THE_SILENT","items_purchased":["Lee\u0027s Waffle"],"campfire_rested":0,"item_purchase_floors":[7],"current_hp_per_floor":[76,76,76,55,55,55,84,84,94,94,94,94,94,94,94,0,0],"gold":78,"neow_bonus":"TEN_PERCENT_HP_BONUS","is_daily":false,"chose_seed":false,"campfire_upgraded":3,"win_rate":0.0,"timestamp":1608696474,"path_taken":["M","M","?","M","?","R","$","?","T","M","M","M","R","M","R","BOSS"],"items_purchased_type":["Relic"],"build_version":"2020-12-13","purchased_purges":0,"victory":false,"max_hp_per_floor":[77,77,77,77,77,77,84,84,94,94,94,94,94,94,94,94,94],"card_choices":[{"not_picked":["Expertise","All Out Attack"],"picked":"Prepared","floor":1},{"not_picked":["Concentrate","Dagger Spray"],"picked":"Cloak And Dagger","floor":2},{"not_picked":["Riddle With Holes","Expertise"],"picked":"Blade Dance","floor":3},{"not_picked":["Outmaneuver","Quick Slash"],"picked":"Slice","floor":4},{"not_picked":["Slice","Bane"],"picked":"Endless Agony","floor":10},{"not_picked":["Reflex","Escape Plan"],"picked":"Dodge and Roll","floor":11},{"not_picked":["Setup","PiercingWail"],"picked":"Quick Slash","floor":12},{"not_picked":["Reflex","Malaise"],"picked":"Cloak And Dagger","floor":14}],"player_experience":269893,"relics_obtained":[{"floor":9,"key":"Pear"}],"event_choices":[{"damage_healed":0,"gold_gain":0,"player_choice":"Ignored","damage_taken":0,"max_hp_gain":0,"max_hp_loss":0,"event_name":"Golden Wing","floor":5,"gold_loss":0},{"damage_healed":0,"gold_gain":0,"player_choice":"Gave Potion","damage_taken":0,"relics_obtained":["Divine Protection"],"max_hp_gain":0,"max_hp_loss":0,"event_name":"WeMeetAgain","floor":8,"gold_loss":0}],"is_beta":false,"boss_relics":[],"items_purged_floors":[],"is_endless":false,"potions_floor_spawned":[2,14],"killed_by":"Hexaghost","ascension_level":0}}