{"host":"rwzz6mk6bpmb57ql","time":1608693102,"event":{"mods":["AchievementEnabler","BaseMod","BetterRewards","Colored Map","Highlight Path","Hubris","Minty Spire (QoL Compilation)","Replay The Spire","StSLib"],"gold_per_floor":[5609,5621,5621,5637,4926,4953,4953,4971,4971,4971,4971,5002,5022,5033,5053,5078,5078,5152,5152,5167,4526,4545,4556,4567,4567,4599,4599,4599,4631,4631,4631,4651,4661,4661,4737,4737,4756,4773,4773,4187,4187,4187,4218,4218,4242,4277,3758,3758,3770,3820,3820,3820,3820,3820,3048,3083,3083],"floor_reached":58,"playtime":2333,"items_purged":["ReplayTheSpireMod:Doomed","Strike_R","Strike_R","Strike_R","Strike_R"],"score":2221,"play_id":"99e8bc74-24f6-46aa-8677-07a326b1294b","local_time":"20201222211142","is_ascension_mode":true,"campfire_choices":[{"floor":7,"key":"RECALL"},{"data":"Double Tap","floor":17,"key":"SMITH"},{"floor":25,"key":"REST"},{"floor":27,"key":"REST"},{"floor":31,"key":"REST"},{"floor":34,"key":"REST"},{"floor":42,"key":"REST"},{"data":"Cleave","floor":51,"key":"SMITH"},{"data":"Bash","floor":51,"key":"SMITH"},{"data":"Twin Strike","floor":54,"key":"SMITH"},{"data":"Metallicize","floor":54,"key":"SMITH"}],"circlet_count":0,"master_deck":["AscendersBane","Strike_R+1","Defend_R+1","Defend_R","Defend_R","Defend_R+1","Bash+1","Pummel+1","Demon Form+1","Demon Form+1","Finesse+1","Double Tap+1","Sword Boomerang","Metallicize+1","Offering+1","Cleave+1","Twin Strike+1","Defy Death+1","Defy Death+1","Pummel+1","Shrug It Off+1","Demonic Infusion+1","Intimidate"],"relics":["Burning Blood","StoneCalendar","Potion Belt","Strawberry","Bird Faced Urn","hubris:64BitClover","Pantograph","Busted Crown","Gremlin Food","Bronze Scales","Guide Book","Centennial Puzzle","Regal Pillow","Replay:Rubber Ducky","Smiling Mask","Sozu","hubris:Potato","Juzu Bracelet","Kunai","Strange Spoon","Blood Vial","Omamori","Blue Doll","ReplayTheSpireMod:Lightbulb","Golden Egg","Medical Kit","hubris:Towel","Replay:Arrowhead","Nunchaku","Garlic","hubris:EmptyBottle","Mirror"],"acts_visited":["Exordium","TheCity","TheBeyond","TheEnding"],"potions_floor_usage":[12,14,16,16,22,24,24,26,35,57,57,57],"damage_taken":[{"damage":6,"enemies":"Cultist","floor":1,"turns":3},{"damage":15,"enemies":"Small Slimes","floor":2,"turns":3},{"damage":13,"enemies":"Jaw Worm","floor":4,"turns":4},{"damage":38,"enemies":"Lagavulin","floor":6,"turns":7},{"damage":33,"enemies":"Exordium Thugs","floor":8,"turns":5},{"damage":0,"enemies":"Replay:BlueRogue","floor":12,"turns":6},{"damage":17,"enemies":"3 Louse","floor":13,"turns":5},{"damage":14,"enemies":"2 Fungi Beasts","floor":14,"turns":3},{"damage":31,"enemies":"Large Slime","floor":15,"turns":4},{"damage":31,"enemies":"3 Sentries","floor":16,"turns":6},{"damage":40,"enemies":"Fading Forest","floor":18,"turns":11},{"damage":37,"enemies":"Chosen","floor":20,"turns":6},{"damage":13,"enemies":"Shell Parasite","floor":22,"turns":2},{"damage":48,"enemies":"Cultist and Chosen","floor":23,"turns":6},{"damage":19,"enemies":"3 Cultists","floor":24,"turns":4},{"damage":24,"enemies":"Replay:Snechameleon","floor":26,"turns":3},{"damage":49,"enemies":"Slavers","floor":29,"turns":6},{"damage":24,"enemies":"Centurion and Healer","floor":32,"turns":4},{"damage":21,"enemies":"Sentry and Sphere","floor":33,"turns":5},{"damage":10,"enemies":"Automaton","floor":35,"turns":6},{"damage":0,"enemies":"Orb Walker","floor":37,"turns":2},{"damage":19,"enemies":"3 Darklings","floor":38,"turns":4},{"damage":74,"enemies":"Nemesis","floor":43,"turns":5},{"damage":29,"enemies":"Giant Head","floor":46,"turns":6},{"damage":6,"enemies":"Maw","floor":49,"turns":5},{"damage":21,"enemies":"2 Orb Walkers","floor":50,"turns":4},{"damage":29,"enemies":"Awakened One","floor":52,"turns":6},{"damage":0,"enemies":"Shield and Spear","floor":56,"turns":1},{"damage":59,"enemies":"The Heart","floor":57,"turns":7}],"seed_played":"4559191247253112801","potions_obtained":[{"floor":4,"key":"Languid Potion"},{"floor":8,"key":"Dexterity Potion"},{"floor":12,"key":"Elixir"},{"floor":13,"key":"Fire Potion"},{"floor":18,"key":"Dexterity Potion"},{"floor":22,"key":"DuplicationPotion"},{"floor":23,"key":"LifebloodPotion"},{"floor":29,"key":"ElixirPotion"},{"floor":33,"key":"Weak Potion"},{"floor":35,"key":"Elixir"}],"is_trial":false,"path_per_floor":["M","M","?","M","$","E","R","M","T","PTL","PTL","E","M","M","M","E","R","B",null,"M","$","M","M","M","R","E","R","T","E","?","R","M","M","R","B",null,"M","M","?","$","?","R","E","?","T","E","$","?","M","?","R","B",null,"R","$","E","B",null],"character_chosen":"IRONCLAD","items_purchased":["Strawberry","Bird Faced Urn","Demon Form","Finesse","Gremlin Food","Bronze Scales","Guide Book","Cleave","AttackPotion","Juzu Bracelet","Kunai","Strange Spoon","Golden Egg","Defy Death","Pummel","Medical Kit","Nunchaku","Garlic","hubris:EmptyBottle","Demonic Infusion"],"campfire_rested":5,"item_purchase_floors":[5,5,5,5,21,21,21,21,21,40,40,40,47,47,47,47,55,55,55,55],"current_hp_per_floor":[133,124,124,117,124,96,96,73,73,73,73,83,72,66,45,124,124,125,142,115,115,110,72,63,107,93,147,147,108,108,147,133,124,147,145,147,147,134,134,134,134,147,81,81,81,66,66,66,74,67,67,77,130,130,130,138,96],"gold":3083,"neow_bonus":"ONE_RARE_RELIC","is_daily":false,"chose_seed":false,"campfire_upgraded":5,"win_rate":0.0,"timestamp":1608693102,"path_taken":["M","?","?","M","$","E","R","M","T","PTL","PTL","E","M","M","M","E","R","BOSS","M","$","M","M","M","R","E","R","T","E","?","R","M","?","R","BOSS","M","M","?","$","?","R","E","?","T","E","$","?","M","?","R","BOSS","R","$","E","BOSS"],"items_purchased_type":["Relic","Relic","Card","Card","Relic","Relic","Relic","Card","Potion","Relic","Relic","Relic","Relic","Card","Card","Relic","Relic","Relic","Relic","Card"],"build_version":"2020-12-13","purchased_purges":5,"victory":true,"max_hp_per_floor":[140,140,140,140,147,147,147,147,147,147,147,147,147,147,147,147,147,147,147,147,147,147,147,147,147,147,147,147,147,147,147,147,147,147,147,147,147,147,147,147,147,147,147,147,147,147,147,147,147,147,147,147,147,147,147,147,147],"card_choices":[{"not_picked":["Armaments","Run Through","Fire Breathing"],"picked":"SKIP","floor":1},{"not_picked":["Run Through","Warcry","Second Wind"],"picked":"SKIP","floor":2},{"not_picked":["ReplayTheSpireMod:Corrosion Curse","Fire Breathing"],"picked":"Pummel","floor":4},{"not_picked":["hubris:CleavingFinish","Exhume","Rupture"],"picked":"SKIP","floor":6},{"not_picked":["Body Slam","ReplayTheSpireMod:LeadingStrike","Headbutt"],"picked":"SKIP","floor":8},{"not_picked":["Feel No Pain","Burning Pact"],"picked":"Double Tap","floor":12},{"not_picked":["Wild Strike","Headbutt"],"picked":"Sword Boomerang","floor":13},{"not_picked":["Evolve","Perfected Strike"],"picked":"Metallicize","floor":14},{"not_picked":["Sword Boomerang","Uppercut","Clothesline"],"picked":"SKIP","floor":15},{"not_picked":["Uppercut","ReplayTheSpireMod:Strike From Hell","Defy Death"],"picked":"SKIP","floor":16},{"not_picked":["Immolate","Bludgeon"],"picked":"Offering","floor":18},{"not_picked":["Battle Trance"],"picked":"SKIP","floor":20},{"not_picked":["True Grit"],"picked":"SKIP","floor":22},{"not_picked":["Flame Barrier"],"picked":"SKIP","floor":23},{"not_picked":["Defy Death"],"picked":"SKIP","floor":24},{"not_picked":["ReplayTheSpireMod:LeadingStrike"],"picked":"SKIP","floor":26},{"not_picked":["ReplayTheSpireMod:LeadingStrike"],"picked":"SKIP","floor":29},{"not_picked":[],"picked":"Twin Strike","floor":32},{"not_picked":["hubris:SharpeningStone"],"picked":"SKIP","floor":33},{"not_picked":["Sword Boomerang"],"picked":"SKIP","floor":37},{"not_picked":["Pummel"],"picked":"SKIP","floor":38},{"not_picked":["ReplayTheSpireMod:Corrosion Curse"],"picked":"SKIP","floor":43},{"not_picked":["Run Through"],"picked":"SKIP","floor":46},{"not_picked":[],"picked":"Shrug It Off+1","floor":49},{"not_picked":[],"picked":"Intimidate","floor":56}],"player_experience":83315,"relics_obtained":[{"floor":6,"key":"hubris:64BitClover"},{"floor":12,"key":"Pantograph"},{"floor":22,"key":"Centennial Puzzle"},{"floor":26,"key":"Regal Pillow"},{"floor":28,"key":"Replay:Rubber Ducky"},{"floor":29,"key":"Smiling Mask"},{"floor":38,"key":"hubris:Potato"},{"floor":41,"key":"Blood Vial"},{"floor":43,"key":"Omamori"},{"floor":45,"key":"Blue Doll"},{"floor":46,"key":"ReplayTheSpireMod:Lightbulb"},{"floor":50,"key":"Replay:Arrowhead"},{"floor":56,"key":"Mirror"}],"event_choices":[{"damage_healed":0,"gold_gain":0,"player_choice":"Ignored","damage_taken":0,"max_hp_gain":0,"max_hp_loss":0,"event_name":"Liars Game","floor":3,"gold_loss":0},{"damage_healed":0,"gold_gain":0,"player_choice":"Forge","damage_taken":0,"max_hp_gain":0,"max_hp_loss":0,"event_name":"Accursed Blacksmith","floor":30,"gold_loss":0,"cards_upgraded":["Demon Form"]},{"damage_healed":0,"gold_gain":0,"player_choice":"Ignored","damage_taken":0,"max_hp_gain":0,"max_hp_loss":0,"event_name":"Tomb of Lord Red Mask","floor":39,"gold_loss":0},{"damage_healed":0,"gold_gain":0,"player_choice":"Relic","damage_taken":0,"max_hp_gain":0,"max_hp_loss":0,"event_name":"Wheel of Change","floor":41,"gold_loss":0},{"damage_healed":0,"gold_gain":0,"player_choice":"Memory 1","damage_taken":0,"max_hp_gain":0,"max_hp_loss":0,"event_name":"SensoryStone","floor":44,"gold_loss":0},{"damage_healed":0,"gold_gain":0,"player_choice":"Fight","damage_taken":0,"max_hp_gain":0,"max_hp_loss":0,"event_name":"Mysterious Sphere","floor":50,"gold_loss":0}],"is_beta":false,"boss_relics":[{"not_picked":["hubris:Stopwatch","Runic Pyramid"],"picked":"Busted Crown"},{"not_picked":["Honey Jar","Runic Dome"],"picked":"Sozu"}],"items_purged_floors":[5,21,40,47,55],"is_endless":false,"potions_floor_spawned":[4,8,12,13,18,22,23,29,33,35,38,46],"ascension_level":14}}