{"host":"6efts020nftxfcgy","time":1608763931,"event":{"mods":["BaseMod","Conspire","Hubris","Infinite Spire","Minty Spire (QoL Compilation)","Relic Sorter","Replay The Spire","Shop Mod","StSLib","SuperFastMode","The Servant 0.9.4"],"gold_per_floor":[118,134,59,78,88,88,88,88,88,121,121,121,148,165,165,165,165],"floor_reached":16,"playtime":1458,"items_purged":["Strike_S"],"score":110,"play_id":"9060fdd9-1783-4b5f-b939-82bd4ade692b","local_time":"20201223225211","is_ascension_mode":false,"campfire_choices":[{"data":"Moonlight","floor":6,"key":"SMITH"},{"floor":15,"key":"REST"}],"circlet_count":0,"master_deck":["Strike_S","Strike_S","Strike_S","Defend_S","Defend_S","Defend_S","Defend_S","KidneyShot","Exchange","Moonlight+1","BottledTime","TheWorld"],"relics":["Uniform","NeowsBlessing","infinitespire:Eraser","hubris:GlazedTorus","ReplayTheSpireMod:Ring of Challenge"],"acts_visited":["Exordium"],"potions_floor_usage":[10],"damage_taken":[{"damage":0,"enemies":"2 Louse","floor":1,"turns":1},{"damage":0,"enemies":"Small Slimes","floor":2,"turns":1},{"damage":0,"enemies":"Cultist","floor":4,"turns":1},{"damage":0,"enemies":"2 Fungi Beasts","floor":5,"turns":3},{"damage":29,"enemies":"3 Sentries","floor":10,"turns":10},{"damage":7,"enemies":"Gremlin Nob","floor":13,"turns":4},{"damage":12,"enemies":"Large Slime","floor":14,"turns":6},{"damage":54,"enemies":"Fading Forest","floor":16,"turns":7}],"seed_played":"5324802491827647833","potions_obtained":[{"floor":4,"key":"Ancient Potion"},{"floor":5,"key":"SkillPotion"},{"floor":13,"key":"Flashbang"}],"is_trial":false,"path_per_floor":["M","M","$","M","M","R","?","$","T","E","?","?","E","M","R","B"],"character_chosen":"THE_SERVANT","items_purchased":[],"campfire_rested":1,"item_purchase_floors":[],"current_hp_per_floor":[65,65,65,65,65,65,70,70,70,41,41,41,34,22,43,0,0],"gold":165,"neow_bonus":"THREE_ENEMY_KILL","is_daily":false,"chose_seed":false,"campfire_upgraded":1,"win_rate":0.0,"timestamp":1608763931,"path_taken":["M","M","$","M","M","R","?","$","T","E","?","?","E","M","R","BOSS"],"items_purchased_type":[],"build_version":"2020-12-22","purchased_purges":1,"victory":false,"max_hp_per_floor":[65,65,65,65,65,65,70,70,70,70,70,70,70,70,70,70,70],"card_choices":[{"not_picked":["Potential","Rearm"],"picked":"Moonlight","floor":1},{"not_picked":["Starlight","Alleviate"],"picked":"BottledTime","floor":2},{"not_picked":["TimeWarp","MoonPhase","ShatteredReality"],"picked":"SKIP","floor":4},{"not_picked":["Revamp","BestPractice"],"picked":"TheWorld","floor":5},{"not_picked":["Rearm","Revamp","RealityMarble"],"picked":"SKIP","floor":10},{"not_picked":["Sabotage","Unruled","Shuttle"],"picked":"SKIP","floor":13},{"not_picked":["Barrier","Sabotage","Defy"],"picked":"SKIP","floor":14}],"player_experience":284472,"relics_obtained":[{"floor":9,"key":"infinitespire:Eraser"},{"floor":10,"key":"hubris:GlazedTorus"},{"floor":11,"key":"ReplayTheSpireMod:Ring of Challenge"}],"event_choices":[{"damage_healed":0,"gold_gain":0,"player_choice":"Donut","damage_taken":0,"max_hp_gain":5,"max_hp_loss":0,"event_name":"Big Fish","floor":7,"gold_loss":0}],"is_beta":false,"boss_relics":[],"items_purged_floors":[3],"is_endless":false,"potions_floor_spawned":[4,5,13],"killed_by":"Fading Forest","ascension_level":0}}