{"host":"wvaiab5ya9pyia0u","time":1608728858,"event":{"mods":["2.2 Compatiblity","Aspiration","Bard","BaseMod","Bestiary","BetterRewards","Challenge The Spire","Colored Powertips","Conspire","Custom Start","DeckTracker","Hermit","Highlight Path","Hubris","Humility","Infinite Spire","Mimic Mod","Minty Spire (QoL Compilation)","Practice Mode","Quick Restart","Rare Cards Sparkle","Replay The Spire","Reworked Bosses","SacredBarkPlus","Shop Mod","Spicy Shops","StSLib","The Blue Laboratory","The Construct","The Cursed","The Disciple","The Factory","The Hierophant","The Jungle","The Mystic","The Runesmith","The Servant 0.9.4","TheBandit","Thieving Mod","Wandering Minibosses","everything is the same but u backflip on backflip","slay the spire mod where everything is the same but ironclad has a cowboy hat"],"gold_per_floor":[113,113,132,132,146,146,180,199,223,248,7,7,7,17,17,114,114,24,24,24,34,34,34,48,48,48],"floor_reached":25,"playtime":1211,"items_purged":["Runesmith:Strike_RS"],"score":299,"play_id":"22deb945-53f8-4b78-b126-ad9a01110934","local_time":"20201223140738","is_ascension_mode":false,"campfire_choices":[{"data":"Runesmith:ArcReactor","floor":6,"key":"SMITH"},{"floor":15,"key":"REST"},{"data":"Runesmith:Firestorm","floor":23,"key":"SMITH"}],"circlet_count":0,"master_deck":["Runesmith:Strike_RS","Runesmith:Strike_RS","Runesmith:Defend_RS","Runesmith:Defend_RS","Runesmith:Defend_RS","Runesmith:Defend_RS","Runesmith:CraftFirestone","Runesmith:Fortify","Runesmith:PerfectChisel+1","Runesmith:ArcReactor+1","Runesmith:Reinforce","Runesmith:PerfectChisel","Runesmith:CreatorForm","Runesmith:CraftVitae","Runesmith:FrozenChisel","Runesmith:CraftMagma","Runesmith:Firestorm+1","Runesmith:CraftIncendium","Runesmith:Supernova","Runesmith:Reinforce","Writhe","Runesmith:Supernova+1","Runesmith:NegativeSpace+1"],"relics":["Runesmith:BrokenRuby","NeowsBlessing","Replay:Ringing Soul","PreservedInsect","Juzu Bracelet","conspire:Dentures","hubris:HollowSoul","Toxic Egg 2"],"acts_visited":["Exordium","TheCity"],"potions_floor_usage":[],"damage_taken":[{"damage":0,"enemies":"2 Louse","floor":1,"turns":1},{"damage":0,"enemies":"Cultist","floor":3,"turns":1},{"damage":0,"enemies":"Jaw Worm","floor":5,"turns":1},{"damage":0,"enemies":"Blue Slaver","floor":7,"turns":5},{"damage":1,"enemies":"Blue Slaver","floor":8,"turns":4},{"damage":41,"enemies":"Gremlin Nob","floor":10,"turns":5},{"damage":16,"enemies":"Exordium Thugs","floor":14,"turns":4},{"damage":0,"enemies":"Fading Forest","floor":16,"turns":11},{"damage":22,"enemies":"2 Thieves","floor":18,"turns":4},{"damage":35,"enemies":"Shell Parasite","floor":21,"turns":6},{"damage":45,"enemies":"Snecko","floor":24,"turns":9},{"damage":26,"enemies":"Chosen and Byrds","floor":25,"turns":6}],"seed_played":"-6537246299701262449","potions_obtained":[{"floor":5,"key":"PowerPotion"},{"floor":8,"key":"Venom Potion"},{"floor":12,"key":"blueLaboratory:ImpenetrablePotion"},{"floor":12,"key":"Dexterity Potion"}],"is_trial":false,"path_per_floor":["M","?","M","T","M","R","MIM","M","T","E","$","?","?","M","R","B",null,"M","?","?","M","$","R","M","M"],"character_chosen":"RUNESMITH_CLASS","items_purchased":["Runesmith:FrozenChisel","Runesmith:CraftMagma","Runesmith:Firestorm"],"campfire_rested":1,"item_purchase_floors":[11,11,11],"current_hp_per_floor":[70,70,70,70,73,73,76,78,78,40,43,43,43,30,56,81,91,72,75,97,65,65,65,23,0,0],"gold":48,"neow_bonus":"THREE_ENEMY_KILL","is_daily":false,"chose_seed":false,"campfire_upgraded":2,"win_rate":0.0,"timestamp":1608728858,"path_taken":["M","?","?","?","M","R","?","?","T","E","$","?","?","M","R","BOSS","M","?","?","M","$","R","M","M"],"items_purchased_type":["Card","Card","Card"],"build_version":"2020-12-22","purchased_purges":1,"victory":false,"max_hp_per_floor":[70,70,70,70,73,73,76,79,79,82,85,85,85,88,88,91,91,94,97,97,100,100,100,103,103,103],"card_choices":[{"not_picked":["Runesmith:RuneHurl","Runesmith:HammerThrow"],"picked":"Runesmith:PerfectChisel","floor":1},{"not_picked":["Runesmith:Firewall","Runesmith:EnergizedChisel"],"picked":"Runesmith:ArcReactor","floor":3},{"not_picked":["Runesmith:Overpower","Runesmith:MakeshiftArmor"],"picked":"Runesmith:Reinforce","floor":5},{"not_picked":["Runesmith:HeatedChisel","Runesmith:NanitesCloud"],"picked":"Runesmith:PerfectChisel","floor":7},{"not_picked":["Runesmith:Refine","Runesmith:LithiumIon"],"picked":"Runesmith:CreatorForm","floor":8},{"not_picked":["Runesmith:Prism","Runesmith:HammerThrow"],"picked":"Runesmith:CraftVitae","floor":10},{"not_picked":["Runesmith:EnergizedChisel","Runesmith:Refine"],"picked":"Runesmith:CraftIncendium","floor":14},{"not_picked":["Runesmith:UnlimitedPower","Runesmith:LightningRod"],"picked":"Runesmith:Supernova","floor":16},{"not_picked":["Runesmith:RuneHurl+1","Runesmith:HeatExchange"],"picked":"Runesmith:Reinforce","floor":18},{"not_picked":["Runesmith:Overpower","Runesmith:HammerThrow"],"picked":"Runesmith:Supernova+1","floor":21},{"not_picked":["Runesmith:UnstableHammer","Runesmith:Overpower+1"],"picked":"Runesmith:NegativeSpace+1","floor":24}],"player_experience":196981,"relics_obtained":[{"floor":4,"key":"Replay:Ringing Soul"},{"floor":7,"key":"PreservedInsect"},{"floor":9,"key":"Juzu Bracelet"},{"floor":10,"key":"conspire:Dentures"}],"event_choices":[{"cards_removed":["Runesmith:Strike_RS"],"damage_healed":0,"gold_gain":0,"player_choice":"Purged","damage_taken":0,"max_hp_gain":0,"max_hp_loss":0,"event_name":"Purifier","floor":2,"gold_loss":0},{"damage_healed":0,"gold_gain":0,"player_choice":"Got Potions","damage_taken":0,"max_hp_gain":0,"max_hp_loss":0,"event_name":"Lab","floor":12,"gold_loss":0},{"damage_healed":0,"gold_gain":0,"player_choice":"Opened","damage_taken":0,"relics_obtained":["Toxic Egg 2"],"max_hp_gain":0,"max_hp_loss":0,"event_name":"The Mausoleum","floor":19,"gold_loss":0,"cards_obtained":["Writhe"]},{"damage_healed":22,"gold_gain":0,"player_choice":"Full Heal","damage_taken":0,"max_hp_gain":0,"max_hp_loss":0,"event_name":"Wheel of Change","floor":20,"gold_loss":0}],"is_beta":false,"boss_relics":[{"not_picked":["Runesmith:PocketReactor","aspiration:IroncladSkillbook"],"picked":"hubris:HollowSoul"}],"items_purged_floors":[11],"is_endless":false,"potions_floor_spawned":[5,8,14],"killed_by":"Chosen and Byrds","ascension_level":0}}