{"host":"ku7h2vk4czvj6teb","time":1608757636,"event":{"mods":["2.2 Compatiblity","AchievementEnabler","Aspiration","BaseMod","Better Altar","Better Match","Better Note","Better Sensory Stone","Better Skull","Better Third Choice","Better Vampires","BetterRewards","Block Reminder","Colored Map","Colored Powertips","Conspire","Curses Come First","Downfall","Filter the Spire","Friendly Minions","Highlight Path","Hubris","Ironclad Rager","Minty Spire (QoL Compilation)","Permanent Neow","Quick Restart","Rare Cards Sparkle","Relic Stats","Replay The Spire","Say the Spire","Shop Mod","Spicy Shops","StSLib","SuperFastMode","Swap Starting Deck Mod","The Bladedancer","The Construct","Thieving Mod","Transform Curses","UnlockEverythingMod"],"gold_per_floor":[113,113,113,133,408,408,433,448,472,502,10,24,57,67,67,162,162,178,16,16,29,29,64,64,64,89,158,184,468,468,486,486,691,691,717,292,314,314,16,36,36,36,84,84,104,27,59,83,83,83,83],"floor_reached":50,"playtime":4042,"items_purged":["Doubt","Regret"],"score":798,"play_id":"e8ca271c-0918-47ee-b1c8-c46196598196","local_time":"20201223210716","is_ascension_mode":false,"campfire_choices":[{"floor":6,"key":"REST"},{"floor":15,"key":"REST"},{"floor":24,"key":"REST"},{"floor":30,"key":"REST"},{"floor":32,"key":"RECALL"},{"floor":42,"key":"REST"},{"data":"ReplayTheSpireMod:Muscle Training","floor":44,"key":"SMITH"},{"floor":49,"key":"REST"}],"circlet_count":0,"master_deck":["Strike_R","Strike_R","Strike_R","Strike_R","Strike_R","Defend_R","Defend_R","Defend_R","Defend_R","Bash","Combust+1","Run Through","ReplayTheSpireMod:Muscle Training+1","Combust","Cleave","Uppercut","Twin Strike","Flame Barrier","Inflame","Perfected Strike","Uppercut","Limit Break","ReplayReversal","expansioncontent:Chronoboost+1","Guardian:PiercingHide","sneckomod:QuickBite","Pot Of Greed","Pot Of Greed","Pot Of Greed","Expertise","champ:EnGarde+1","conspire:Charge","Transmutation","sneckomod:Nope+1","Pot Of Greed","expansioncontent:QuickStudy+1","Inflame","Inflame","Draining Mist+1","Metallicize","hexamod:GhostflameBarrier","Rupture","Mind Blast+1","Metallicize","Flex","Body Slam+1","expansioncontent:ChargeUp","Pot Of Greed","Slimebound:GoopSpray+1"],"relics":["Burning Blood","Blue Doll","Chemical X","Du-Vu Doll","hubris:GlazedTorus","hubris:Icosahedron","Replay:Wax Seal","Regal Pillow","Membership Card","OrangePellets","Pear","Strawberry","hubris:ChampionShield","conspire:SlowCooker","PrismaticShard","conspire:Boomerang","CeramicFish","Grinning Jar","hubris:GrandSneckoEye","ReplayTheSpireMod:CursedCoin","Calipers","aspiration:Nostalgia","sneckomod:SneckoSoul","Darkstone Periapt","aspiration:FetidBarrel","hubris:ToyBattleship","hubris:DisguiseKit","HandDrill","Molten Egg 2","Vajra"],"acts_visited":["Exordium","TheCity","TheBeyond"],"potions_floor_usage":[7,10,16,23,23,27,33,37,37,37,40,40,40,47,50,50],"damage_taken":[{"damage":12,"enemies":"Jaw Worm","floor":1,"turns":5},{"damage":7,"enemies":"2 Louse","floor":4,"turns":2},{"damage":25,"enemies":"Gremlin Nob","floor":7,"turns":3},{"damage":1,"enemies":"Small Slimes","floor":8,"turns":2},{"damage":26,"enemies":"Lagavulin","floor":10,"turns":5},{"damage":3,"enemies":"Red Slaver","floor":12,"turns":2},{"damage":31,"enemies":"Gremlin Nob","floor":13,"turns":4},{"damage":15,"enemies":"Looter","floor":14,"turns":4},{"damage":78,"enemies":"The Guardian","floor":16,"turns":11},{"damage":24,"enemies":"Shell Parasite","floor":18,"turns":4},{"damage":9,"enemies":"3 Byrds","floor":21,"turns":3},{"damage":41,"enemies":"Book of Stabbing","floor":23,"turns":5},{"damage":56,"enemies":"Slavers","floor":27,"turns":5},{"damage":6,"enemies":"Snake Plant","floor":28,"turns":3},{"damage":56,"enemies":"conspire:MysteriousRune","floor":33,"turns":8},{"damage":22,"enemies":"Orb Walker","floor":35,"turns":3},{"damage":38,"enemies":"3 Darklings","floor":37,"turns":3},{"damage":18,"enemies":"Spire Growth","floor":40,"turns":5},{"damage":18,"enemies":"Sphere and 2 Shapes","floor":45,"turns":4},{"damage":17,"enemies":"Maw","floor":47,"turns":7},{"damage":0,"enemies":"Transient","floor":48,"turns":5},{"damage":102,"enemies":"Replay:Hell Engine","floor":50,"turns":9}],"seed_played":"3459992992384068243","potions_obtained":[{"floor":1,"key":"ElixirPotion"},{"floor":7,"key":"Fruit Juice"},{"floor":10,"key":"Adrenaline Potion"},{"floor":16,"key":"DistilledChaos"},{"floor":18,"key":"SteroidPotion"},{"floor":23,"key":"Block Potion"},{"floor":27,"key":"champ:CounterPotion"},{"floor":40,"key":"AttackPotion"},{"floor":45,"key":"Explosive Potion"},{"floor":48,"key":"Explosive Potion"}],"is_trial":false,"path_per_floor":["M","?","?","M","?","R","E","M","T","E","$","M","E","M","R_BF","B",null,"M","$","?","M","T","E","R","?","T","E","M","?","R","?","R","B",null,"M","$","M","?","$","M","?","R","T","R","M","$","M","M","R","B"],"character_chosen":"IRONCLAD","items_purchased":["Blue Doll","Combust+1","Chemical X","Du-Vu Doll","Run Through","Membership Card","OrangePellets","Pear","Strawberry","Flame Barrier","PrismaticShard","expansioncontent:Chronoboost+1","ReplayTheSpireMod:CursedCoin","Calipers","aspiration:Nostalgia","Darkstone Periapt","aspiration:FetidBarrel","expansioncontent:QuickStudy+1","Inflame","hubris:ToyBattleship","hexamod:EctoCoolerPotion","PowerPotion","hubris:DisguiseKit","HandDrill","Molten Egg 2","Metallicize","Mind Blast+1","Metallicize","Flex","Body Slam+1"],"campfire_rested":6,"item_purchase_floors":[0,0,0,0,0,11,11,11,11,11,19,19,36,36,36,36,36,36,36,36,36,36,39,39,39,39,46,46,46,46],"current_hp_per_floor":[58,58,58,57,57,80,66,71,71,51,68,71,46,37,82,10,102,84,84,84,81,81,46,91,91,91,41,41,41,86,86,86,36,102,86,86,54,54,54,42,42,87,87,87,75,75,64,70,102,0,0],"gold":83,"neow_bonus":"","is_daily":false,"chose_seed":false,"campfire_upgraded":1,"win_rate":0.0,"timestamp":1608757636,"path_taken":["M","?","?","M","?","R","E","?","T","E","$","M","E","M","R_BF","BOSS","M","$","?","M","?","E","R","?","T","E","?","?","R","?","R","BOSS","M","$","M","?","$","M","?","R","T","R","M","$","M","M","R","BOSS"],"items_purchased_type":["Relic","Card","Relic","Relic","Card","Relic","Relic","Relic","Relic","Card","Relic","Card","Relic","Relic","Relic","Relic","Relic","Card","Card","Relic","Potion","Potion","Relic","Relic","Relic","Card","Card","Card","Card","Card"],"build_version":"2020-12-22","purchased_purges":2,"victory":false,"max_hp_per_floor":[80,80,80,80,80,80,85,85,85,85,102,102,102,102,102,102,102,102,102,102,102,102,102,102,102,102,102,102,102,102,102,102,102,102,102,102,102,102,102,102,102,102,102,102,102,102,102,102,102,102,102],"relic_stats":{"Darkstone Periapt":0,"OrangePellets":[6],"Regal Pillow":62,"counters":[22,102],"CeramicFish":234,"HandDrill":[14],"Chemical X":[3],"obtain_stats":[{"Darkstone Periapt":36,"Regal Pillow":9,"Calipers":36,"CeramicFish":26,"Vajra":43,"Blue Doll":0,"PrismaticShard":19,"sneckomod:SneckoSoul":36,"Burning Blood":0,"hubris:Icosahedron":3,"Strawberry":11,"HandDrill":39,"Chemical X":0,"Replay:Wax Seal":7,"hubris:ChampionShield":13,"hubris:GlazedTorus":2,"hubris:DisguiseKit":39,"Pear":11,"ReplayTheSpireMod:CursedCoin":36,"aspiration:Nostalgia":36,"aspiration:FetidBarrel":36,"conspire:SlowCooker":17,"conspire:Boomerang":23,"Du-Vu Doll":0,"OrangePellets":11,"Molten Egg 2":39,"hubris:GrandSneckoEye":34,"hubris:ToyBattleship":36,"Membership Card":11,"Grinning Jar":27},{"Darkstone Periapt":16,"Regal Pillow":4,"Calipers":16,"CeramicFish":12,"Vajra":18,"Blue Doll":0,"PrismaticShard":10,"sneckomod:SneckoSoul":16,"Burning Blood":0,"hubris:Icosahedron":1,"Strawberry":5,"HandDrill":17,"Chemical X":0,"Replay:Wax Seal":3,"hubris:ChampionShield":7,"hubris:GlazedTorus":1,"hubris:DisguiseKit":17,"Pear":5,"ReplayTheSpireMod:CursedCoin":16,"aspiration:Nostalgia":16,"aspiration:FetidBarrel":16,"conspire:SlowCooker":9,"conspire:Boomerang":12,"Du-Vu Doll":0,"OrangePellets":5,"Molten Egg 2":17,"hubris:GrandSneckoEye":15,"hubris:ToyBattleship":16,"Membership Card":5,"Grinning Jar":13},{"Darkstone Periapt":69,"Regal Pillow":12,"Calipers":69,"CeramicFish":50,"Vajra":77,"Blue Doll":0,"PrismaticShard":42,"sneckomod:SneckoSoul":69,"Burning Blood":0,"hubris:Icosahedron":5,"Strawberry":17,"HandDrill":72,"Chemical X":0,"Replay:Wax Seal":10,"hubris:ChampionShield":23,"hubris:GlazedTorus":5,"hubris:DisguiseKit":72,"Pear":17,"ReplayTheSpireMod:CursedCoin":69,"aspiration:Nostalgia":69,"aspiration:FetidBarrel":69,"conspire:SlowCooker":38,"conspire:Boomerang":50,"Du-Vu Doll":0,"OrangePellets":17,"Molten Egg 2":72,"hubris:GrandSneckoEye":66,"hubris:ToyBattleship":69,"Membership Card":17,"Grinning Jar":55}],"Burning Blood":126},"card_choices":[{"not_picked":["Reckless Charge","Clash"],"picked":"ReplayTheSpireMod:Muscle Training","floor":1},{"not_picked":["Sever Soul","Wild Strike"],"picked":"Combust","floor":4},{"not_picked":["Abandon","Havoc"],"picked":"Cleave","floor":7},{"not_picked":["hubris:ReadiedAction","Hemokinesis"],"picked":"Uppercut","floor":8},{"not_picked":["Hemokinesis","Power Through"],"picked":"Twin Strike","floor":10},{"not_picked":["Blood for Blood","Massacre"],"picked":"Inflame","floor":12},{"not_picked":["Wild Strike","True Grit"],"picked":"Perfected Strike","floor":13},{"not_picked":["Perfected Strike","Sword Boomerang"],"picked":"Uppercut","floor":14},{"not_picked":["Feed","hubris:StunningStrike"],"picked":"Limit Break","floor":16},{"not_picked":["Havoc+1","True Grit"],"picked":"ReplayReversal","floor":18},{"not_picked":["Prepared","blademaster:Cut+1"],"picked":"Guardian:PiercingHide","floor":21},{"not_picked":["White Noise","Eclipse"],"picked":"sneckomod:QuickBite","floor":23},{"not_picked":["blademaster:CloudOfSteel","True Grit"],"picked":"Expertise","floor":27},{"not_picked":["hexamod:NightmareStrike+1","Slimebound:SlimeBarrage+1"],"picked":"champ:EnGarde+1","floor":28},{"not_picked":["construct:BatteryCore","All For One"],"picked":"Transmutation","floor":33},{"not_picked":["hexamod:SecondSeal","Hidden Blade"],"picked":"sneckomod:Nope+1","floor":35},{"not_picked":["Slimebound:Gluttony+1","hubris:SlightOfHand"],"picked":"Draining Mist+1","floor":37},{"not_picked":["blademaster:DaggerAndCloak","hexamod:CatchUp","Guardian:Gem_Red"],"picked":"hexamod:GhostflameBarrier","floor":40},{"not_picked":["blademaster:AwakeningDefend","Replay:Sssssssssstrike+1","Guardian:Planning"],"picked":"Rupture","floor":45},{"not_picked":["Skim+1","Slimebound:FinishingTackle+1","Guardian:PolyBeam"],"picked":"expansioncontent:ChargeUp","floor":47},{"not_picked":["Havoc+1","construct:Enhance","Guardian:PolyBeam"],"picked":"Slimebound:GoopSpray+1","floor":48}],"player_experience":213541,"relics_obtained":[{"floor":7,"key":"Replay:Wax Seal"},{"floor":9,"key":"Regal Pillow"},{"floor":13,"key":"hubris:ChampionShield"},{"floor":23,"key":"conspire:Boomerang"},{"floor":26,"key":"CeramicFish"},{"floor":27,"key":"Grinning Jar"},{"floor":43,"key":"Vajra"}],"event_choices":[{"damage_healed":0,"gold_gain":0,"player_choice":"Box","damage_taken":0,"relics_obtained":["hubris:GlazedTorus"],"max_hp_gain":0,"max_hp_loss":0,"event_name":"Big Fish","floor":2,"gold_loss":0,"cards_obtained":["Regret"]},{"damage_healed":0,"gold_gain":275,"player_choice":"Desecrate","damage_taken":0,"max_hp_gain":0,"max_hp_loss":0,"event_name":"Golden Shrine","floor":5,"gold_loss":0,"cards_obtained":["Regret"]},{"cards_removed":["Regret"],"damage_healed":0,"gold_gain":0,"player_choice":"Purged","damage_taken":0,"max_hp_gain":0,"max_hp_loss":0,"event_name":"Purifier","floor":20,"gold_loss":0},{"damage_healed":0,"gold_gain":0,"player_choice":"Cursed","damage_taken":0,"max_hp_gain":0,"max_hp_loss":0,"event_name":"Wheel of Change","floor":25,"gold_loss":0,"cards_obtained":["Decay"]},{"damage_healed":0,"gold_gain":275,"player_choice":"Desecrate","damage_taken":0,"max_hp_gain":0,"max_hp_loss":0,"event_name":"Golden Shrine","floor":29,"gold_loss":0,"cards_obtained":["Regret"]},{"damage_healed":0,"gold_gain":0,"cards_transformed":["Regret","Decay"],"player_choice":"Became Test Subject","damage_taken":0,"max_hp_gain":0,"max_hp_loss":0,"event_name":"Drug Dealer","floor":31,"gold_loss":0,"cards_obtained":["Brutality","conspire:Charge"]},{"cards_removed":["Brutality"],"damage_healed":0,"gold_gain":0,"player_choice":"Removed Power","damage_taken":0,"max_hp_gain":0,"max_hp_loss":0,"event_name":"Falling","floor":38,"gold_loss":0},{"damage_healed":0,"gold_gain":0,"player_choice":"Leave","damage_taken":0,"max_hp_gain":0,"max_hp_loss":0,"event_name":"conspire:Investor","floor":41,"gold_loss":0}],"is_beta":false,"boss_relics":[{"not_picked":["Cursed Key","Ring of Chaos"],"picked":"conspire:SlowCooker"},{"not_picked":["Honey Jar","Coffee Dripper"],"picked":"hubris:GrandSneckoEye"}],"items_purged_floors":[36,36],"is_endless":false,"potions_floor_spawned":[1,7,10,16,18,23,27,40,45,48],"killed_by":"Replay:Hell Engine","ascension_level":0}}