{"host":"4qkvkh7pd9qr2mca","time":1608765125,"event":{"mods":["AchievementEnabler","BaseMod","Colored Map","Colored Powertips","Highlight Path","Minty Spire (QoL Compilation)","Permanent Neow","Quick Restart","StSLib","SuperFastMode"],"gold_per_floor":[114,124,124,124,136,136,176,176,176,197,197,241,20,41,41,124,151,169,169,155,155,174,174,217,217,217,258,258,183,227,59,59,147,147,171,171,198,220,240,240,61,61,87,87,98,116,116,116,116],"floor_reached":48,"playtime":1702,"items_purged":["Strike_G","Well Laid Plans+1"],"score":1046,"play_id":"b4864c6f-6a82-4fd4-9db2-de8b49388cd4","local_time":"20201224001205","is_ascension_mode":true,"campfire_choices":[{"data":"Noxious Fumes","floor":6,"key":"SMITH"},{"floor":8,"key":"REST"},{"floor":15,"key":"REST"},{"floor":23,"key":"REST"},{"floor":25,"key":"REST"},{"floor":28,"key":"REST"},{"data":"Well Laid Plans","floor":32,"key":"SMITH"},{"floor":40,"key":"REST"},{"floor":42,"key":"REST"},{"data":"Burst","floor":44,"key":"SMITH"},{"floor":47,"key":"REST"}],"circlet_count":0,"master_deck":["AscendersBane","Defend_G","Defend_G","Defend_G","Defend_G","Defend_G","Survivor","Neutralize","Crippling Poison","PiercingWail","Noxious Fumes+1","Deflect","Adrenaline","Burst+1","Quick Slash","Acrobatics","Catalyst+1","Die Die Die","Deflect+1","Deadly Poison+1","Sucker Punch+1","Dash+1","Tactician","Caltrops","PiercingWail+1","Dagger Throw+1","Corpse Explosion","A Thousand Cuts","Concentrate","Dagger Throw+1","Bouncing Flask","Malaise"],"relics":["Sozu","Mercury Hourglass","CeramicFish","Toy Ornithopter","Bronze Scales","Astrolabe","Letter Opener","WingedGreaves","Bottled Flame","Molten Egg 2","Runic Pyramid","Orichalcum"],"acts_visited":["Exordium","TheCity","TheBeyond"],"potions_floor_usage":[],"damage_taken":[{"damage":0,"enemies":"2 Louse","floor":1,"turns":5},{"damage":0,"enemies":"Cultist","floor":2,"turns":4},{"damage":0,"enemies":"Small Slimes","floor":5,"turns":3},{"damage":28,"enemies":"3 Sentries","floor":7,"turns":8},{"damage":7,"enemies":"Looter","floor":10,"turns":4},{"damage":20,"enemies":"Lagavulin","floor":12,"turns":7},{"damage":0,"enemies":"Large Slime","floor":14,"turns":5},{"damage":9,"enemies":"Hexaghost","floor":16,"turns":8},{"damage":0,"enemies":"Chosen","floor":18,"turns":5},{"damage":1,"enemies":"2 Thieves","floor":20,"turns":4},{"damage":6,"enemies":"Snake Plant","floor":22,"turns":3},{"damage":17,"enemies":"Gremlin Leader","floor":24,"turns":6},{"damage":18,"enemies":"Book of Stabbing","floor":27,"turns":4},{"damage":3,"enemies":"Gremlin Leader","floor":30,"turns":6},{"damage":23,"enemies":"Automaton","floor":33,"turns":9},{"damage":2,"enemies":"Orb Walker","floor":35,"turns":3},{"damage":21,"enemies":"3 Darklings","floor":37,"turns":3},{"damage":1,"enemies":"Maw","floor":38,"turns":6},{"damage":23,"enemies":"Jaw Worm Horde","floor":39,"turns":3},{"damage":0,"enemies":"3 Darklings","floor":45,"turns":3},{"damage":40,"enemies":"Spire Growth","floor":46,"turns":5},{"damage":62,"enemies":"Giant Head","floor":48,"turns":6}],"seed_played":"1001074440844545659","potions_obtained":[],"is_trial":false,"path_per_floor":["M","M","?","?","M","R","E","R","T","M","?","E","$","M","R","B",null,"M","?","M","?","M","R","E","R","T","E","R","?","E","$","R","B",null,"M","?","M","M","M","R","$","R","T","R","M","M","R","E"],"character_chosen":"THE_SILENT","items_purchased":["Well Laid Plans","Quick Slash","Acrobatics","Corpse Explosion","Malaise"],"campfire_rested":8,"item_purchase_floors":[13,13,13,31,41],"current_hp_per_floor":[59,59,48,48,48,48,20,39,39,32,32,12,12,12,31,22,55,55,37,36,36,30,51,34,55,55,37,58,58,55,55,55,32,61,59,59,38,37,14,35,35,56,56,56,56,16,37,0,0],"gold":116,"neow_bonus":"BOSS_RELIC","is_daily":false,"chose_seed":false,"campfire_upgraded":3,"win_rate":0.0,"timestamp":1608765125,"path_taken":["M","M","?","?","M","R","E","R","T","M","?","E","$","?","R","BOSS","M","?","M","?","M","R","E","R","T","E","R","?","E","$","R","BOSS","M","?","M","M","M","R","$","R","T","R","?","M","R","E"],"items_purchased_type":["Card","Card","Card","Card","Card"],"build_version":"2020-12-22","purchased_purges":2,"victory":false,"max_hp_per_floor":[66,66,66,66,66,66,66,66,66,66,66,66,66,66,66,66,66,66,71,71,71,71,71,71,71,71,71,71,71,71,71,71,71,71,71,71,71,71,71,71,71,71,71,71,71,71,71,71,71],"card_choices":[{"not_picked":["Poisoned Stab","Dagger Throw"],"picked":"Crippling Poison","floor":1},{"not_picked":["Underhanded Strike","Quick Slash"],"picked":"PiercingWail","floor":2},{"not_picked":["Slice","Deflect"],"picked":"Noxious Fumes","floor":5},{"not_picked":["Underhanded Strike","Slice"],"picked":"Deflect","floor":7},{"not_picked":["Blade Dance","Riddle With Holes"],"picked":"Adrenaline","floor":10},{"not_picked":["Dodge and Roll","Slice"],"picked":"Burst","floor":12},{"not_picked":["Underhanded Strike","Deflect"],"picked":"Catalyst","floor":14},{"not_picked":["Venomology","Glass Knife"],"picked":"Die Die Die","floor":16},{"not_picked":["Deadly Poison","Dagger Spray","Finisher"],"picked":"SKIP","floor":18},{"not_picked":["Reflex","Setup"],"picked":"Dash+1","floor":20},{"not_picked":["Distraction","Sucker Punch"],"picked":"Tactician","floor":22},{"not_picked":["Deadly Poison+1","Accuracy"],"picked":"Caltrops","floor":24},{"not_picked":["Deflect","Dagger Throw"],"picked":"PiercingWail+1","floor":27},{"not_picked":["PiercingWail","Poisoned Stab+1"],"picked":"Dagger Throw+1","floor":30},{"not_picked":["Grand Finale+1","Storm of Steel"],"picked":"A Thousand Cuts","floor":33},{"not_picked":["Setup","Heel Hook+1"],"picked":"Concentrate","floor":35},{"not_picked":["Blade Dance","Slice+1"],"picked":"Dagger Throw+1","floor":37},{"not_picked":["Slice+1","Backflip"],"picked":"Bouncing Flask","floor":38},{"not_picked":["PiercingWail","Heel Hook+1","Tactician"],"picked":"SKIP","floor":39},{"not_picked":["Storm of Steel","Setup+1","Distraction"],"picked":"SKIP","floor":45},{"not_picked":["Bane+1","Masterful Stab+1","Blade Dance"],"picked":"SKIP","floor":46}],"player_experience":485647,"relics_obtained":[{"floor":7,"key":"CeramicFish"},{"floor":9,"key":"Toy Ornithopter"},{"floor":12,"key":"Bronze Scales"},{"floor":24,"key":"Letter Opener"},{"floor":26,"key":"WingedGreaves"},{"floor":27,"key":"Bottled Flame"},{"floor":30,"key":"Molten Egg 2"},{"floor":43,"key":"Orichalcum"}],"event_choices":[{"damage_healed":0,"gold_gain":0,"player_choice":"Success","damage_taken":11,"relics_obtained":["Mercury Hourglass"],"max_hp_gain":0,"max_hp_loss":0,"event_name":"Scrap Ooze","floor":3,"gold_loss":0},{"damage_healed":0,"gold_gain":0,"player_choice":"Ignored","damage_taken":0,"max_hp_gain":0,"max_hp_loss":0,"event_name":"Shining Light","floor":4,"gold_loss":0},{"damage_healed":0,"gold_gain":0,"player_choice":"0 cards matched","damage_taken":0,"max_hp_gain":0,"max_hp_loss":0,"event_name":"Match and Keep!","floor":11,"gold_loss":0,"cards_obtained":[]},{"damage_healed":0,"gold_gain":0,"player_choice":"Shed Blood","damage_taken":23,"max_hp_gain":5,"max_hp_loss":0,"event_name":"Forgotten Altar","floor":19,"gold_loss":0},{"damage_healed":0,"gold_gain":0,"player_choice":"Ignored","damage_taken":0,"max_hp_gain":0,"max_hp_loss":0,"event_name":"Vampires","floor":21,"gold_loss":0},{"cards_removed":["Strike_G"],"damage_healed":0,"gold_gain":0,"player_choice":"Gave Gold","damage_taken":0,"max_hp_gain":0,"max_hp_loss":0,"event_name":"Beggar","floor":29,"gold_loss":75},{"damage_healed":0,"gold_gain":0,"player_choice":"Upgraded","damage_taken":0,"max_hp_gain":0,"max_hp_loss":0,"event_name":"Upgrade Shrine","floor":36,"gold_loss":0,"cards_upgraded":["Catalyst"]}],"is_beta":false,"boss_relics":[{"not_picked":["Philosopher\u0027s Stone","WristBlade"],"picked":"Astrolabe"},{"not_picked":["Tiny House","Black Star"],"picked":"Runic Pyramid"}],"items_purged_floors":[13,41],"is_endless":false,"potions_floor_spawned":[1,7,14,22,24,30,33,35,39,45],"killed_by":"Giant Head","ascension_level":20}}