{"host":"m6aaltr68g9tvoay","time":1608709013,"event":{"mods":["AchievementEnabler","BaseMod","Colored Map","Minty Spire (QoL Compilation)","StSLib"],"gold_per_floor":[118,135,135,135,135,176,176,197,197,197,197],"floor_reached":10,"playtime":393,"items_purged":[],"score":129,"play_id":"47880b6b-319a-4653-8006-9ce89b4a4d92","local_time":"20201222233653","is_ascension_mode":true,"campfire_choices":[{"floor":7,"key":"REST"}],"circlet_count":0,"master_deck":["AscendersBane","Strike_B","Strike_B","Strike_B","Defend_B","Defend_B","Defend_B","Defend_B","Zap","Dualcast","Consume","Rebound","Cold Snap","Injury","Capacitor","Glacier"],"relics":["Cracked Core","Golden Idol","InkBottle","Juzu Bracelet"],"acts_visited":["Exordium"],"potions_floor_usage":[6,10],"damage_taken":[{"damage":1,"enemies":"2 Louse","floor":1,"turns":2},{"damage":13,"enemies":"Small Slimes","floor":2,"turns":5},{"damage":47,"enemies":"Lagavulin","floor":6,"turns":6},{"damage":9,"enemies":"Jaw Worm","floor":8,"turns":5},{"damage":35,"enemies":"Gremlin Nob","floor":10,"turns":4}],"seed_played":"446418888024079874","potions_obtained":[{"floor":1,"key":"Strength Potion"},{"floor":6,"key":"AttackPotion"}],"is_trial":false,"path_per_floor":["M","M","?","?","?","E","R","M","T","E"],"character_chosen":"DEFECT","items_purchased":[],"campfire_rested":1,"item_purchase_floors":[],"current_hp_per_floor":[70,57,57,57,57,10,33,24,24,0,0],"gold":197,"neow_bonus":"TEN_PERCENT_HP_BONUS","is_daily":false,"chose_seed":false,"campfire_upgraded":0,"win_rate":0.0,"timestamp":1608709013,"path_taken":["M","M","?","?","?","E","R","M","T","E"],"items_purchased_type":[],"build_version":"2020-12-22","purchased_purges":0,"victory":false,"max_hp_per_floor":[78,78,78,78,78,78,78,78,78,78,78],"card_choices":[{"not_picked":["Double Energy","Force Field"],"picked":"Consume","floor":1},{"not_picked":["Stack","Go for the Eyes"],"picked":"Rebound","floor":2},{"not_picked":["Compile Driver","Meteor Strike"],"picked":"Capacitor","floor":6},{"not_picked":["Go for the Eyes","Leap"],"picked":"Glacier","floor":8}],"player_experience":1296032,"relics_obtained":[{"floor":6,"key":"InkBottle"},{"floor":9,"key":"Juzu Bracelet"}],"event_choices":[{"damage_healed":0,"gold_gain":0,"player_choice":"Ignored","damage_taken":0,"max_hp_gain":0,"max_hp_loss":0,"event_name":"Shining Light","floor":3,"gold_loss":0},{"damage_healed":0,"gold_gain":0,"cards_transformed":["Strike_B"],"player_choice":"Change","damage_taken":0,"max_hp_gain":0,"max_hp_loss":0,"event_name":"Living Wall","floor":4,"gold_loss":0,"cards_obtained":["Cold Snap"]},{"damage_healed":0,"gold_gain":0,"player_choice":"Take Wound","damage_taken":0,"relics_obtained":["Golden Idol"],"max_hp_gain":0,"max_hp_loss":0,"event_name":"Golden Idol","floor":5,"gold_loss":0,"cards_obtained":["Injury"]}],"is_beta":false,"boss_relics":[],"items_purged_floors":[],"is_endless":false,"potions_floor_spawned":[1,6],"killed_by":"Gremlin Nob","ascension_level":19}}