{"host":"fhq3k2nq5elnbks3","time":1608766313,"event":{"mods":["2.2 Compatiblity","AchievementEnabler","Act Like it!","AlwaysNeverKeys","Aspiration","Astrologer","Bard","BaseMod","Better Altar","Better Vampires","Better-Laid Plans","Block Reminder","CCEM","CapriCore","Card Filter","Colored Powertips","Conspire","Displayed Cursed Tome","Downfall","Ekko","Eldritch Tears","Energized Spire","Fiend Mod","Fireblade Mod","Friendly Minions","FutureSeer","GifTheSpireLib","Gremlin Mod","Gremlin Skip","Halation","Hermit","HololiveMod","Hubris","Hunter ??","Infinite Spire","Ironclad Rager","JesterMod","Jorbs\u0027s Wanderer Trilogy","Koishi","Mad Scientist","Magitek Elite","Marisa????????","Mathemortician","Minty Spire (QoL Compilation)","Onozuka Komachi Mod","Pale of the Ancients","Permanent Neow","Potionbrewer","Prisma Mod","QueenMod","Quick Restart","Reimu??????","Relic Filter","Remilia??????","Replay The Spire","Robot Space Explorer","Ruin Mod","Shop Mod","Somnambulant","Spikes Relics","StSLib","Stuff the Spire","SuperFastMode","Td1madao Mod","The Blackbeard","The Cursed","The Death Knight","The Druid","The Exordian Avenger","The Fake Hero","The Florist","The Gatherer","The Hierophant","The Marked","The Necromancer","The Runesmith","The Servant 0.9.4","The Trickster","The Valiant","The Wild Card","The Witch","TheBandit","Trackpad","Transform Curses","Uncapped","Unknown Chances","Wandering Minibosses","Yuri Mod","thorton","vexMod"],"gold_per_floor":[109,128,143,153,153,153,153,153,179,193,193,204,204,220,220,355,355,396,29,42,42,42,42,42,42,90,105,105,119,119],"floor_reached":29,"playtime":2067,"items_purged":["UltimateOffering"],"score":213,"play_id":"71449070-c79f-439e-9774-e126cacbe955","local_time":"20201223173153","daily_mods":["Vintage","Heirloom","Time Dilation","Flight"],"is_ascension_mode":false,"campfire_choices":[{"data":"RedMoon","floor":6,"key":"SMITH"},{"data":"ScarletShoot","floor":7,"key":"SMITH"},{"data":"Strike_RM","floor":8,"key":"SMITH"},{"data":"Strike_RM","floor":11,"key":"SMITH"},{"data":"Strike_RM","floor":13,"key":"SMITH"},{"data":"Strike_RM","floor":15,"key":"SMITH"},{"data":"DiffusionOfMisfortune","floor":23,"key":"SMITH"},{"data":"DemonKingCradle","floor":24,"key":"SMITH"},{"data":"StarOfDavid","floor":25,"key":"SMITH"},{"data":"StuffTheSpire:WarGroove","floor":28,"key":"SMITH"}],"circlet_count":0,"master_deck":["Strike_RM+1","Strike_RM+1","Strike_RM+1","Strike_RM+1","Defend_RM","Defend_RM","Defend_RM","Defend_RM","RedMoon+1","ScarletShoot+1","DemonKingCradle+1","DiffusionOfMisfortune+1","StarOfDavid+1","RedRainbow","HunterOfTheNight","QueenOfMidnight","infinitespire:UltimateForm","StuffTheSpire:WarGroove+1"],"relics":["ScarletHat","Bronze Scales","Replay:Bottled Flurry","Gungnir","hubris:BundleOfHerbs","infinitespire:Midas Blood","vexMod:ConsolationPrize","conspire:Boomerang","halation:Prosthetics","Vajra","MerchantsRug","Replay:Wax Seal","potionbrewer:BoosterPack","infinitespire:Broken Mirror","Centennial Puzzle","conspire:SpecialSausage","Mummified Hand","CeramicFish"],"acts_visited":["Exordium","TheCity"],"potions_floor_usage":[14],"damage_taken":[{"damage":4,"enemies":"infinitespire:Voidling","floor":1,"turns":4},{"damage":0,"enemies":"conspire:RoseBush","floor":2,"turns":3},{"damage":3,"enemies":"Small Slimes","floor":3,"turns":7},{"damage":22,"enemies":"2 Fungi Beasts","floor":4,"turns":5},{"damage":0,"enemies":"Looter","floor":10,"turns":3},{"damage":0,"enemies":"3 Louse","floor":12,"turns":2},{"damage":0,"enemies":"Large Slime","floor":14,"turns":4},{"damage":24,"enemies":"Hexaghost","floor":16,"turns":7},{"damage":22,"enemies":"2 Thieves","floor":18,"turns":6},{"damage":0,"enemies":"3 Byrds","floor":20,"turns":2},{"damage":13,"enemies":"Nightmare","floor":29,"turns":3}],"seed_played":"2177537260584446626","potions_obtained":[{"floor":1,"key":"Doom Potion"},{"floor":3,"key":"potionbrewer:CleansingPotion"},{"floor":4,"key":"Fruit Juice"},{"floor":14,"key":"potionbrewer:NoxiousPotion"},{"floor":20,"key":"Reflective Coating"}],"is_trial":true,"path_per_floor":["M","M","M","M","?","R","R","R","T","M","R","M","R","M","R","B",null,"M","$","M","?","AVR","R","R","R","T","?","R","NM"],"character_chosen":"REMILIA","items_purchased":["MerchantsRug","Replay:Wax Seal","potionbrewer:BoosterPack","infinitespire:Broken Mirror"],"campfire_rested":0,"item_purchase_floors":[19,19,19,19],"current_hp_per_floor":[75,75,72,52,52,52,52,52,52,53,53,53,53,61,61,50,45,28,28,28,28,28,28,28,28,28,8,8,0,0],"gold":119,"neow_bonus":"","is_daily":false,"chose_seed":false,"campfire_upgraded":10,"win_rate":0.0,"timestamp":1608766313,"path_taken":["M","M","?","M","?","R","R","R","T","M","R","M","R","M","R","BOSS","M","$","M","?","AVR","R","R","R","T","?","R","NM"],"items_purchased_type":["Relic","Relic","Relic","Relic"],"build_version":"2020-12-22","purchased_purges":1,"victory":false,"max_hp_per_floor":[75,75,75,75,75,75,75,75,75,75,75,75,75,80,80,80,45,45,45,45,45,45,45,45,45,45,45,45,45,45],"card_choices":[{"not_picked":["BatForm","TricksterDevil"],"picked":"DemonKingCradle","floor":16}],"player_experience":529326,"relics_obtained":[{"floor":1,"key":"Bronze Scales"},{"floor":2,"key":"Replay:Bottled Flurry"},{"floor":3,"key":"Gungnir"},{"floor":4,"key":"hubris:BundleOfHerbs"},{"floor":9,"key":"halation:KoshaPiece"},{"floor":10,"key":"infinitespire:Midas Blood"},{"floor":12,"key":"vexMod:ConsolationPrize"},{"floor":14,"key":"conspire:Boomerang"},{"floor":18,"key":"Vajra"},{"floor":20,"key":"Centennial Puzzle"},{"floor":26,"key":"CeramicFish"}],"event_choices":[{"damage_healed":0,"gold_gain":0,"player_choice":"Leave","damage_taken":0,"max_hp_gain":0,"max_hp_loss":0,"event_name":"conspire:Investor","floor":5,"gold_loss":0}],"is_beta":false,"boss_relics":[{"not_picked":["conspire:SlowCooker","Sozu"],"picked":"halation:Prosthetics"}],"items_purged_floors":[22],"is_endless":false,"potions_floor_spawned":[1,3,4,14,16,20],"killed_by":"Nightmare","ascension_level":0}}