{"host":"2qdrd1k0srhz2le1","time":1608741096,"event":{"mods":["ATMod(阿瑾Mod)","BaseMod","Better Vampires","Colored Powertips","Conspire","Lobotomy","Marisa（F雨　魔理沙）","Minty Spire (QoL Compilation)","MostiFishMod","Relic Stats","Replay The Spire","Robot Space Explorer","SOS（斯巴达之子）","Shop Mod","Spicy Shops","StSLib","TestMod","The Edgeheg","【东方二次创作】八云紫mod","【功能Mod】聪明的最终Boss","篝火指南"],"gold_per_floor":[112,262,20,20,38,67,67,67,67,67,111,133,161,177,177,262,262,282,58,85,85,85,106,127,127,127,127,127,2,24,50,91,91,91,192,-1208,-1184,-1184,-1184,-1184,-1184,-537,-537,-494,-494,-463,-444,182,1425,2056,2056,2084,2084,1051,386,1052,1073],"floor_reached":58,"playtime":2940,"items_purged":["Doubt","Languid","Strike_B","Strike_B","Strike_B","Strike_B"],"score":2564,"play_id":"fcaeff2e-e99a-495b-b07c-60406bd4ecb7","local_time":"20201224003136","is_ascension_mode":true,"campfire_choices":[{"data":"AT_FamilyPortrait","floor":7,"key":"SMITH"},{"data":"MostiFishMod:IntelligentEquipment","floor":15,"key":"SMITH"},{"data":"MostiFishMod:TalkingToTheRain","floor":25,"key":"SMITH"},{"data":"Loop","floor":27,"key":"SMITH"},{"data":"White Noise","floor":34,"key":"SMITH"},{"floor":51,"key":"RECALL"}],"circlet_count":0,"master_deck":["AscendersBane","Defend_B+1","Defend_B","Defend_B","Defend_B","Zap+1","Dualcast","AT_FamilyPortrait+1","Coolheaded+1","Conserve Battery","Loop+1","MostiFishMod:GatherIntelligence+1","White Noise+1","Coolheaded+1","MostiFishMod:Impulse+1","AT_RightCognition+1","Defragment","MostiFishMod:IntelligentEquipment+1","MostiFishMod:IceShield","AT_HeatAcrobatics","MostiFishMod:TalkingToTheRain+1","Turbo+1","Machine Learning+1","MostiFishMod:DeathFromBelow","MostiFishMod:InterfaceCompatibility+1","Consume+1","AT_ThreeBodyProblem+1","MostiFishMod:PerfectForm+1"],"relics":["Cracked Core","testmod-TestBox","AT_ATBox","DaveBox","BionicSphere","testmod-DeterminationOfClimber","SynthV:TestCard","Orrery","Orichalcum","Ring of Panic","Ornamental Fan","AT_ArcaneBoots","FeatherPendant","AT_SilvercatRing","ReplayTheSpireMod:CursedCoin","Spirit Poop","Mango","DianDianMeat","SynthV:MejaisSoulstealer","HornCleat","AT_BladeRuinedKing","Mirror","AT_ChloranthyRing","Membership Card","OrangePellets","Chameleon Ring","Replay:WaspNest","ReplayTheSpireMod:Shallot","ReplayTheSpireMod:Lightbulb","Anchor","War Paint","Toolbox","Toy Ornithopter","Solar Panel","TimeFreeze","Pear"],"acts_visited":["Exordium","TheCity","TheBeyond","TheEnding"],"potions_floor_usage":[37],"damage_taken":[{"damage":0,"enemies":"Cultist","floor":1,"turns":4},{"damage":0,"enemies":"2 Louse","floor":5,"turns":2},{"damage":0,"enemies":"3 Sentries","floor":6,"turns":3},{"damage":0,"enemies":"Replay:BlueRogue","floor":11,"turns":3},{"damage":0,"enemies":"conspire:RoseBush","floor":12,"turns":4},{"damage":0,"enemies":"Exordium Wildlife","floor":13,"turns":3},{"damage":0,"enemies":"Lots of Slimes","floor":14,"turns":1},{"damage":0,"enemies":"Fading Forest","floor":16,"turns":7},{"damage":0,"enemies":"3 Byrds","floor":18,"turns":3},{"damage":0,"enemies":"conspire:FuzzyDice","floor":20,"turns":2},{"damage":0,"enemies":"Centurion and Healer","floor":23,"turns":2},{"damage":0,"enemies":"3 Cultists","floor":24,"turns":3},{"damage":0,"enemies":"Cultist and Chosen","floor":30,"turns":2},{"damage":0,"enemies":"Slavers","floor":32,"turns":3},{"damage":0,"enemies":"Automaton","floor":35,"turns":5},{"damage":0,"enemies":"3 Shapes","floor":37,"turns":3},{"damage":0,"enemies":"Giant Head","floor":42,"turns":2},{"damage":0,"enemies":"R_Hoarder","floor":44,"turns":3},{"damage":0,"enemies":"Orb Walker","floor":46,"turns":3},{"damage":0,"enemies":"3 Darklings","floor":47,"turns":1},{"damage":0,"enemies":"4 Shapes","floor":48,"turns":1},{"damage":0,"enemies":"Reptomancer","floor":49,"turns":3},{"damage":0,"enemies":"Maw","floor":50,"turns":2},{"damage":0,"enemies":"Replay:Hell Engine","floor":52,"turns":3},{"damage":0,"enemies":"Shield and Spear","floor":56,"turns":2},{"damage":0,"enemies":"The Heart","floor":57,"turns":3}],"seed_played":"-6911080129169536381","potions_obtained":[{"floor":1,"key":"CultistPotion"},{"floor":11,"key":"EssenceOfSteel"},{"floor":33,"key":"EntropicBrew"},{"floor":56,"key":"FocusPotion"}],"is_trial":false,"path_per_floor":["M","?","$","?","M","E","R","?","T","$","E","M","M","M","R","B",null,"M","$","M","PTL","PTL","M","M","R","?","R","T","$","M","?","E","?","R","B",null,"M","$","$","T","$","E","?","E","T","M","M","M","E","M","R","B",null,"R","$","E","B",null],"character_chosen":"DEFECT","items_purchased":["Orrery","AT_SilvercatRing","ReplayTheSpireMod:CursedCoin","Membership Card","OrangePellets","Chameleon Ring","Replay:WaspNest","ReplayTheSpireMod:Shallot","ReplayTheSpireMod:Lightbulb","MostiFishMod:PerfectForm","Anchor","War Paint","Toolbox","Toy Ornithopter","Solar Panel","TimeFreeze"],"campfire_rested":0,"item_purchase_floors":[3,19,19,54,54,54,54,54,54,54,55,55,55,55,55,55],"current_hp_per_floor":[64,64,64,64,67,68,68,68,68,68,71,71,71,71,71,71,71,71,71,71,71,71,71,71,71,71,71,71,71,71,57,64,64,64,86,86,86,86,86,86,86,88,88,91,91,91,91,95,100,100,100,100,100,106,106,116,116],"gold":1073,"neow_bonus":"THREE_CARDS","is_daily":false,"chose_seed":false,"campfire_upgraded":5,"win_rate":0.0,"timestamp":1608741096,"path_taken":["M","?","$","?","?","E","R","?","T","?","E","M","M","M","R","BOSS","M","$","M","PTL","PTL","?","M","R","?","R","T","$","?","?","E","?","R","BOSS","M","?","$","?","$","E","?","E","T","M","M","?","E","M","R","BOSS","R","$","E","BOSS"],"items_purchased_type":["Relic","Relic","Relic","Relic","Relic","Relic","Relic","Relic","Relic","Card","Relic","Relic","Relic","Relic","Relic","Relic"],"build_version":"2020-12-22","purchased_purges":6,"victory":true,"max_hp_per_floor":[71,71,71,71,71,71,71,71,71,71,71,71,71,71,71,71,71,71,71,71,71,71,71,71,71,71,71,71,71,71,85,85,85,85,86,86,86,86,86,86,86,88,88,91,91,91,91,95,100,100,100,100,100,106,106,116,116],"relic_stats":{"OrangePellets":[2],"counters":[26,70],"Ornamental Fan":[152],"Orichalcum":[0],"War Paint":["Defend_B","Zap"],"obtain_stats":[{"Solar Panel":55,"AT_ATBox":0,"DaveBox":0,"Spirit Poop":26,"Mango":31,"AT_ArcaneBoots":32,"HornCleat":40,"Chameleon Ring":54,"Toolbox":55,"testmod-DeterminationOfClimber":0,"Ring of Panic":8,"Cracked Core":0,"DianDianMeat":32,"AT_ChloranthyRing":49,"testmod-TestBox":0,"SynthV:MejaisSoulstealer":36,"Pear":56,"ReplayTheSpireMod:CursedCoin":19,"AT_BladeRuinedKing":44,"Replay:WaspNest":54,"Orichalcum":6,"AT_SilvercatRing":19,"War Paint":55,"TimeFreeze":55,"OrangePellets":54,"AT_SpeedBoots":11,"Anchor":55,"SynthV:TestCard":1,"ReplayTheSpireMod:Shallot":54,"Ornamental Fan":9,"FeatherPendant":17,"BionicSphere":0,"Orrery":3,"Membership Card":54,"Mirror":45,"ReplayTheSpireMod:Lightbulb":54,"Toy Ornithopter":55},{"Solar Panel":24,"AT_ATBox":0,"DaveBox":0,"Spirit Poop":12,"Mango":13,"AT_ArcaneBoots":14,"HornCleat":16,"Chameleon Ring":24,"Toolbox":24,"testmod-DeterminationOfClimber":0,"Ring of Panic":3,"Cracked Core":0,"DianDianMeat":14,"AT_ChloranthyRing":22,"testmod-TestBox":0,"SynthV:MejaisSoulstealer":15,"Pear":25,"ReplayTheSpireMod:CursedCoin":9,"AT_BladeRuinedKing":18,"Replay:WaspNest":24,"Orichalcum":3,"AT_SilvercatRing":9,"War Paint":24,"TimeFreeze":24,"OrangePellets":24,"AT_SpeedBoots":4,"Anchor":24,"SynthV:TestCard":1,"ReplayTheSpireMod:Shallot":24,"Ornamental Fan":3,"FeatherPendant":8,"BionicSphere":0,"Orrery":1,"Membership Card":24,"Mirror":18,"ReplayTheSpireMod:Lightbulb":24,"Toy Ornithopter":24},{"Solar Panel":65,"AT_ATBox":0,"DaveBox":0,"Spirit Poop":36,"Mango":38,"AT_ArcaneBoots":39,"HornCleat":49,"Chameleon Ring":65,"Toolbox":65,"testmod-DeterminationOfClimber":0,"Ring of Panic":9,"Cracked Core":0,"DianDianMeat":41,"AT_ChloranthyRing":60,"testmod-TestBox":0,"SynthV:MejaisSoulstealer":46,"Pear":67,"ReplayTheSpireMod:CursedCoin":29,"AT_BladeRuinedKing":53,"Replay:WaspNest":65,"Orichalcum":9,"AT_SilvercatRing":29,"War Paint":65,"TimeFreeze":65,"OrangePellets":65,"AT_SpeedBoots":12,"Anchor":65,"SynthV:TestCard":4,"ReplayTheSpireMod:Shallot":65,"Ornamental Fan":9,"FeatherPendant":26,"BionicSphere":0,"Orrery":4,"Membership Card":65,"Mirror":53,"ReplayTheSpireMod:Lightbulb":65,"Toy Ornithopter":65}],"Toy Ornithopter":0},"card_choices":[{"not_picked":["Chill","Sweeping Beam"],"picked":"Coolheaded","floor":0},{"not_picked":["Consume","Panic Button"],"picked":"Conserve Battery","floor":1},{"not_picked":["Stack","Steam Power","Ball Lightning","Turbo"],"picked":"Loop","floor":3},{"not_picked":["Self Repair","Buffer","Lockon","Beam Cell"],"picked":"MostiFishMod:GatherIntelligence","floor":3},{"not_picked":["MostiFishMod:ReprogramOld","MostiFishMod:FluxCapactior","Blizzard","Conserve Battery"],"picked":"White Noise","floor":3},{"not_picked":["Doom and Gloom","Beam Cell","Steam Power","Cold Snap"],"picked":"Coolheaded","floor":3},{"not_picked":["Rebound","conspire:SharedLibrary","Barrage","MostiFishMod:ReprogramOld","Beam Cell"],"picked":"SKIP","floor":5},{"not_picked":["Blizzard","Rebound","Streamline","Mirror Shield"],"picked":"MostiFishMod:Impulse","floor":6},{"not_picked":["Aggregate","Doom and Gloom","Compile Driver","Ball Lightning"],"picked":"AT_RightCognition","floor":11},{"not_picked":["Ball Lightning","Steam","Hologram","Double Energy"],"picked":"Defragment","floor":12},{"not_picked":["Redo","Beam Cell","Auto Shields","Go for the Eyes","Stack"],"picked":"SKIP","floor":13},{"not_picked":["ReplayGash","Hologram","Sweeping Beam","Double Energy"],"picked":"MostiFishMod:IntelligentEquipment","floor":14},{"not_picked":["MostiFishMod:Nova","Buffer","MostiFishMod:Distribution","MostiFishMod:Tomorrow"],"picked":"MostiFishMod:IceShield","floor":16},{"not_picked":["Sweeping Beam","Gash","Rip and Tear+1","Panic Button","Hologram"],"picked":"SKIP","floor":18},{"not_picked":["ReplayGash","ReplayTheSpireMod:System Scan","ReplaySolidLightProjector","Lockon","MostiFishMod:PushDownKick"],"picked":"SKIP","floor":20},{"not_picked":["Leap","Beam Cell","Redo","Go for the Eyes"],"picked":"AT_HeatAcrobatics","floor":23},{"not_picked":["MostiFishMod:FluxCapactior","Self Repair+1","Storm","Heatsinks"],"picked":"MostiFishMod:TalkingToTheRain","floor":24},{"not_picked":["ReplayTheSpireMod:GoodbyeWorld","Hologram","Coolheaded","Rebound"],"picked":"Turbo","floor":30},{"not_picked":["MostiFishMod:StarOceanB","Hologram","ReplayTheSpireMod:Reroute Power","AT_HeatAcrobatics","Ball Lightning"],"picked":"SKIP","floor":32},{"not_picked":["Biased Cognition","MostiFishMod:Nova","MostiFishMod:DawningShadow","MostiFishMod:Culaccino"],"picked":"Machine Learning","floor":35},{"not_picked":["Gash+1","Sweeping Beam","Redo","Barrage","ReplayTheSpireMod:Reroute Power"],"picked":"SKIP","floor":37},{"not_picked":["Conserve Battery","Turbo+1","Redo","Glacier"],"picked":"MostiFishMod:DeathFromBelow","floor":42},{"not_picked":["Chill","Steam","Fusion","Blizzard"],"picked":"MostiFishMod:InterfaceCompatibility","floor":44},{"not_picked":["Compile Driver","Blizzard","Melter","Conserve Battery","Cold Snap"],"picked":"SKIP","floor":46},{"not_picked":["Conserve Battery","MostiFishMod:PushDownKick","MostiFishMod:Impulse","Scrape+1","BasicCrystalCard"],"picked":"SKIP","floor":47},{"not_picked":["Gash","Go for the Eyes","Rebound","Conserve Battery+1"],"picked":"Consume+1","floor":48},{"not_picked":["Darkness","Aggregate","Barrage+1","BasicCrystalCard+1"],"picked":"AT_ThreeBodyProblem+1","floor":49},{"not_picked":["AT_WarpDrive","Coolheaded","Loop","conspire:SharedLibrary","ReplayTheSpireMod:GoodbyeWorld"],"picked":"SKIP","floor":50},{"not_picked":["Conserve Battery","BasicCrystalCard","Beam Cell+1","Genetic Algorithm","Sweeping Beam"],"picked":"SKIP","floor":56}],"player_experience":314880,"relics_obtained":[{"floor":1,"key":"SynthV:TestCard"},{"floor":6,"key":"Orichalcum"},{"floor":8,"key":"Ring of Panic"},{"floor":9,"key":"Ornamental Fan"},{"floor":11,"key":"AT_SpeedBoots"},{"floor":31,"key":"Mango"},{"floor":32,"key":"DianDianMeat"},{"floor":40,"key":"HornCleat"},{"floor":44,"key":"AT_BladeRuinedKing"},{"floor":45,"key":"Mirror"},{"floor":49,"key":"AT_ChloranthyRing"},{"floor":56,"key":"Pear"}],"event_choices":[{"damage_healed":0,"gold_gain":150,"player_choice":"AGREE","damage_taken":0,"max_hp_gain":0,"max_hp_loss":0,"event_name":"Liars Game","floor":2,"gold_loss":0,"cards_obtained":["Doubt"]},{"damage_healed":0,"gold_gain":0,"player_choice":"Upgraded","damage_taken":0,"max_hp_gain":0,"max_hp_loss":0,"event_name":"Upgrade Shrine","floor":4,"gold_loss":0,"cards_upgraded":["MostiFishMod:GatherIntelligence"]},{"cards_removed":["Injury"],"damage_healed":0,"gold_gain":0,"player_choice":"Offered Curse","damage_taken":0,"relics_obtained":["Spirit Poop"],"max_hp_gain":0,"max_hp_loss":0,"event_name":"Bonfire Elementals","floor":26,"gold_loss":0},{"damage_healed":0,"gold_gain":0,"player_choice":"Got Potions","damage_taken":0,"max_hp_gain":0,"max_hp_loss":0,"event_name":"Lab","floor":33,"gold_loss":0},{"damage_healed":0,"gold_gain":0,"player_choice":"Forge","damage_taken":0,"max_hp_gain":0,"max_hp_loss":0,"event_name":"Accursed Blacksmith","floor":43,"gold_loss":0,"cards_upgraded":["Turbo"]}],"is_beta":false,"boss_relics":[{"not_picked":["HereWithMe","testmod-Prudence"],"picked":"FeatherPendant"},{"not_picked":["ChiXiaoBlade","Busted Crown"],"picked":"SynthV:MejaisSoulstealer"}],"items_purged_floors":[3,19,29,54,54,55],"is_endless":false,"potions_floor_spawned":[1,11,12,16,32,37,42,48,49,56],"ascension_level":16}}