{"host":"uoq8e77duj6rs50g","time":1608766733,"event":{"mods":["BaseMod","Better Match","Better Note","Better Third Choice","BetterRewards","Block Reminder","ChefMod","Curses Come First","Hermit","Hubris","Ironclad Rager","Minty Spire (QoL Compilation)","Relic Stats","Replay The Spire","Shade Mod","StSLib","The Blue Laboratory","The Cursed","The Dragon Tamer","The Exalted","The Judge","The Runesmith","The Servant 0.9.4"],"gold_per_floor":[110,56,73,3,16,16,42,42,67,67,20,20,20,47,47,143,143,154,79,169,189,189,189,114,141,141,141,159,159,171,186,186,284,284,300,38,38,58,75,100,100,100,100,119,0,0,11,30,30,30],"floor_reached":51,"playtime":4222,"items_purged":[],"score":728,"play_id":"757bf9f0-348c-4c57-bc1c-fdbbdab920c9","local_time":"20201223183853","is_ascension_mode":false,"metric_token":1491,"campfire_choices":[{"floor":10,"key":"REST"},{"data":"DTMod:SwitchingTactic","floor":12,"key":"SMITH"},{"floor":15,"key":"REST"},{"floor":23,"key":"REST"},{"floor":27,"key":"REST"},{"data":"DTMod:SealedStrike+1","floor":32,"key":"SMITH"},{"floor":46,"key":"REST"},{"floor":49,"key":"REST"}],"dtmod_dragon_data":[30,58,3,0,6,0],"circlet_count":0,"master_deck":["DTMod:Strike","DTMod:Strike","DTMod:Strike","DTMod:DoubleHit","DTMod:TargetDefense","DTMod:TargetDefense","DTMod:TargetDefense","DTMod:SwitchingTactic+1","DTMod:ComboAttack","DTMod:MagicField","DTMod:TagTeam","DTMod:Training+1","DTMod:MasterPlan","DTMod:Threaten","DTMod:SealedStrike+2","DTMod:TauntingStrike","DTMod:ShieldDrain+1","DTMod:Adaptation","DTMod:PurifyingFlame","DTMod:ShadowImage","DTMod:TagTeam","DTMod:InvisibleFlame","DTMod:FierySynthesis","DTMod:GhostSkin","DTMod:ComboAttack+1","DTMod:CalculatedDefense","DTMod:Training+1","DTMod:ForkedFire+1","DTMod:Astonish+1","DTMod:LightShield","DTMod:FlameSlash+1","DTMod:Hide+1","DTMod:CrossStep+1","DTMod:SneakAttack","DTMod:Harmonize"],"relics":["DTMod:PactStone","NeowsBlessing","Garlic","ReplayTheSpireMod:Lightbulb","Kunai","ReplayFunnel","betterThird:SlimedRelic","White Beast Statue","hubris:VirtuousBlindfold","Ornamental Fan","Darkstone Periapt","Fusion Hammer","Toy Ornithopter","Bronze Scales","Question Card","hubris:Towel","Dream Catcher","Red Mask"],"acts_visited":["Exordium","TheCity","TheBeyond"],"potions_floor_usage":[25,25,25,33,33,33,38,39,44,44,50],"damage_taken":[{"damage":0,"enemies":"Jaw Worm","floor":1,"turns":1},{"damage":0,"enemies":"Cultist","floor":3,"turns":1},{"damage":0,"enemies":"2 Louse","floor":5,"turns":2},{"damage":0,"enemies":"Lagavulin","floor":7,"turns":7},{"damage":9,"enemies":"3 Sentries","floor":14,"turns":7},{"damage":14,"enemies":"Fading Forest","floor":16,"turns":11},{"damage":0,"enemies":"Spheric Guardian","floor":18,"turns":6},{"damage":0,"enemies":"3 Byrds","floor":21,"turns":7},{"damage":6,"enemies":"Slavers","floor":25,"turns":11},{"damage":2,"enemies":"Cultist and Chosen","floor":28,"turns":7},{"damage":0,"enemies":"Shelled Parasite and Fungi","floor":30,"turns":6},{"damage":0,"enemies":"Snake Plant","floor":31,"turns":5},{"damage":27,"enemies":"Automaton","floor":33,"turns":11},{"damage":0,"enemies":"3 Darklings","floor":35,"turns":5},{"damage":0,"enemies":"3 Shapes","floor":38,"turns":3},{"damage":0,"enemies":"Spire Growth","floor":39,"turns":4},{"damage":20,"enemies":"Giant Head","floor":40,"turns":8},{"damage":0,"enemies":"Transient","floor":44,"turns":5},{"damage":0,"enemies":"Sphere and 2 Shapes","floor":47,"turns":4},{"damage":0,"enemies":"3 Darklings","floor":48,"turns":3},{"damage":5,"enemies":"Time Eater","floor":50,"turns":11}],"seed_played":"-2450011035663839920","potions_obtained":[{"floor":5,"key":"Energy Potion"},{"floor":14,"key":"blueLaboratory:BottledHope"},{"floor":16,"key":"blueLaboratory:RememoryPotion"},{"floor":18,"key":"ColorlessPotion"},{"floor":25,"key":"Adrenaline Potion"},{"floor":28,"key":"Strength Potion"},{"floor":30,"key":"LiquidBronze"},{"floor":33,"key":"blueLaboratory:StoneskinPotion"},{"floor":35,"key":"blueLaboratory:TrueEctoplasm"},{"floor":38,"key":"SpeedPotion"},{"floor":39,"key":"blueLaboratory:BottleOfVodka"},{"floor":40,"key":"blueLaboratory:HorrorPotion"},{"floor":44,"key":"AttackPotion"},{"floor":47,"key":"blueLaboratory:StoneskinPotion"},{"floor":48,"key":"EssenceOfSteel"}],"is_trial":false,"path_per_floor":["M","?","M","$","M","?","E","T","T","R","?","R","$","E","R","B",null,"M","?","?","M","?","R","?","E","T","R","M","?","M","M","R","B",null,"M","$","?","M","M","E","T","?","T","M","?","R","M","M","R","B",null],"character_chosen":"THE_DT","items_purchased":["DTMod:TagTeam","DTMod:ComboAttack+1","DTMod:CalculatedDefense","Toy Ornithopter"],"campfire_rested":6,"item_purchase_floors":[4,36,36,36],"current_hp_per_floor":[45,45,45,45,45,45,45,45,45,45,34,34,34,25,38,24,45,45,45,33,33,33,45,45,39,39,45,43,43,43,43,43,16,45,45,45,45,45,45,25,25,25,25,35,35,45,45,45,45,45],"gold":30,"neow_bonus":"THREE_ENEMY_KILL","is_daily":false,"chose_seed":false,"campfire_upgraded":2,"win_rate":0.0,"timestamp":1608766733,"path_taken":["M","?","M","?","?","?","E","?","T","R","?","R","$","E","R","BOSS","M","?","?","M","?","R","?","E","T","R","?","?","M","M","R","BOSS","M","$","?","M","?","E","?","?","T","M","?","R","?","M","R","BOSS"],"items_purchased_type":["Card","Card","Card","Relic"],"build_version":"2020-12-22","purchased_purges":0,"victory":true,"max_hp_per_floor":[45,45,45,45,45,45,45,45,45,45,45,45,45,45,45,45,45,45,45,45,45,45,45,45,45,45,45,45,45,45,45,45,45,45,45,45,45,45,45,45,45,45,45,45,45,45,45,45,45,45],"relic_stats":{"Darkstone Periapt":0,"Dream Catcher":2,"counters":[21,125],"Ornamental Fan":[68],"Bronze Scales":[12],"Kunai":[21],"Question Card":10,"obtain_stats":[{"ReplayFunnel":9,"Darkstone Periapt":26,"NeowsBlessing":0,"hubris:VirtuousBlindfold":17,"hubris:Towel":42,"Question Card":41,"White Beast Statue":14,"Dream Catcher":43,"DTMod:PactStone":0,"Ornamental Fan":25,"betterThird:SlimedRelic":11,"Bronze Scales":40,"Fusion Hammer":34,"Garlic":2,"Red Mask":45,"Kunai":8,"ReplayTheSpireMod:Lightbulb":7,"Toy Ornithopter":36},{"ReplayFunnel":4,"Darkstone Periapt":9,"NeowsBlessing":0,"hubris:VirtuousBlindfold":6,"hubris:Towel":17,"Question Card":17,"White Beast Statue":5,"Dream Catcher":17,"DTMod:PactStone":0,"Ornamental Fan":9,"betterThird:SlimedRelic":4,"Bronze Scales":17,"Fusion Hammer":13,"Garlic":1,"Red Mask":18,"Kunai":4,"ReplayTheSpireMod:Lightbulb":4,"Toy Ornithopter":14},{"ReplayFunnel":11,"Darkstone Periapt":53,"NeowsBlessing":0,"hubris:VirtuousBlindfold":29,"hubris:Towel":102,"Question Card":102,"White Beast Statue":18,"Dream Catcher":102,"DTMod:PactStone":0,"Ornamental Fan":53,"betterThird:SlimedRelic":11,"Bronze Scales":102,"Fusion Hammer":82,"Garlic":1,"Red Mask":107,"Kunai":11,"ReplayTheSpireMod:Lightbulb":11,"Toy Ornithopter":87}],"Toy Ornithopter":15},"card_choices":[{"not_picked":["DTMod:Feint","DTMod:Hide"],"picked":"DTMod:ComboAttack","floor":1},{"not_picked":["DTMod:BizarreTactic","DTMod:Punisher"],"picked":"DTMod:MagicField","floor":3},{"not_picked":["DTMod:Punisher","DTMod:ForkedFire"],"picked":"DTMod:Training","floor":5},{"not_picked":["DTMod:Punisher","DTMod:Astonish"],"picked":"DTMod:MasterPlan","floor":7},{"not_picked":["DTMod:CleansingStrike","DTMod:ShadowImage"],"picked":"DTMod:Threaten","floor":14},{"not_picked":["DTMod:OpeningTactic","DTMod:GearUp"],"picked":"DTMod:SealedStrike","floor":16},{"not_picked":["DTMod:Conduct+1","DTMod:Dissolve"],"picked":"DTMod:TauntingStrike","floor":18},{"not_picked":["DTMod:DeepFocus+1","DTMod:TauntingStrike+1"],"picked":"DTMod:ShieldDrain+1","floor":19},{"not_picked":["DTMod:TauntingStrike+1","DTMod:MagicField"],"picked":"DTMod:Adaptation","floor":21},{"not_picked":["DTMod:MasterPlan","DTMod:LastStand"],"picked":"DTMod:PurifyingFlame","floor":25},{"not_picked":["DTMod:MasterPlan","DTMod:BreakAttack"],"picked":"DTMod:ShadowImage","floor":28},{"not_picked":["DTMod:BreakAttack","DTMod:QuickFly"],"picked":"DTMod:TagTeam","floor":30},{"not_picked":["DTMod:BalancedStrike","DTMod:BlueScale"],"picked":"DTMod:InvisibleFlame","floor":31},{"not_picked":["DTMod:Inferno","DTMod:RepeatStrike"],"picked":"DTMod:FierySynthesis","floor":33},{"not_picked":["DTMod:BurningEnergy","DTMod:Threaten"],"picked":"DTMod:GhostSkin","floor":35},{"not_picked":["DTMod:RunningTactic+1","DTMod:Feint"],"picked":"DTMod:ForkedFire+1","floor":38},{"not_picked":["DTMod:BizarreTactic+1","DTMod:QuickFly"],"picked":"DTMod:Astonish+1","floor":39},{"not_picked":["DTMod:Threaten","DTMod:TauntingStrike"],"picked":"DTMod:LightShield","floor":40},{"not_picked":["DTMod:MagicField+1","DTMod:Cover+1","DTMod:BreakAttack"],"picked":"DTMod:FlameSlash+1","floor":44},{"not_picked":["DTMod:Astonish+1","DTMod:MasterPlan+1","DTMod:QuickFly+1"],"picked":"DTMod:Hide+1","floor":46},{"not_picked":["DTMod:Threaten+1","DTMod:Hide+1","DTMod:RunningTactic"],"picked":"DTMod:CrossStep+1","floor":47},{"not_picked":["DTMod:DarkBreath+1","DTMod:MaximumCharge","DTMod:CleansingStrike"],"picked":"DTMod:SneakAttack","floor":48},{"not_picked":["DTMod:BalancedStrike+1","DTMod:Threaten+1","DTMod:Training"],"picked":"DTMod:Harmonize","floor":49}],"player_experience":340627,"relics_obtained":[{"floor":7,"key":"ReplayTheSpireMod:Lightbulb"},{"floor":8,"key":"Kunai"},{"floor":9,"key":"ReplayFunnel"},{"floor":14,"key":"White Beast Statue"},{"floor":25,"key":"Ornamental Fan"},{"floor":26,"key":"Darkstone Periapt"},{"floor":40,"key":"Bronze Scales"},{"floor":41,"key":"Question Card"},{"floor":43,"key":"Dream Catcher"}],"event_choices":[{"damage_healed":0,"gold_gain":0,"player_choice":"Paid Gold","damage_taken":0,"relics_obtained":["Garlic"],"max_hp_gain":0,"max_hp_loss":0,"event_name":"WeMeetAgain","floor":2,"gold_loss":54},{"damage_healed":0,"gold_gain":0,"player_choice":"Grow","damage_taken":0,"max_hp_gain":0,"max_hp_loss":0,"event_name":"Living Wall","floor":6,"gold_loss":0,"cards_upgraded":["DTMod:Training"]},{"damage_healed":0,"gold_gain":0,"player_choice":"Slimed","damage_taken":11,"max_hp_gain":0,"max_hp_loss":0,"event_name":"betterThird:BetterGoop","floor":11,"gold_loss":47},{"damage_healed":0,"gold_gain":0,"player_choice":"2","damage_taken":0,"max_hp_gain":0,"max_hp_loss":0,"event_name":"betterMatch:BetterMatch","floor":19,"gold_loss":0,"cards_obtained":["betterMatch:UncommonCard"]},{"damage_healed":0,"gold_gain":90,"player_choice":"GOLD ","damage_taken":12,"max_hp_gain":0,"max_hp_loss":0,"event_name":"Knowing Skull","floor":20,"potions_obtained":[],"gold_loss":0,"cards_obtained":[]},{"cards_removed":["DTMod:Strike"],"damage_healed":0,"gold_gain":0,"player_choice":"Purged","damage_taken":0,"max_hp_gain":0,"max_hp_loss":0,"event_name":"Purifier","floor":22,"gold_loss":0},{"cards_removed":["DTMod:TargetDefense"],"damage_healed":0,"gold_gain":0,"player_choice":"Gave Gold","damage_taken":0,"max_hp_gain":0,"max_hp_loss":0,"event_name":"Beggar","floor":24,"gold_loss":75},{"damage_healed":0,"gold_gain":0,"player_choice":"Upgraded","damage_taken":0,"max_hp_gain":0,"max_hp_loss":0,"event_name":"Upgrade Shrine","floor":29,"gold_loss":0,"cards_upgraded":["DTMod:SealedStrike"]},{"damage_healed":0,"gold_gain":0,"player_choice":"Copied","damage_taken":0,"max_hp_gain":0,"max_hp_loss":0,"event_name":"Duplicator","floor":37,"gold_loss":0,"cards_obtained":["DTMod:Training"]},{"damage_healed":0,"gold_gain":0,"player_choice":"Paid","damage_taken":0,"relics_obtained":["Red Mask"],"max_hp_gain":0,"max_hp_loss":0,"event_name":"Tomb of Lord Red Mask","floor":45,"gold_loss":119}],"is_beta":false,"boss_relics":[{"not_picked":["hubris:TerracottaHorce","Bromod:ArcaneBarrier"],"picked":"hubris:VirtuousBlindfold"},{"not_picked":["ReplayTheSpireMod:DimensionalGlitch","ChewingGum"],"picked":"Fusion Hammer"}],"items_purged_floors":[],"is_endless":false,"potions_floor_spawned":[5,14,16,18,21,25,28,30,31,33,35,38,39,40,44,47,48],"ascension_level":0}}