{"host":"jgyoyy5iuhtvyvtg","time":1608713052,"event":{"mods":["2.2 Compatiblity","BaseMod","Challenge The Spire","Colored Map","Conspire","Downfall","Hermit","Highlight Path","Infinite Spire","Lobotomy","LobotomyExtend","Minty Spire (QoL Compilation)","Quick Restart","Replay The Spire","Spikes Relics","StSLib","The Construct","The Disciple","The Jungle","Yuri Mod"],"gold_per_floor":[110,126,126,46,46,46,63,95,118,177,177,177,352,372,372,372,372],"floor_reached":16,"playtime":312,"items_purged":[],"score":135,"play_id":"3fa19e59-c946-4ca1-b6d2-7db351a7c039","local_time":"20201223004412","is_ascension_mode":true,"campfire_choices":[{"data":"hermit:BigShot","floor":6,"key":"SMITH"},{"floor":11,"key":"REST"},{"data":"hermit:TakeAim","floor":15,"key":"SMITH"}],"circlet_count":0,"master_deck":["hermit:Strike_Hermit","hermit:Strike_Hermit","hermit:Strike_Hermit","hermit:Strike_Hermit","hermit:Defend_Hermit","hermit:Defend_Hermit","hermit:Defend_Hermit","hermit:Defend_Hermit","hermit:Snapshot","hermit:Covet","hermit:Roughhouse+1","hermit:ItchyTrigger","hermit:BigShot+1","Doubt","hermit:TakeAim+1","Doubt"],"relics":["hermit:Momento","LetterFromLob","ReplayTheSpireMod:Ring of Collecting","Ancient Tea Set","ReplayTheSpireMod:Ring of Challenge","RollingBoulder"],"acts_visited":["Exordium"],"potions_floor_usage":[10],"damage_taken":[{"damage":0,"enemies":"2 Louse","floor":1,"turns":2},{"damage":0,"enemies":"Small Slimes","floor":2,"turns":3},{"damage":9,"enemies":"Jaw Worm","floor":7,"turns":3},{"damage":25,"enemies":"3 Sentries","floor":8,"turns":9},{"damage":16,"enemies":"3 Louse","floor":10,"turns":3},{"damage":13,"enemies":"Blue Slaver","floor":14,"turns":3},{"damage":33,"enemies":"Slime Boss","floor":16,"turns":3}],"seed_played":"-4676487905538074513","potions_obtained":[{"floor":8,"key":"Slimebound:ThreeZeroPotion"}],"is_trial":false,"path_per_floor":["M","M","?","$","?","R","M","E","T","M","R","?","?","M","R","B"],"character_chosen":"HERMIT","items_purchased":["hermit:BigShot"],"campfire_rested":1,"item_purchase_floors":[4],"current_hp_per_floor":[68,68,68,68,68,68,59,34,34,18,40,40,40,27,27,0,0],"gold":372,"neow_bonus":"ONE_RANDOM_RARE_CARD","is_daily":false,"chose_seed":false,"campfire_upgraded":2,"win_rate":0.0,"timestamp":1608713052,"path_taken":["M","M","?","$","?","R","M","E","T","M","R","?","?","M","R","BOSS"],"items_purchased_type":["Card"],"build_version":"2020-12-22","purchased_purges":0,"victory":false,"max_hp_per_floor":[75,75,75,75,75,75,75,75,75,75,75,75,75,75,75,75,75],"card_choices":[{"not_picked":["hermit:Feint","hermit:HighCaliber"],"picked":"hermit:ItchyTrigger","floor":1},{"not_picked":["hermit:LowProfile","hermit:NoHoldsBarred","hermit:SprayPray"],"picked":"SKIP","floor":2},{"not_picked":["hermit:HoleUp","hermit:Ricochet"],"picked":"hermit:TakeAim","floor":7},{"not_picked":["hermit:Manifest","hermit:FullyLoaded","hermit:Coalescence"],"picked":"SKIP","floor":8},{"not_picked":["hermit:Cheat","hermit:ItchyTrigger","hermit:HighCaliber"],"picked":"SKIP","floor":10},{"not_picked":["hermit:LowProfile","hermit:Misfire","hermit:PistolWhip"],"picked":"SKIP","floor":14}],"player_experience":3179605,"relics_obtained":[{"floor":1,"key":"LetterFromLob"},{"floor":5,"key":"ReplayTheSpireMod:Ring of Collecting"},{"floor":8,"key":"Ancient Tea Set"},{"floor":9,"key":"ReplayTheSpireMod:Ring of Challenge"},{"floor":9,"key":"RollingBoulder"}],"event_choices":[{"damage_healed":0,"gold_gain":0,"player_choice":"Grow","damage_taken":0,"max_hp_gain":0,"max_hp_loss":0,"event_name":"Living Wall","floor":3,"gold_loss":0,"cards_upgraded":["hermit:Roughhouse"]},{"damage_healed":0,"gold_gain":0,"player_choice":"Ignored","damage_taken":0,"max_hp_gain":0,"max_hp_loss":0,"event_name":"Shining Light","floor":12,"gold_loss":0},{"damage_healed":0,"gold_gain":175,"player_choice":"AGREE","damage_taken":0,"max_hp_gain":0,"max_hp_loss":0,"event_name":"Liars Game","floor":13,"gold_loss":0,"cards_obtained":["Doubt"]}],"is_beta":false,"boss_relics":[],"items_purged_floors":[],"is_endless":false,"potions_floor_spawned":[8],"killed_by":"Slime Boss","ascension_level":7}}