{"host":"ou23awlgcm0pi7o1","time":1608727351,"event":{"mods":["BaseMod","Colored Map","Downfall","Minty Spire (QoL Compilation)","StSLib","Unceasing Turn Reminder"],"gold_per_floor":[99,115,130,230,63,98,98,98,98,98,98],"floor_reached":9,"playtime":444,"items_purged":["champ:Strike"],"score":71,"play_id":"9f3e714b-178a-40a5-a7b7-0ea6207057bb","local_time":"20201223124231","is_ascension_mode":true,"campfire_choices":[{"data":"champ:Taunt","floor":1,"key":"SMITH"},{"data":"champ:ShieldSigil","floor":8,"key":"SMITH"}],"circlet_count":0,"master_deck":["champ:Strike","champ:Strike","champ:Strike","champ:Defend","champ:Defend","champ:Defend","champ:Defend","champ:Execute","champ:Taunt+1","champ:Encircle","champ:ShieldSigil+1","champ:EnragedBash","champ:Backstep","champ:EnragedBash","champ:ShieldSigil"],"relics":["champ:ChampionCrown","Art of War","Eternal Feather"],"acts_visited":["Exordium"],"potions_floor_usage":[9],"damage_taken":[{"damage":9,"enemies":"Cultist","floor":2,"turns":3},{"damage":25,"enemies":"Small Slimes","floor":3,"turns":4},{"damage":16,"enemies":"downfall:FleeingMerchant","floor":5,"turns":4},{"damage":47,"enemies":"Gremlin Nob","floor":6,"turns":5},{"damage":60,"enemies":"3 Sentries","floor":9,"turns":6}],"seed_played":"3707238062253142198","potions_obtained":[{"floor":6,"key":"champ:CounterPotion"}],"is_trial":false,"path_per_floor":["R","M","M","?","$","E","T","R","E"],"character_chosen":"THE_CHAMP","items_purchased":["champ:EnragedBash"],"campfire_rested":0,"item_purchase_floors":[5],"current_hp_per_floor":[90,90,81,81,81,47,47,56,0,0,0],"gold":98,"neow_bonus":"THREE_CARDS","is_daily":false,"chose_seed":false,"campfire_upgraded":2,"win_rate":0.0,"timestamp":1608727351,"path_taken":["R","M","M","?","$","E","T","R","E"],"items_purchased_type":["Card"],"build_version":"2020-12-22","purchased_purges":1,"victory":false,"max_hp_per_floor":[90,90,90,90,90,90,90,90,90,90,90],"card_choices":[{"not_picked":["champ:AdrenalArmor","champ:CalledShot"],"picked":"champ:Encircle","floor":0},{"not_picked":["champ:Circumvent","champ:AdrenalArmor"],"picked":"champ:ShieldSigil","floor":2},{"not_picked":["champ:RisingSlash","champ:Aggression"],"picked":"champ:EnragedBash","floor":3},{"not_picked":["champ:FanOfKnives","champ:BringItOn"],"picked":"champ:Backstep","floor":5},{"not_picked":["champ:SkillfulDodge","champ:FaceSlap"],"picked":"champ:ShieldSigil","floor":6}],"player_experience":333363,"relics_obtained":[{"floor":6,"key":"Art of War"},{"floor":7,"key":"Eternal Feather"}],"event_choices":[],"is_beta":false,"boss_relics":[],"items_purged_floors":[5],"is_endless":false,"potions_floor_spawned":[6],"killed_by":"3 Sentries","ascension_level":4}}