{"host":"sum4dy402bbv9y4o","time":1608745481,"event":{"mods":["Aspiration","BaseMod","Conspire","Highlight Path","Minty Spire (QoL Compilation)","StSLib"],"gold_per_floor":[119,31,49,59,209,209,19,19,19,19,19,19,50,63,63,63,63],"floor_reached":16,"playtime":371,"items_purged":["Doubt"],"score":196,"play_id":"83be33f6-bbef-4620-b2f7-77d3f4ad6ba8","local_time":"20201223204441","is_ascension_mode":true,"campfire_choices":[{"data":"Conclude","floor":6,"key":"SMITH"},{"data":"FlyingSleeves","floor":8,"key":"SMITH"},{"floor":15,"key":"REST"}],"circlet_count":0,"master_deck":["AscendersBane","Strike_P","Strike_P","Strike_P","Strike_P","Defend_P","Defend_P","Defend_P","Defend_P","Eruption+1","Vigilance","Tantrum","Conclude+1","FlyingSleeves+1","FearNoEvil","Consecrate","Regret","LikeWater","Protect"],"relics":["PureWater","HornCleat","Ancient Tea Set","The Courier"],"acts_visited":["Exordium"],"potions_floor_usage":[13],"damage_taken":[{"damage":0,"enemies":"Cultist","floor":1,"turns":3},{"damage":0,"enemies":"conspire:RoseBush","floor":3,"turns":3},{"damage":0,"enemies":"Jaw Worm","floor":4,"turns":2},{"damage":13,"enemies":"3 Sentries","floor":13,"turns":3},{"damage":35,"enemies":"conspire:2 RoseBushes","floor":14,"turns":4},{"damage":33,"enemies":"The Guardian","floor":16,"turns":10}],"seed_played":"-2710546472701819460","potions_obtained":[{"floor":3,"key":"SteroidPotion"}],"is_trial":false,"path_per_floor":["M","$","M","M","?","R","$","R","T","$","?","?","E","M","R","B"],"character_chosen":"WATCHER","items_purchased":["Conclude","FearNoEvil","Consecrate"],"campfire_rested":1,"item_purchase_floors":[2,7,7],"current_hp_per_floor":[61,61,61,61,61,61,61,61,61,61,61,61,48,13,33,0,0],"gold":63,"neow_bonus":"UPGRADE_CARD","is_daily":false,"chose_seed":false,"campfire_upgraded":2,"win_rate":0.0,"timestamp":1608745481,"path_taken":["M","$","?","M","?","R","?","R","T","$","?","?","E","M","R","BOSS"],"items_purchased_type":["Card","Card","Card"],"build_version":"2020-12-22","purchased_purges":1,"victory":false,"max_hp_per_floor":[68,68,68,68,68,68,68,68,68,68,68,68,68,68,68,68,68],"card_choices":[{"not_picked":["Halt","CutThroughFate"],"picked":"Tantrum","floor":1},{"not_picked":["ForeignInfluence","PathToVictory","WreathOfFlame"],"picked":"SKIP","floor":3},{"not_picked":["DeceiveReality","BattleHymn"],"picked":"FlyingSleeves","floor":4},{"not_picked":["CarveReality","JustLucky"],"picked":"LikeWater","floor":13},{"not_picked":["Fasting2","Prostrate"],"picked":"Protect","floor":14}],"player_experience":2831706,"relics_obtained":[{"floor":9,"key":"HornCleat"},{"floor":13,"key":"The Courier"}],"event_choices":[{"damage_healed":0,"gold_gain":150,"player_choice":"AGREE","damage_taken":0,"max_hp_gain":0,"max_hp_loss":0,"event_name":"Liars Game","floor":5,"gold_loss":0,"cards_obtained":["Doubt"]},{"damage_healed":0,"gold_gain":0,"player_choice":"Box","damage_taken":0,"relics_obtained":["Ancient Tea Set"],"max_hp_gain":0,"max_hp_loss":0,"event_name":"Big Fish","floor":11,"gold_loss":0,"cards_obtained":["Regret"]},{"damage_healed":0,"gold_gain":0,"player_choice":"Ignored","damage_taken":0,"max_hp_gain":0,"max_hp_loss":0,"event_name":"Golden Idol","floor":12,"gold_loss":0}],"is_beta":false,"boss_relics":[],"items_purged_floors":[7],"is_endless":false,"potions_floor_spawned":[3],"killed_by":"The Guardian","ascension_level":20}}