{"host":"Kdaddybrian","time":1608699980,"event":{"mods":["AchievementEnabler","BaseMod","Bestiary","Colored Powertips","Minty Spire (QoL Compilation)","Potion Indicator Mod","Quick Restart","Rare Cards Sparkle","Relic Stats","StSLib","Uncapped"],"gold_per_floor":[117,127,139,190,190,190,221,241,241,259,271,271,297,311,311,408,408,422,441,459,558,136,169,169,180,180,203,231,8,24,50,50,149,149,165,180,180,180,195,220,233,233,286,17,17,51,64,103,103,103,103,103,30,59,59],"floor_reached":56,"playtime":3156,"items_purged":[],"score":2064,"play_id":"4ed35d16-97b4-4400-8b0e-db7e9b52108e","local_time":"20201223000620","is_ascension_mode":true,"campfire_choices":[{"data":"Blade Dance","floor":6,"key":"SMITH"},{"floor":12,"key":"REST"},{"data":"Malaise","floor":15,"key":"SMITH"},{"data":"After Image","floor":24,"key":"SMITH"},{"floor":32,"key":"REST"},{"floor":49,"key":"RECALL"},{"data":"Terror","floor":52,"key":"SMITH"}],"circlet_count":0,"master_deck":["AscendersBane","Survivor+1","Neutralize+1","All Out Attack+1","Blade Dance+1","Cloak And Dagger+1","Wraith Form v2+1","Cloak And Dagger+1","Blade Dance+1","Malaise+1","Escape Plan+1","After Image+1","Acrobatics+1","Poisoned Stab+1","Bane+1","Malaise+1","Backstab+1","After Image+1","Dagger Throw+1","Backflip+1","Flying Knee+1","Dagger Throw+1","Dodge and Roll+1","Escape Plan+1","Footwork+1","Bandage Up+1","After Image+1","Panache+1","Night Terror+1","Dodge and Roll+1","Wraith Form v2+1","Footwork+1","Prepared+1","Dodge and Roll+1","Night Terror+1","Backflip+1","Blade Dance+1","Terror+1","Blade Dance+1","Calculated Gamble"],"relics":["Ring of the Snake","Mercury Hourglass","HornCleat","Nunchaku","Pandora\u0027s Box","Kunai","Anchor","Centennial Puzzle","Bronze Scales","OrangePellets","Oddly Smooth Stone","Busted Crown","CeramicFish","Dream Catcher","Mark of the Bloom","Ancient Tea Set","MealTicket","Pen Nib"],"acts_visited":["Exordium","TheCity","TheBeyond","TheEnding"],"potions_floor_usage":[13,23,33,50,54,55,55,55],"damage_taken":[{"damage":1,"enemies":"Small Slimes","floor":1,"turns":4},{"damage":0,"enemies":"Jaw Worm","floor":2,"turns":5},{"damage":1,"enemies":"Cultist","floor":3,"turns":5},{"damage":60,"enemies":"Lagavulin","floor":7,"turns":7},{"damage":0,"enemies":"2 Fungi Beasts","floor":8,"turns":2},{"damage":0,"enemies":"Exordium Wildlife","floor":10,"turns":3},{"damage":0,"enemies":"Blue Slaver","floor":11,"turns":4},{"damage":0,"enemies":"Gremlin Nob","floor":13,"turns":3},{"damage":0,"enemies":"2 Fungi Beasts","floor":14,"turns":3},{"damage":9,"enemies":"Hexaghost","floor":16,"turns":12},{"damage":0,"enemies":"Spheric Guardian","floor":18,"turns":3},{"damage":0,"enemies":"3 Byrds","floor":19,"turns":4},{"damage":4,"enemies":"Cultist and Chosen","floor":20,"turns":7},{"damage":8,"enemies":"Slavers","floor":23,"turns":6},{"damage":3,"enemies":"Centurion and Healer","floor":25,"turns":5},{"damage":3,"enemies":"Book of Stabbing","floor":28,"turns":7},{"damage":0,"enemies":"Snecko","floor":30,"turns":5},{"damage":7,"enemies":"Gremlin Leader","floor":31,"turns":7},{"damage":0,"enemies":"Automaton","floor":33,"turns":15},{"damage":0,"enemies":"Orb Walker","floor":35,"turns":4},{"damage":0,"enemies":"3 Shapes","floor":36,"turns":6},{"damage":0,"enemies":"Jaw Worm Horde","floor":39,"turns":6},{"damage":3,"enemies":"Reptomancer","floor":40,"turns":7},{"damage":0,"enemies":"Transient","floor":41,"turns":5},{"damage":0,"enemies":"Nemesis","floor":46,"turns":7},{"damage":0,"enemies":"4 Shapes","floor":47,"turns":3},{"damage":0,"enemies":"Reptomancer","floor":48,"turns":7},{"damage":0,"enemies":"Time Eater","floor":50,"turns":16},{"damage":1,"enemies":"Shield and Spear","floor":54,"turns":9},{"damage":6,"enemies":"The Heart","floor":55,"turns":8}],"seed_played":"340273545244425544","potions_obtained":[{"floor":0,"key":"FairyPotion"},{"floor":0,"key":"GamblersBrew"},{"floor":0,"key":"DuplicationPotion"},{"floor":7,"key":"Dexterity Potion"},{"floor":8,"key":"Strength Potion"},{"floor":14,"key":"BlessingOfTheForge"},{"floor":25,"key":"DistilledChaos"},{"floor":33,"key":"Dexterity Potion"},{"floor":39,"key":"SkillPotion"},{"floor":41,"key":"BlessingOfTheForge"},{"floor":54,"key":"Weak Potion"}],"is_trial":false,"path_per_floor":["M","M","M","?","?","R","E","M","T","M","M","R","E","M","R","B",null,"M","M","M","?","$","E","R","M","T","T","E","$","M","E","R","B",null,"M","M","?","?","M","E","M","?","T","$","$","E","M","E","R","B",null,"R","$","E","B",null],"character_chosen":"THE_SILENT","items_purchased":["Bandage Up","After Image","Panache","OrangePellets","Footwork","CultistPotion","Terror","CultistPotion","PowerPotion","Calculated Gamble"],"campfire_rested":2,"item_purchase_floors":[22,22,22,29,29,44,44,44,53,53],"current_hp_per_floor":[62,62,61,61,47,47,21,21,21,21,21,42,42,42,42,33,61,61,61,57,57,57,53,53,54,54,54,55,55,55,52,70,70,70,70,70,70,70,70,67,70,70,70,70,70,70,70,70,70,70,70,70,70,69,63],"gold":59,"neow_bonus":"THREE_SMALL_POTIONS","is_daily":false,"chose_seed":false,"campfire_upgraded":4,"win_rate":0.0,"timestamp":1608699980,"path_taken":["M","M","M","?","?","R","E","M","T","?","?","R","E","M","R","BOSS","M","M","M","?","$","E","R","M","T","?","E","?","M","E","R","BOSS","M","M","?","?","?","E","M","?","T","?","$","E","M","E","R","BOSS","R","$","E","BOSS"],"items_purchased_type":["Card","Card","Card","Relic","Card","Potion","Card","Potion","Potion","Card"],"build_version":"2020-12-18","purchased_purges":0,"victory":true,"max_hp_per_floor":[70,70,70,70,70,70,70,70,70,70,70,70,70,70,70,70,70,70,70,70,70,70,70,70,70,70,70,70,70,70,70,70,70,70,70,70,70,70,70,70,70,70,70,70,70,70,70,70,70,70,70,70,70,70,70],"relic_stats":{"Mark of the Bloom":39,"counters":[30,184],"CeramicFish":27,"Pen Nib":[3],"Mercury Hourglass":[620],"OrangePellets":[18],"Nunchaku":[51],"Centennial Puzzle":[15],"Dream Catcher":0,"Busted Crown":18,"Bronze Scales":[376],"Pandora\u0027s Box":["Acrobatics","Poisoned Stab","Bane","Malaise","Backstab","After Image","Dagger Throw","Backflip","Flying Knee","Dagger Throw"],"MealTicket":0,"Kunai":[90],"obtain_stats":[{"Mark of the Bloom":42,"CeramicFish":38,"Oddly Smooth Stone":31,"Pen Nib":54,"Ancient Tea Set":46,"Mercury Hourglass":7,"OrangePellets":29,"Nunchaku":13,"Anchor":26,"Centennial Puzzle":27,"Dream Catcher":40,"HornCleat":9,"Busted Crown":34,"Bronze Scales":28,"Pandora\u0027s Box":17,"MealTicket":48,"Kunai":23,"Ring of the Snake":0},{"Mark of the Bloom":24,"CeramicFish":21,"Oddly Smooth Stone":18,"Pen Nib":29,"Ancient Tea Set":25,"Mercury Hourglass":4,"OrangePellets":16,"Nunchaku":8,"Anchor":15,"Centennial Puzzle":15,"Dream Catcher":23,"HornCleat":5,"Busted Crown":19,"Bronze Scales":16,"Pandora\u0027s Box":10,"MealTicket":27,"Kunai":14,"Ring of the Snake":0},{"Mark of the Bloom":135,"CeramicFish":117,"Oddly Smooth Stone":92,"Pen Nib":176,"Ancient Tea Set":142,"Mercury Hourglass":21,"OrangePellets":80,"Nunchaku":33,"Anchor":73,"Centennial Puzzle":73,"Dream Catcher":130,"HornCleat":23,"Busted Crown":107,"Bronze Scales":80,"Pandora\u0027s Box":48,"MealTicket":152,"Kunai":68,"Ring of the Snake":0}],"Ring of the Snake":[60]},"card_choices":[{"not_picked":["Outmaneuver","Setup"],"picked":"All Out Attack","floor":1},{"not_picked":["Skewer","Dodge and Roll"],"picked":"Blade Dance","floor":2},{"not_picked":["Underhanded Strike","Deflect"],"picked":"Cloak And Dagger","floor":3},{"not_picked":["Underhanded Strike","Skewer"],"picked":"Wraith Form v2","floor":7},{"not_picked":["Acrobatics","Backflip","Prepared"],"picked":"SKIP","floor":8},{"not_picked":["Dodge and Roll","Bane"],"picked":"Cloak And Dagger","floor":10},{"not_picked":["Cloak And Dagger","Deadly Poison"],"picked":"Blade Dance","floor":11},{"not_picked":["Predator","Dagger Throw"],"picked":"Malaise","floor":13},{"not_picked":["Catalyst","Dodge and Roll"],"picked":"Escape Plan","floor":14},{"not_picked":["Grand Finale","Night Terror"],"picked":"After Image","floor":16},{"not_picked":["Heel Hook","Blade Dance"],"picked":"Dodge and Roll","floor":18},{"not_picked":["Flechettes+1","Acrobatics"],"picked":"Escape Plan","floor":19},{"not_picked":["Dagger Spray+1","Dodge and Roll"],"picked":"Footwork","floor":20},{"not_picked":["Deflect+1","Outmaneuver+1"],"picked":"Night Terror","floor":23},{"not_picked":["Bane","Reflex"],"picked":"Dodge and Roll","floor":25},{"not_picked":["Poisoned Stab+1","Catalyst"],"picked":"Wraith Form v2","floor":28},{"not_picked":["Acrobatics+1","Sucker Punch+1"],"picked":"Prepared","floor":30},{"not_picked":["Reflex","Poisoned Stab"],"picked":"Dodge and Roll","floor":31},{"not_picked":["Glass Knife","Bullet Time"],"picked":"Night Terror","floor":33},{"not_picked":[],"picked":"Backflip+1","floor":35},{"not_picked":[],"picked":"Blade Dance+1","floor":36},{"not_picked":["Quick Slash"],"picked":"SKIP","floor":39},{"not_picked":["Poisoned Stab+1"],"picked":"SKIP","floor":40},{"not_picked":["Flying Knee+1"],"picked":"SKIP","floor":41},{"not_picked":["Dash"],"picked":"SKIP","floor":46},{"not_picked":["Flying Knee+1"],"picked":"SKIP","floor":47},{"not_picked":[],"picked":"Blade Dance+1","floor":48},{"not_picked":["Catalyst+1"],"picked":"SKIP","floor":54}],"player_experience":2905373,"relics_obtained":[{"floor":7,"key":"Mercury Hourglass"},{"floor":9,"key":"HornCleat"},{"floor":13,"key":"Nunchaku"},{"floor":23,"key":"Kunai"},{"floor":26,"key":"Anchor"},{"floor":27,"key":"Centennial Puzzle"},{"floor":28,"key":"Bronze Scales"},{"floor":31,"key":"Oddly Smooth Stone"},{"floor":40,"key":"Dream Catcher"},{"floor":46,"key":"Ancient Tea Set"},{"floor":48,"key":"MealTicket"},{"floor":54,"key":"Pen Nib"}],"event_choices":[{"damage_healed":0,"gold_gain":51,"player_choice":"Gained Gold","damage_taken":0,"max_hp_gain":0,"max_hp_loss":0,"event_name":"Golden Wing","floor":4,"gold_loss":0},{"damage_healed":0,"gold_gain":0,"player_choice":"Entered Light","damage_taken":14,"max_hp_gain":0,"max_hp_loss":0,"event_name":"Shining Light","floor":5,"gold_loss":0,"cards_upgraded":["Strike_G","Defend_G"]},{"damage_healed":0,"gold_gain":99,"player_choice":"Stole From Cult","damage_taken":0,"max_hp_gain":0,"max_hp_loss":0,"event_name":"Nest","floor":21,"gold_loss":0},{"damage_healed":0,"gold_gain":0,"player_choice":"Ignored","damage_taken":0,"max_hp_gain":0,"max_hp_loss":0,"event_name":"Tomb of Lord Red Mask","floor":37,"gold_loss":0},{"damage_healed":0,"gold_gain":0,"player_choice":"Gave Potion","damage_taken":0,"relics_obtained":["CeramicFish"],"max_hp_gain":0,"max_hp_loss":0,"event_name":"WeMeetAgain","floor":38,"gold_loss":0},{"damage_healed":0,"gold_gain":0,"player_choice":"Upgrade","damage_taken":0,"relics_obtained":["Mark of the Bloom"],"max_hp_gain":0,"max_hp_loss":0,"event_name":"MindBloom","floor":42,"gold_loss":0,"cards_upgraded":["Survivor","Neutralize","All Out Attack","Cloak And Dagger","Wraith Form v2","Cloak And Dagger","Blade Dance","Escape Plan","Acrobatics","Poisoned Stab","Bane","Malaise","Backstab","After Image","Dagger Throw","Backflip","Flying Knee","Dagger Throw","Dodge and Roll","Escape Plan","Footwork","Bandage Up","After Image","Panache","Night Terror","Dodge and Roll","Wraith Form v2","Footwork","Prepared","Dodge and Roll","Night Terror"]}],"is_beta":true,"boss_relics":[{"not_picked":["HoveringKite","Black Star"],"picked":"Pandora\u0027s Box"},{"not_picked":["Velvet Choker","SacredBark"],"picked":"Busted Crown"}],"items_purged_floors":[],"is_endless":false,"potions_floor_spawned":[1,7,8,14,16,19,25,33,39,41,47,48,54],"ascension_level":10}}