{"host":"8xt6qtpg1rkermdd","time":1608723269,"event":{"mods":["AchievementEnabler","Astrologer","Bard","BaseMod","Colored Powertips","Downfall","Hermit","Highlight Path","Hubris","Infinite Spire","Jorbs\u0027s Wanderer Trilogy","Marisa????????","Minty Spire (QoL Compilation)","Replay The Spire","Shade Mod","StSLib","The Blackbeard","The Bladedancer","The Bug Knight","The Construct","The Cursed","The Disciple","The Dragon Tamer","The Gatherer","The Hayseed","The Marked","The Necromancer","The Runesmith","The Servant 0.9.4","TheArtist"],"gold_per_floor":[99,99,99,99,99,99,99,24,53,75,91,116,116,136,153,153,153,153],"floor_reached":16,"playtime":614,"items_purged":[],"score":106,"play_id":"8771b452-d591-4c6b-bf9f-937683606cfe","local_time":"20201223053429","is_ascension_mode":false,"campfire_choices":[{"floor":1,"key":"RECALL"},{"data":"Guardian:WalkerClaw","floor":8,"key":"SMITH"}],"circlet_count":0,"master_deck":["Guardian:Strike_Guardian","Guardian:Strike_Guardian","Guardian:Strike_Guardian","Guardian:Strike_Guardian","Guardian:Defend_Guardian","Guardian:Defend_Guardian","Guardian:Defend_Guardian","Guardian:Defend_Guardian","Guardian:CurlUp","Guardian:TwinSlam","Guardian:FloatingOrbs","Guardian:ChargeCore","Doubt","Guardian:WalkerClaw+1","Guardian:RollAttack","Guardian:ChargeCore","ReplayTheSpireMod:Restless Dread","Guardian:Gem_White","Guardian:SpikerProtocol","Guardian:RollAttack","Guardian:SpikerProtocol","Guardian:Gem_Red","Guardian:EvasiveProtocol"],"relics":["Guardian:ModeShifter","downfall:HeartsMalice","ReplayTheSpireMod:Ring of Collecting","ReplayTheSpireMod:Ring of Challenge","downfall:HeartBlessingRed","Oddly Smooth Stone","ReplayTheSpireMod:CursedCoin","Replay:Rubber Ducky","downfall:BrokenWingStatue"],"acts_visited":["Exordium"],"potions_floor_usage":[],"damage_taken":[{"damage":0,"enemies":"Small Slimes","floor":2,"turns":1},{"damage":0,"enemies":"2 Louse","floor":3,"turns":1},{"damage":0,"enemies":"Cultist","floor":6,"turns":1},{"damage":15,"enemies":"3 Sentries","floor":9,"turns":7},{"damage":10,"enemies":"downfall:FleeingMerchant","floor":10,"turns":4},{"damage":11,"enemies":"Exordium Thugs","floor":11,"turns":4},{"damage":18,"enemies":"Lagavulin","floor":12,"turns":5},{"damage":0,"enemies":"Blue Slaver","floor":14,"turns":4},{"damage":12,"enemies":"2 Fungi Beasts","floor":15,"turns":3},{"damage":15,"enemies":"downfall:Ironclad","floor":16,"turns":5}],"seed_played":"-5025116530902876415","potions_obtained":[{"floor":9,"key":"Explosive Potion"},{"floor":14,"key":"Guardian:DefensiveModePotion"},{"floor":15,"key":"SkillPotion"}],"is_trial":false,"path_per_floor":["R","M","M","?","?","M","T","R","E","$","M","E","?","M","M","B"],"character_chosen":"GUARDIAN","items_purchased":["ReplayTheSpireMod:CursedCoin","Guardian:Gem_White","Guardian:SpikerProtocol"],"campfire_rested":0,"item_purchase_floors":[10,10,10],"current_hp_per_floor":[80,80,80,80,80,80,80,80,65,55,44,26,26,26,14,0,0,0],"gold":153,"neow_bonus":"THREE_ENEMY_KILL","is_daily":false,"chose_seed":false,"campfire_upgraded":1,"win_rate":0.0,"timestamp":1608723269,"path_taken":["R","M","M","?","?","M","T","R","E","$","M","E","?","M","M","BOSS"],"items_purchased_type":["Relic","Card","Card"],"build_version":"2020-12-22","purchased_purges":0,"victory":false,"max_hp_per_floor":[80,80,80,80,80,80,80,80,80,80,80,80,80,80,80,80,80,80],"card_choices":[{"not_picked":["Guardian:Repulse","Guardian:BronzeOrb"],"picked":"Guardian:FloatingOrbs","floor":2},{"not_picked":["Guardian:TemporalShield","Guardian:Gem_Cyan"],"picked":"Guardian:ChargeCore","floor":3},{"not_picked":["Guardian:ShieldSpikes","Guardian:VentSteam"],"picked":"Guardian:WalkerClaw","floor":6},{"not_picked":["Guardian:VentSteam","Guardian:Suspension"],"picked":"Guardian:RollAttack","floor":9},{"not_picked":["Guardian:Reroute","Guardian:ExploitGems"],"picked":"Guardian:ChargeCore","floor":10},{"not_picked":["Guardian:Recover","Guardian:ShieldCharger"],"picked":"Guardian:RollAttack","floor":11},{"not_picked":["Guardian:Recover","Guardian:Gem_Fragmented"],"picked":"Guardian:SpikerProtocol","floor":12},{"not_picked":["Guardian:Emergency","Guardian:ChargeCore"],"picked":"Guardian:Gem_Red","floor":14},{"not_picked":["Guardian:Suspension","Guardian:Recover"],"picked":"Guardian:EvasiveProtocol","floor":15}],"player_experience":22148,"relics_obtained":[{"floor":4,"key":"ReplayTheSpireMod:Ring of Collecting"},{"floor":4,"key":"ReplayTheSpireMod:Ring of Challenge"},{"floor":9,"key":"Oddly Smooth Stone"},{"floor":12,"key":"Replay:Rubber Ducky"}],"event_choices":[],"is_beta":false,"boss_relics":[],"items_purged_floors":[],"is_endless":false,"potions_floor_spawned":[9,14,15],"killed_by":"downfall:Ironclad","ascension_level":0}}