{"host":"girf3bnli6r7x4ah","time":1608766504,"event":{"mods":["2.2 Compatiblity","AchievementEnabler","BaseMod","Colored Map","DeckTracker","Highlight Path","Minty Spire (QoL Compilation)","Random Character Button","Rare Cards Sparkle"],"gold_per_floor":[99,99,99,99,99,99,99,99,99,99,99,20,20,20,20,20,20,20,20,20,20,20,20,20,20,20,20,20,20,20,20,20,20,20,20,20,20,20,20,20,20],"floor_reached":40,"playtime":6122,"items_purged":[],"score":499,"play_id":"faaea20b-5583-47da-8c62-9fe126b102e5","local_time":"20201224003504","is_ascension_mode":true,"campfire_choices":[{"floor":13,"key":"RECALL"},{"floor":15,"key":"REST"},{"data":"Blade Dance","floor":23,"key":"SMITH"},{"floor":29,"key":"REST"},{"floor":32,"key":"REST"}],"circlet_count":0,"master_deck":["Defend_G","Defend_G","Survivor","Neutralize","Distraction","Blade Dance","Blade Dance","Sucker Punch","Sucker Punch","Blade Dance+1","Malaise","Blade Dance","Night Terror","Bite","Bite","Bite","Bite","Bite","Necronomicurse","Distraction","Sucker Punch+1","Phantasmal Killer+1","After Image+1","Slice+1","Blade Dance+1","Accuracy","Parasite","Terror+1","Accuracy"],"relics":["Ectoplasm","Happy Flower","Vajra","Sozu","Necronomicon","Lizard Tail","Toxic Egg 2","Astrolabe"],"acts_visited":["Exordium","TheCity","TheBeyond"],"potions_floor_usage":[10,16,18,27],"damage_taken":[{"damage":0,"enemies":"2 Louse","floor":1,"turns":3},{"damage":0,"enemies":"Small Slimes","floor":2,"turns":3},{"damage":8,"enemies":"Jaw Worm","floor":3,"turns":3},{"damage":4,"enemies":"3 Louse","floor":4,"turns":4},{"damage":9,"enemies":"3 Sentries","floor":6,"turns":9},{"damage":2,"enemies":"2 Fungi Beasts","floor":7,"turns":3},{"damage":3,"enemies":"Gremlin Gang","floor":8,"turns":3},{"damage":2,"enemies":"Lagavulin","floor":10,"turns":6},{"damage":23,"enemies":"3 Sentries","floor":14,"turns":7},{"damage":13,"enemies":"The Guardian","floor":16,"turns":15},{"damage":1,"enemies":"3 Byrds","floor":18,"turns":5},{"damage":0,"enemies":"Spheric Guardian","floor":22,"turns":2},{"damage":6,"enemies":"Chosen and Byrds","floor":25,"turns":7},{"damage":29,"enemies":"Book of Stabbing","floor":27,"turns":5},{"damage":20,"enemies":"Sentry and Sphere","floor":31,"turns":5},{"damage":127,"enemies":"Automaton","floor":33,"turns":14},{"damage":11,"enemies":"Orb Walker","floor":35,"turns":3},{"damage":21,"enemies":"3 Shapes","floor":36,"turns":4},{"damage":3,"enemies":"Writhing Mass","floor":37,"turns":7},{"damage":18,"enemies":"Jaw Worm Horde","floor":38,"turns":4},{"damage":61,"enemies":"Nemesis","floor":40,"turns":4}],"seed_played":"-8495681168252940920","potions_obtained":[{"floor":1,"key":"Regen Potion"},{"floor":3,"key":"Weak Potion"},{"floor":4,"key":"DuplicationPotion"},{"floor":14,"key":"Fruit Juice"}],"is_trial":false,"path_per_floor":["M","M","M","M","?","E","M","M","T","E","?","$","R","E","R","B",null,"M","?","?","?","M","R","?","M","T","E","$","R","?","M","R","B",null,"M","M","M","M","?","E"],"character_chosen":"THE_SILENT","items_purchased":["Malaise"],"campfire_rested":3,"item_purchase_floors":[12],"current_hp_per_floor":[70,70,62,58,58,49,49,48,48,60,60,60,60,39,60,54,75,74,74,58,58,62,62,48,48,48,29,29,53,53,41,65,12,80,69,56,63,53,53,0,0],"gold":20,"neow_bonus":"BOSS_RELIC","is_daily":false,"chose_seed":false,"campfire_upgraded":1,"win_rate":0.0,"timestamp":1608766504,"path_taken":["M","M","M","M","?","E","M","M","T","E","?","?","R","E","R","BOSS","M","?","?","?","?","R","?","M","T","E","?","R","?","M","R","BOSS","M","M","?","M","?","E"],"items_purchased_type":["Card"],"build_version":"2020-12-22","purchased_purges":0,"victory":false,"max_hp_per_floor":[70,70,70,70,70,70,70,70,70,70,70,70,70,70,70,75,75,75,75,75,75,75,75,80,80,80,80,80,80,80,80,80,80,80,80,80,80,80,80,80,80],"card_choices":[{"not_picked":["Dodge and Roll","Predator"],"picked":"Distraction","floor":1},{"not_picked":["Setup","Expertise","Noxious Fumes"],"picked":"SKIP","floor":2},{"not_picked":["Underhanded Strike","Flying Knee"],"picked":"Blade Dance","floor":3},{"not_picked":["Backflip","Riddle With Holes"],"picked":"Blade Dance","floor":4},{"not_picked":["Underhanded Strike","Skewer"],"picked":"Sucker Punch","floor":6},{"not_picked":["Underhanded Strike","Dagger Spray"],"picked":"Sucker Punch","floor":7},{"not_picked":["Outmaneuver","Envenom"],"picked":"Blade Dance","floor":8},{"not_picked":["Bouncing Flask","Outmaneuver","Dagger Spray"],"picked":"SKIP","floor":10},{"not_picked":["Eviscerate","Deadly Poison"],"picked":"Blade Dance","floor":14},{"not_picked":["After Image","Storm of Steel"],"picked":"Night Terror","floor":16},{"not_picked":["Dagger Throw+1","Slice","Dodge and Roll"],"picked":"SKIP","floor":18},{"not_picked":["Predator","Backstab","Catalyst"],"picked":"SKIP","floor":22},{"not_picked":["Flying Knee","Outmaneuver"],"picked":"Sucker Punch+1","floor":25},{"not_picked":["Dagger Throw+1","Setup+1","Catalyst+1"],"picked":"SKIP","floor":27},{"not_picked":["Calculated Gamble+1","Dodge and Roll+1","Slice"],"picked":"SKIP","floor":31},{"not_picked":["Die Die Die","Glass Knife"],"picked":"Phantasmal Killer+1","floor":33},{"not_picked":["Dagger Throw+1","Flying Knee+1","Catalyst+1"],"picked":"SKIP","floor":35},{"not_picked":["Finisher+1","Acrobatics+1"],"picked":"Accuracy","floor":36},{"not_picked":["Acrobatics+1","Quick Slash+1"],"picked":"Terror+1","floor":37},{"not_picked":["Sucker Punch+1","Terror+1"],"picked":"Accuracy","floor":38}],"player_experience":82068,"relics_obtained":[{"floor":6,"key":"Blood Vial"},{"floor":10,"key":"Happy Flower"},{"floor":14,"key":"Vajra"},{"floor":20,"key":"Necronomicon"},{"floor":26,"key":"Lizard Tail"},{"floor":27,"key":"Toxic Egg 2"}],"event_choices":[{"damage_healed":0,"gold_gain":0,"player_choice":"Leave","damage_taken":0,"max_hp_gain":0,"max_hp_loss":0,"event_name":"The Cleric","floor":5,"gold_loss":0},{"damage_healed":0,"gold_gain":0,"player_choice":"Ignored","damage_taken":0,"max_hp_gain":0,"max_hp_loss":0,"event_name":"Golden Wing","floor":11,"gold_loss":0},{"damage_healed":0,"gold_gain":0,"player_choice":"Became a vampire (Vial)","damage_taken":0,"max_hp_gain":0,"max_hp_loss":0,"event_name":"Vampires","floor":19,"relics_lost":["Blood Vial"],"gold_loss":0,"cards_obtained":["Bite","Bite","Bite","Bite","Bite"]},{"damage_healed":0,"gold_gain":0,"player_choice":"Obtained Book","damage_taken":16,"max_hp_gain":0,"max_hp_loss":0,"event_name":"Cursed Tome","floor":20,"gold_loss":0},{"damage_healed":0,"gold_gain":0,"player_choice":"Copied","damage_taken":0,"max_hp_gain":0,"max_hp_loss":0,"event_name":"Duplicator","floor":21,"gold_loss":0,"cards_obtained":["Distraction"]},{"damage_healed":0,"gold_gain":0,"player_choice":"Shed Blood","damage_taken":19,"max_hp_gain":5,"max_hp_loss":0,"event_name":"Forgotten Altar","floor":24,"gold_loss":0},{"damage_healed":0,"gold_gain":0,"player_choice":"Leave","damage_taken":0,"max_hp_gain":0,"max_hp_loss":0,"event_name":"FaceTrader","floor":30,"gold_loss":0},{"damage_healed":0,"gold_gain":0,"player_choice":"Got Potions","damage_taken":0,"max_hp_gain":0,"max_hp_loss":0,"event_name":"Lab","floor":39,"gold_loss":0}],"is_beta":false,"boss_relics":[{"not_picked":["Empty Cage","Fusion Hammer"],"picked":"Sozu"},{"not_picked":["Snecko Eye","SacredBark"],"picked":"Astrolabe"}],"items_purged_floors":[],"is_endless":false,"potions_floor_spawned":[1,3,4,6,14,18,22,33,36,37,38],"killed_by":"Nemesis","ascension_level":1}}