{"host":"2461dio7vetlq1z3","time":1608692665,"event":{"mods":["2.2 Compatiblity","AchievementEnabler","BaseMod","Better Third Choice","Hermit","Marisa????????","Minty Spire (QoL Compilation)","Relic Stats","Replay The Spire","Spicy Shops","StSLib","The Runesmith","Waifu the Spire"],"gold_per_floor":[110,110,127,141,141,141,141],"floor_reached":6,"playtime":326,"items_purged":[],"score":72,"play_id":"a6576274-ad38-4227-b4a9-973227d08d49","local_time":"20201223040425","is_ascension_mode":true,"campfire_choices":[],"circlet_count":0,"master_deck":["AscendersBane","Strike_G","Strike_G","Strike_G","Strike_G","Defend_G","Defend_G","Defend_G","Defend_G","Defend_G","Survivor","Neutralize","Draining Mist","Poisoned Stab","Blade Dance"],"relics":["Fusion Hammer","Ring of Fangs","Ring of Panic"],"acts_visited":["Exordium"],"potions_floor_usage":[],"damage_taken":[{"damage":3,"enemies":"Small Slimes","floor":1,"turns":5},{"damage":6,"enemies":"Cultist","floor":3,"turns":5},{"damage":0,"enemies":"2 Louse","floor":4,"turns":3},{"damage":57,"enemies":"Lagavulin","floor":6,"turns":8}],"seed_played":"-3172263994986513870","potions_obtained":[{"floor":3,"key":"CultistPotion"}],"is_trial":false,"path_per_floor":["M","?","M","M","?","E"],"character_chosen":"THE_SILENT","items_purchased":[],"campfire_rested":0,"item_purchase_floors":[],"current_hp_per_floor":[56,56,50,50,50,0,0],"gold":141,"neow_bonus":"BOSS_RELIC","is_daily":false,"chose_seed":false,"campfire_upgraded":0,"win_rate":0.0,"timestamp":1608692665,"path_taken":["M","?","M","M","?","E"],"items_purchased_type":[],"build_version":"2020-12-13","purchased_purges":0,"victory":false,"max_hp_per_floor":[66,66,66,66,66,66,66],"relic_stats":{"counters":[4,21],"obtain_stats":[{"Ring of Fangs":2,"Fusion Hammer":0,"Ring of Panic":2,"Ring of the Snake":0},{"Ring of Fangs":1,"Fusion Hammer":0,"Ring of Panic":1,"Ring of the Snake":0},{"Ring of Fangs":5,"Fusion Hammer":0,"Ring of Panic":5,"Ring of the Snake":0}]},"card_choices":[{"not_picked":["Deadly Poison","Acrobatics"],"picked":"Draining Mist","floor":1},{"not_picked":["ReplayTheSpireMod:Exploit Weakness","Sucker Punch"],"picked":"Poisoned Stab","floor":3},{"not_picked":["Acrobatics","Cloak And Dagger"],"picked":"Blade Dance","floor":4}],"player_experience":957976,"relics_obtained":[{"floor":2,"key":"Ring of Fangs"},{"floor":2,"key":"Ring of Panic"}],"event_choices":[{"cards_removed":["Strike_G"],"damage_healed":0,"gold_gain":0,"player_choice":"Purged","damage_taken":0,"max_hp_gain":0,"max_hp_loss":0,"event_name":"Purifier","floor":5,"gold_loss":0}],"is_beta":false,"boss_relics":[],"items_purged_floors":[],"is_endless":false,"potions_floor_spawned":[3],"killed_by":"Lagavulin","ascension_level":20}}