{"host":"solomon","time":1608696000,"event":{"mods":["Act Like it!","BaseMod","Library of Ruina","Library of Ruina Extra","Luminous","Minty Spire (QoL Compilation)","Robot Space Explorer","StSLib","The Dragon Tamer","【东方二次创作】八云紫mod","残留之物"],"gold_per_floor":[119,69,69,69,84,84,119,119,164,184,184,227,241,260,260,371,371,389,411,422,442,462,462,505,505,505,38,64,64,104,133,133,228,228,247,266,266,280,180,180,207,234,234,268,268,368,243,283,283,283,283,283,283,133,158,158],"floor_reached":57,"playtime":2619,"items_purged":["PlaceholderMod:BaseStrike","PlaceholderMod:BaseStrike","PlaceholderMod:BaseStrike","PlaceholderMod:BaseStrike"],"score":1521,"play_id":"d3447a8c-d328-4cba-9433-058f026f316d","local_time":"20201223120000","is_ascension_mode":true,"campfire_choices":[{"data":"PlaceholderMod:PoisonWhip","floor":6,"key":"SMITH"},{"data":"PlaceholderMod:EnergyAbsorb","floor":8,"key":"SMITH"},{"data":"PlaceholderMod:StressReaction","floor":15,"key":"SMITH"},{"data":"PlaceholderMod:MultiReaction","floor":23,"key":"SMITH"},{"data":"PlaceholderMod:Inner","floor":25,"key":"SMITH"},{"data":"PlaceholderMod:Hyperplasia","floor":32,"key":"SMITH"},{"data":"PlaceholderMod:StressReaction","floor":40,"key":"SMITH"},{"data":"PlaceholderMod:Activation","floor":45,"key":"SMITH"},{"floor":49,"key":"RECALL"},{"data":"PlaceholderMod:NearChange","floor":53,"key":"SMITH"}],"circlet_count":0,"master_deck":["PlaceholderMod:BaseDefend","PlaceholderMod:BaseDefend+1","PlaceholderMod:BaseDefend","PlaceholderMod:BaseDefend+1","PlaceholderMod:Crystal","PlaceholderMod:PoisonWhip+1","PlaceholderMod:NearChange+1","PlaceholderMod:EnergyAbsorb+1","PlaceholderMod:StressReaction+1","PlaceholderMod:MultiReaction+1","PlaceholderMod:ComplexForm+1","PlaceholderMod:ThreeBenzyolStart+1","PlaceholderMod:Inner+1","PlaceholderMod:ThreeBenzyolStart","PlaceholderMod:StressReaction+1","PlaceholderMod:Hyperplasia+1","PlaceholderMod:Hyperplasia+1","PlaceholderMod:Activation+1","PlaceholderMod:Hyperplasia+1"],"relics":["PlaceholderMod:Tancle","War Paint","PlaceholderMod:SoulofChaos","PageOfSpiderBud","CeramicFish","PlaceholderMod:LiveLive","Orichalcum","Singing Bowl","Oddly Smooth Stone","PageOfBloodbath","Blood Vial","Sozu","Nunchaku","Turnip","Vajra","Toxic Egg 2","PlaceholderMod:EltdownShards"],"acts_visited":["Exordium","TheCity","TheBeyond","TheEnding"],"potions_floor_usage":[12,12,13,16],"damage_taken":[{"damage":0,"enemies":"2 Louse","floor":1,"turns":3},{"damage":2,"enemies":"Small Slimes","floor":5,"turns":5},{"damage":23,"enemies":"Lagavulin","floor":7,"turns":6},{"damage":0,"enemies":"Jaw Worm","floor":10,"turns":4},{"damage":20,"enemies":"3 Sentries","floor":12,"turns":9},{"damage":8,"enemies":"3 Louse","floor":13,"turns":4},{"damage":1,"enemies":"Gremlin Gang","floor":14,"turns":5},{"damage":17,"enemies":"Slime Boss","floor":16,"turns":13},{"damage":0,"enemies":"Shell Parasite","floor":18,"turns":5},{"damage":0,"enemies":"Spheric Guardian","floor":19,"turns":4},{"damage":0,"enemies":"Snecko","floor":20,"turns":4},{"damage":2,"enemies":"Shelled Parasite and Fungi","floor":21,"turns":4},{"damage":4,"enemies":"Centurion and Healer","floor":22,"turns":6},{"damage":19,"enemies":"Slavers","floor":24,"turns":6},{"damage":7,"enemies":"Gremlin Leader","floor":30,"turns":4},{"damage":0,"enemies":"3 Cultists","floor":31,"turns":4},{"damage":9,"enemies":"Champ","floor":33,"turns":7},{"damage":12,"enemies":"3 Darklings","floor":35,"turns":4},{"damage":0,"enemies":"Orb Walker","floor":36,"turns":3},{"damage":8,"enemies":"Jaw Worm Horde","floor":38,"turns":3},{"damage":0,"enemies":"Giant Head","floor":41,"turns":4},{"damage":0,"enemies":"Spire Growth","floor":42,"turns":3},{"damage":0,"enemies":"Nemesis","floor":44,"turns":3},{"damage":1,"enemies":"Reptomancer","floor":48,"turns":5},{"damage":0,"enemies":"Awakened One","floor":50,"turns":4},{"damage":0,"enemies":"Shield and Spear","floor":55,"turns":4},{"damage":18,"enemies":"The Heart","floor":56,"turns":5}],"seed_played":"460371200033287473","potions_obtained":[{"floor":5,"key":"SteroidPotion"},{"floor":7,"key":"Strength Potion"},{"floor":10,"key":"Explosive Potion"},{"floor":12,"key":"ColorlessPotion"},{"floor":18,"key":"DuplicationPotion"},{"floor":19,"key":"LiquidBronze"},{"floor":22,"key":"Strength Potion"},{"floor":33,"key":"SkillPotion"}],"is_trial":false,"path_per_floor":["M","?","?","?","M","R","E","R","T","M","?","E","M","M","R","B",null,"M","M","M","M","M","R","E","R","T","$","T","?","E","M","R","B",null,"M","M","?","M","$","R","E","M","T","E","R","?","$","E","R","B",null,null,"R","$","E","B",null],"character_chosen":"THE_PLACEHOLDER","items_purchased":["PlaceholderMod:ThreeBenzyolStart","PlaceholderMod:StressReaction","Oddly Smooth Stone","PageOfBloodbath"],"campfire_rested":0,"item_purchase_floors":[27,27,27,27],"current_hp_per_floor":[78,78,66,71,69,69,46,46,46,49,52,32,24,23,23,6,89,89,89,89,90,86,86,67,67,67,67,70,73,66,71,71,66,103,93,97,100,99,99,99,103,105,105,109,109,112,112,113,113,115,115,122,122,122,124,106],"gold":158,"neow_bonus":"REMOVE_CARD","is_daily":false,"chose_seed":false,"campfire_upgraded":9,"win_rate":0.0,"timestamp":1608696000,"path_taken":["M","?","?","?","M","R","E","R","T","?","?","E","M","M","R","BOSS","M","M","M","?","M","R","E","R","T","$","?","?","E","?","R","BOSS","M","M","?","?","$","R","E","M","T","E","R","?","$","E","R","BOSS","R","$","E","BOSS"],"items_purchased_type":["Card","Card","Relic","Relic"],"build_version":"2020-12-18","purchased_purges":4,"victory":true,"max_hp_per_floor":[78,78,78,83,83,83,83,83,83,86,89,89,89,89,89,89,89,89,89,89,92,92,92,92,92,92,92,95,98,98,101,101,103,103,105,107,110,115,115,115,117,117,117,119,119,122,122,122,122,122,122,122,122,122,124,124],"card_choices":[{"not_picked":["PlaceholderMod:DirectingGroup","PlaceholderMod:SprayAttack","PlaceholderMod:Internalization"],"picked":"SKIP","floor":1},{"not_picked":["PlaceholderMod:Internalization","PlaceholderMod:Turn"],"picked":"PlaceholderMod:NearChange","floor":5},{"not_picked":["PlaceholderMod:Internalization","PlaceholderMod:Turn"],"picked":"PlaceholderMod:EnergyAbsorb","floor":7},{"not_picked":["PlaceholderMod:HardStrike","PlaceholderMod:HardStinger","PlaceholderMod:Internalization"],"picked":"SKIP","floor":10},{"not_picked":["PlaceholderMod:CycleAttack","PlaceholderMod:Assimilation"],"picked":"PlaceholderMod:StressReaction","floor":12},{"not_picked":["PlaceholderMod:ProliferateStrike","PlaceholderMod:DissolvingSpikes","PlaceholderMod:Break"],"picked":"SKIP","floor":13},{"not_picked":["PlaceholderMod:HealingAttack","PlaceholderMod:OHStrongAttack","PlaceholderMod:HardStrike"],"picked":"SKIP","floor":14},{"not_picked":["PlaceholderMod:AbsorbTouch","PlaceholderMod:PericyclicReaction"],"picked":"PlaceholderMod:MultiReaction","floor":16},{"not_picked":["PlaceholderMod:ConsolidateHit","PlaceholderMod:Turn+1","PlaceholderMod:StrongAcid"],"picked":"SKIP","floor":18},{"not_picked":["PlaceholderMod:HardStrike","PlaceholderMod:Turn"],"picked":"PlaceholderMod:ComplexForm+1","floor":19},{"not_picked":["PlaceholderMod:SprayAttack","PlaceholderMod:AttackAsDefend","PlaceholderMod:AngryAttack"],"picked":"SKIP","floor":20},{"not_picked":["PlaceholderMod:EnergyAbsorb","PlaceholderMod:Assimilation","PlaceholderMod:Internalization"],"picked":"SKIP","floor":21},{"not_picked":["PlaceholderMod:DissolvingSpikes","PlaceholderMod:ContinueSpray"],"picked":"PlaceholderMod:ThreeBenzyolStart+1","floor":22},{"not_picked":["PlaceholderMod:EvolutionSpray+1","PlaceholderMod:DissolvingSpikes"],"picked":"PlaceholderMod:Inner","floor":24},{"not_picked":["PlaceholderMod:HornyBlast","PlaceholderMod:CorePoison"],"picked":"PlaceholderMod:Hyperplasia+1","floor":30},{"not_picked":["PlaceholderMod:ConsolidateHit","PlaceholderMod:ThreeBenzyolStart"],"picked":"PlaceholderMod:Hyperplasia","floor":31},{"not_picked":["PlaceholderMod:Assimilation","PlaceholderMod:GrowthForm","PlaceholderMod:DiffusionPoison"],"picked":"Singing Bowl","floor":33},{"not_picked":["PlaceholderMod:Package+1","PlaceholderMod:ComplexForm","PlaceholderMod:ParasiteChange"],"picked":"Singing Bowl","floor":35},{"not_picked":["PlaceholderMod:HardStinger+1","PlaceholderMod:PoisonExcitation+1","PlaceholderMod:SeverePoisonStrike"],"picked":"Singing Bowl","floor":36},{"not_picked":["PlaceholderMod:Break","PlaceholderMod:RadicalHit","PlaceholderMod:Hyperplasia"],"picked":"Singing Bowl","floor":38},{"not_picked":["PlaceholderMod:HardStrike+1","PlaceholderMod:SpinBlade+1","PlaceholderMod:Break"],"picked":"Singing Bowl","floor":41},{"not_picked":["PlaceholderMod:Polyp+1","PlaceholderMod:HornyBlast"],"picked":"PlaceholderMod:Activation","floor":42},{"not_picked":["PlaceholderMod:TriggerStrike+1","PlaceholderMod:HardStrike+1","PlaceholderMod:HornyBlast"],"picked":"Singing Bowl","floor":44},{"not_picked":["PlaceholderMod:DissolvingSpikes","PlaceholderMod:StressReaction+1"],"picked":"PlaceholderMod:Hyperplasia+1","floor":48},{"not_picked":["PlaceholderMod:Colorful","PlaceholderMod:Turn+1","PlaceholderMod:Package+1"],"picked":"Singing Bowl","floor":55}],"player_experience":419679,"relics_obtained":[{"floor":7,"key":"PlaceholderMod:SoulofChaos"},{"floor":9,"key":"PageOfSpiderBud"},{"floor":12,"key":"CeramicFish"},{"floor":24,"key":"Orichalcum"},{"floor":26,"key":"Singing Bowl"},{"floor":30,"key":"Blood Vial"},{"floor":41,"key":"Nunchaku"},{"floor":43,"key":"Turnip"},{"floor":44,"key":"Vajra"},{"floor":48,"key":"Toxic Egg 2"},{"floor":55,"key":"PlaceholderMod:EltdownShards"}],"event_choices":[{"cards_removed":["PlaceholderMod:BaseStrike"],"damage_healed":0,"gold_gain":0,"player_choice":"Card Removal","damage_taken":0,"max_hp_gain":0,"max_hp_loss":0,"event_name":"The Cleric","floor":2,"gold_loss":50},{"damage_healed":0,"gold_gain":0,"player_choice":"Success","damage_taken":12,"relics_obtained":["War Paint"],"max_hp_gain":0,"max_hp_loss":0,"event_name":"Scrap Ooze","floor":3,"gold_loss":0},{"damage_healed":0,"gold_gain":0,"player_choice":"Donut","damage_taken":0,"max_hp_gain":5,"max_hp_loss":0,"event_name":"Big Fish","floor":4,"gold_loss":0},{"damage_healed":0,"gold_gain":0,"player_choice":"Bought 0 Potions","damage_taken":0,"max_hp_gain":0,"max_hp_loss":0,"event_name":"The Woman in Blue","floor":11,"gold_loss":0},{"damage_healed":0,"gold_gain":0,"player_choice":"0 cards matched","damage_taken":0,"max_hp_gain":0,"max_hp_loss":0,"event_name":"Match and Keep!","floor":29,"gold_loss":0,"cards_obtained":[]},{"damage_healed":0,"gold_gain":0,"player_choice":"0 cards matched","damage_taken":0,"max_hp_gain":0,"max_hp_loss":0,"event_name":"Match and Keep!","floor":37,"gold_loss":0,"cards_obtained":[]},{"damage_healed":0,"gold_gain":100,"player_choice":"Pray","damage_taken":0,"max_hp_gain":0,"max_hp_loss":0,"event_name":"Golden Shrine","floor":46,"gold_loss":0}],"is_beta":true,"boss_relics":[{"not_picked":["Velvet Choker","Empty Cage"],"picked":"PlaceholderMod:LiveLive"},{"not_picked":["Calling Bell","Fusion Hammer"],"picked":"Sozu"}],"items_purged_floors":[27,39,47,54],"is_endless":false,"potions_floor_spawned":[5,7,10,12,18,19,22,33,35,36,42,48],"ascension_level":1}}