{"host":"0azimyi6n3ugndj4","time":1608747687,"event":{"mods":["BaseMod","Bestiary","Conspire","Curses Come First","Defuse TimeMaze Blight","Hyrulean Relics","Infinite Spire","Minty Spire (QoL Compilation)","Relic Stats","Replay The Spire","StSLib","SuperFastMode","Uncapped","¡¼?Úª?ø«¡½REMEMod"],"gold_per_floor":[150,150,207,41,80,176,176,235,235,235,235,313,313,412,412,631,631,631,631],"floor_reached":18,"playtime":467,"items_purged":[],"score":681,"play_id":"0902fea0-0fea-4e6f-9bf1-8285f512c6bb","local_time":"20201224032127","daily_mods":["Insanity","Chimera","Specialized","Vintage","ControlledChaos","Allstar","Diverse","Colorless Cards","Heirloom","Time Dilation","Binary","Elite Swarm","Lethality","Midas","Uncertain Future"],"is_ascension_mode":true,"campfire_choices":[{"floor":7,"key":"REST"},{"floor":10,"key":"REST"},{"floor":15,"key":"REST"}],"circlet_count":0,"master_deck":["Demon Form","Wraith Form v2","Echo Form","DevaForm","AscendersBane","Bash","Survivor","Zap","Eruption","Strike_R","Strike_G","Strike_B","Defend_R","Defend_G","Defend_P","Sweeping Beam","Replay:Undeath\u0027s Touch","True Grit","FlurryOfBlows","Skim","Havoc","Blade Dance","Sucker Punch","True Grit","ReplayTheSpireMod:Strike From Hell","Coolheaded","Consume","Rupture","Masterful Stab","REME_TwoStrings","Replay:BluntJabs","Armaments","Cold Snap","BowlingBash","BasicCrystalCard","Tantrum","SandsOfTime","Thunderclap","Pummel","Armaments","Riddle With Holes","Double Energy","ReplayTheSpireMod:Strike From Hell","Sword Boomerang","FTL","JustLucky","Coolheaded","Deflect","Dagger Spray","Panic Button","Underhanded Strike","Underhanded Strike","Halt","Backflip","Bane","Perfected Strike","Body Slam","Stack","Specialist","Poisoned Stab","REME_Repentance","Cleave","Blur","Rebound","Thunder Strike+1","Thunder Strike+1","Thunder Strike+1","Thunder Strike+1","Thunder Strike+1","Panache","ReplayTheSpireMod:Uncanny Aura","Trip","REME_MawOfCthun","Mayhem","All For One","Looming Evil","Midas Touch","Hyperbeam+1","Replay:Dark Deal","Corpse Explosion","Seek"],"relics":["Cracked Core","Frozen Eye","REME_ComplimentaryCards","Pocketwatch","ReplayTheSpireMod:TigerMarble","Ring of Shattering","Ring of Peace","conspire:DecoderRing","PreservedInsect","Bottled Lightning","zeldaRelics:CourageTriforce","Replay:Bottled Eggs","Pen Nib","zeldaRelics:WisdomPiece","conspire:RunicOctahedron"],"acts_visited":["Exordium","TheCity"],"potions_floor_usage":[18,18],"damage_taken":[{"damage":0,"enemies":"Small Slimes","floor":1,"turns":2},{"damage":0,"enemies":"2 Louse","floor":3,"turns":2},{"damage":0,"enemies":"Cultist","floor":5,"turns":2},{"damage":0,"enemies":"3 Sentries","floor":6,"turns":1},{"damage":14,"enemies":"Exordium Wildlife","floor":8,"turns":3},{"damage":0,"enemies":"Lagavulin","floor":12,"turns":3},{"damage":0,"enemies":"Gremlin Nob","floor":14,"turns":2},{"damage":0,"enemies":"Slime Boss","floor":16,"turns":4},{"damage":73,"enemies":"3 Byrds","floor":18,"turns":3}],"seed_played":"-4237100463379519155","potions_obtained":[{"floor":1,"key":"ColorlessPotion"},{"floor":6,"key":"PotionOfCapacity"},{"floor":8,"key":"Block Potion"}],"is_trial":true,"path_per_floor":["M","?","M","$","M","E","R","M","T","R","?","E","?","E","R","B",null,"M"],"character_chosen":"DEFECT","items_purchased":["PreservedInsect"],"campfire_rested":3,"item_purchase_floors":[4],"current_hp_per_floor":[64,64,64,64,64,64,71,57,57,71,71,71,71,71,71,71,71,0,0],"gold":631,"neow_bonus":"","is_daily":false,"chose_seed":false,"campfire_upgraded":0,"win_rate":0.0,"timestamp":1608747687,"path_taken":["M","?","M","$","M","E","R","M","T","R","?","E","?","E","R","BOSS","M"],"items_purchased_type":["Relic"],"build_version":"2020-12-22","purchased_purges":0,"victory":false,"max_hp_per_floor":[71,71,71,71,71,71,71,71,71,71,71,71,71,71,71,71,71,71,71],"relic_stats":{"counters":[9,22],"PreservedInsect":83,"Pen Nib":[1],"obtain_stats":[{"zeldaRelics:WisdomPiece":14,"conspire:RunicOctahedron":17,"PreservedInsect":4,"Pen Nib":13,"zeldaRelics:CourageTriforce":12,"Frozen Eye":0,"Ring of Peace":2,"conspire:DecoderRing":3,"Ring of Shattering":2,"ReplayTheSpireMod:TigerMarble":1,"zeldaRelics:CouragePiece":6,"Bottled Lightning":5,"Replay:Bottled Eggs":8,"Cracked Core":0,"REME_ComplimentaryCards":0,"Pocketwatch":0},{"zeldaRelics:WisdomPiece":7,"conspire:RunicOctahedron":8,"PreservedInsect":2,"Pen Nib":6,"zeldaRelics:CourageTriforce":6,"Frozen Eye":0,"Ring of Peace":1,"conspire:DecoderRing":2,"Ring of Shattering":1,"ReplayTheSpireMod:TigerMarble":1,"zeldaRelics:CouragePiece":4,"Bottled Lightning":3,"Replay:Bottled Eggs":5,"Cracked Core":0,"REME_ComplimentaryCards":0,"Pocketwatch":0},{"zeldaRelics:WisdomPiece":15,"conspire:RunicOctahedron":19,"PreservedInsect":4,"Pen Nib":13,"zeldaRelics:CourageTriforce":13,"Frozen Eye":0,"Ring of Peace":2,"conspire:DecoderRing":4,"Ring of Shattering":2,"ReplayTheSpireMod:TigerMarble":2,"zeldaRelics:CouragePiece":7,"Bottled Lightning":6,"Replay:Bottled Eggs":10,"Cracked Core":0,"REME_ComplimentaryCards":0,"Pocketwatch":0}],"Pocketwatch":[6]},"card_choices":[{"not_picked":["REME_WheelOfFate"],"picked":"Midas Touch","floor":6},{"not_picked":["Vault"],"picked":"Replay:Dark Deal","floor":12},{"not_picked":["The Bomb"],"picked":"Corpse Explosion","floor":14},{"not_picked":["Brutality"],"picked":"Seek","floor":16}],"player_experience":1493933,"relics_obtained":[{"floor":1,"key":"ReplayTheSpireMod:TigerMarble"},{"floor":2,"key":"Ring of Shattering"},{"floor":2,"key":"Ring of Peace"},{"floor":3,"key":"conspire:DecoderRing"},{"floor":5,"key":"Bottled Lightning"},{"floor":6,"key":"zeldaRelics:CouragePiece"},{"floor":8,"key":"Replay:Bottled Eggs"},{"floor":9,"key":"zeldaRelics:CouragePiece"},{"floor":12,"key":"zeldaRelics:CouragePiece"},{"floor":13,"key":"Pen Nib"},{"floor":14,"key":"zeldaRelics:WisdomPiece"}],"event_choices":[],"is_beta":false,"boss_relics":[{"not_picked":["Runic Dome","Inserter"],"picked":"conspire:RunicOctahedron"}],"items_purged_floors":[],"is_endless":false,"potions_floor_spawned":[1,6,8,12],"killed_by":"3 Byrds","ascension_level":20}}