{"host":"30jsp143e4v19aze","time":1608752124,"event":{"mods":["BaseMod","Colored Map","Colored Powertips","Curses Come First","DeckTracker","Highlight Path","Minty Spire (QoL Compilation)","Quick Restart","Relic Stats","StSLib"],"gold_per_floor":[111,111,111,129,143,143,169,182,206,225,225,251,268,295,295,369,369,384,415,415,429,54,81,31,62,88,114,114,126,126,126,126,205,205,218,440,440,458,510,541,51,84,84,102,120,70,98,123,123,123,123,123,123,31,61,61],"floor_reached":57,"playtime":3126,"items_purged":["Strike_R+1","Strike_R+1","Strike_R+1"],"score":3107,"play_id":"8de9a14a-e0d4-493d-9ade-4c628fcd0f16","local_time":"20201223203524","is_ascension_mode":true,"campfire_choices":[{"data":"Bash","floor":6,"key":"SMITH"},{"floor":11,"key":"REST"},{"data":"Whirlwind","floor":15,"key":"SMITH"},{"data":"Evolve","floor":28,"key":"SMITH"},{"data":"Disarm","floor":30,"key":"SMITH"},{"floor":32,"key":"REST"},{"floor":49,"key":"RECALL"},{"data":"Feel No Pain","floor":53,"key":"SMITH"}],"circlet_count":0,"master_deck":["AscendersBane","Strike_R+1","Defend_R+1","Defend_R+1","Defend_R+1","Defend_R+1","Bash+1","Shrug It Off","Twin Strike","Pommel Strike","Fiend Fire","Evolve+1","Whirlwind+1","Fiend Fire","Pummel","Disarm+1","Offering","Feel No Pain+1","True Grit+1","Spot Weakness+1","Fiend Fire","Headbutt","True Grit+1","Sword Boomerang+1","Shrug It Off+1","Spot Weakness+1","PanicButton+1","Juggernaut"],"relics":["Mark of Pain","Singing Bowl","PreservedInsect","Smiling Mask","Ancient Tea Set","Red Skull","Snecko Eye","Red Mask","Incense Burner","Pen Nib","Charon\u0027s Ashes","TungstenRod","Enchiridion","Black Star","Champion Belt","Bronze Scales","Omamori","Orrery","FossilizedHelix","Gambling Chip","Pantograph","Toxic Egg 2","Juzu Bracelet","Bottled Flame","CaptainsWheel","Vajra","Bag of Preparation"],"acts_visited":["Exordium","TheCity","TheBeyond","TheEnding"],"potions_floor_usage":[8,14,56],"damage_taken":[{"damage":1,"enemies":"Cultist","floor":1,"turns":3},{"damage":9,"enemies":"Small Slimes","floor":4,"turns":4},{"damage":0,"enemies":"Jaw Worm","floor":5,"turns":3},{"damage":39,"enemies":"3 Sentries","floor":7,"turns":13},{"damage":1,"enemies":"Exordium Wildlife","floor":8,"turns":3},{"damage":1,"enemies":"Red Slaver","floor":10,"turns":3},{"damage":10,"enemies":"Lagavulin","floor":12,"turns":3},{"damage":8,"enemies":"Large Slime","floor":13,"turns":5},{"damage":0,"enemies":"3 Sentries","floor":14,"turns":2},{"damage":10,"enemies":"The Guardian","floor":16,"turns":11},{"damage":9,"enemies":"2 Thieves","floor":18,"turns":2},{"damage":6,"enemies":"Masked Bandits","floor":19,"turns":3},{"damage":0,"enemies":"3 Byrds","floor":21,"turns":2},{"damage":31,"enemies":"Book of Stabbing","floor":23,"turns":4},{"damage":6,"enemies":"Slavers","floor":25,"turns":4},{"damage":0,"enemies":"Gremlin Leader","floor":27,"turns":2},{"damage":5,"enemies":"3 Cultists","floor":29,"turns":1},{"damage":0,"enemies":"Collector","floor":33,"turns":4},{"damage":43,"enemies":"3 Darklings","floor":35,"turns":4},{"damage":0,"enemies":"3 Shapes","floor":38,"turns":2},{"damage":0,"enemies":"2 Orb Walkers","floor":39,"turns":3},{"damage":36,"enemies":"Reptomancer","floor":40,"turns":4},{"damage":23,"enemies":"Giant Head","floor":42,"turns":6},{"damage":0,"enemies":"Maw","floor":44,"turns":4},{"damage":0,"enemies":"Transient","floor":45,"turns":6},{"damage":0,"enemies":"Reptomancer","floor":47,"turns":2},{"damage":0,"enemies":"Mind Bloom Boss Battle","floor":48,"turns":6},{"damage":3,"enemies":"Time Eater","floor":50,"turns":6},{"damage":34,"enemies":"Awakened One","floor":51,"turns":9},{"damage":32,"enemies":"Shield and Spear","floor":55,"turns":3},{"damage":70,"enemies":"The Heart","floor":56,"turns":8}],"seed_played":"1399556643300175222","potions_obtained":[{"floor":4,"key":"Ancient Potion"},{"floor":5,"key":"Fruit Juice"},{"floor":8,"key":"AttackPotion"},{"floor":13,"key":"FairyPotion"},{"floor":18,"key":"PowerPotion"},{"floor":23,"key":"CultistPotion"}],"is_trial":false,"path_per_floor":["M","T","?","M","M","R","E","M","T","M","R","E","M","E","R","B",null,"M","?","?","M","$","E","$","E","T","E","R","M","R","?","R","B",null,"M","?","?","M","?","E","$","E","T","M","M","$","E","?","R","B","B",null,"R","$","E","B",null],"character_chosen":"IRONCLAD","items_purchased":["Incense Burner","Orrery","FossilizedHelix","PanicButton+1"],"campfire_rested":2,"item_purchase_floors":[22,41,41,54],"current_hp_per_floor":[67,67,60,51,51,51,14,18,18,19,44,34,28,28,28,18,69,60,54,54,54,54,25,25,21,21,21,21,18,18,1,28,30,78,35,35,94,96,98,62,66,45,45,45,45,45,45,70,70,92,70,96,96,96,64,19],"gold":61,"neow_bonus":"BOSS_RELIC","is_daily":false,"chose_seed":false,"campfire_upgraded":5,"win_rate":0.0,"timestamp":1608752124,"path_taken":["M","?","?","M","M","R","E","M","T","M","R","E","M","E","R","BOSS","M","?","?","M","$","E","?","E","T","E","R","?","R","?","R","BOSS","M","?","?","?","?","E","$","E","T","M","M","?","E","?","R","BOSS","BOSS","R","$","E","BOSS"],"items_purchased_type":["Relic","Relic","Relic","Card"],"build_version":"2020-12-22","purchased_purges":3,"victory":true,"max_hp_per_floor":[75,75,75,75,75,75,77,82,82,84,84,84,86,86,86,86,86,86,86,86,86,86,88,88,90,90,90,90,92,92,92,92,94,94,94,94,94,96,98,98,102,104,104,104,104,104,104,104,104,104,104,104,104,104,104,104],"relic_stats":{"Singing Bowl":24,"counters":[31,135],"PreservedInsect":529,"Pen Nib":[9],"Charon\u0027s Ashes":[765],"Juzu Bracelet":1,"Bag of Preparation":[2],"Smiling Mask":150,"Bronze Scales":[225],"Gambling Chip":[30],"Pantograph":87,"Snecko Eye":[142,145,155,158],"Black Star":4,"Champion Belt":[11],"obtain_stats":[{"Singing Bowl":2,"Enchiridion":31,"Vajra":55,"Incense Burner":22,"Juzu Bracelet":47,"Bag of Preparation":55,"Smiling Mask":9,"Ancient Tea Set":12,"Burning Blood":0,"Gambling Chip":42,"Pantograph":42,"Red Mask":19,"Toxic Egg 2":43,"Red Skull":14,"PreservedInsect":7,"Pen Nib":23,"Charon\u0027s Ashes":25,"Omamori":40,"Bottled Flame":47,"CaptainsWheel":48,"Bronze Scales":40,"Snecko Eye":17,"Orrery":41,"Mark of Pain":0,"Black Star":34,"Champion Belt":39,"TungstenRod":27,"FossilizedHelix":41},{"Singing Bowl":1,"Enchiridion":17,"Vajra":30,"Incense Burner":13,"Juzu Bracelet":26,"Bag of Preparation":30,"Smiling Mask":5,"Ancient Tea Set":7,"Burning Blood":0,"Gambling Chip":23,"Pantograph":23,"Red Mask":12,"Toxic Egg 2":23,"Red Skull":9,"PreservedInsect":4,"Pen Nib":14,"Charon\u0027s Ashes":15,"Omamori":22,"Bottled Flame":26,"CaptainsWheel":27,"Bronze Scales":22,"Snecko Eye":10,"Orrery":22,"Mark of Pain":0,"Black Star":18,"Champion Belt":21,"TungstenRod":16,"FossilizedHelix":22},{"Singing Bowl":3,"Enchiridion":68,"Vajra":127,"Incense Burner":57,"Juzu Bracelet":103,"Bag of Preparation":127,"Smiling Mask":26,"Ancient Tea Set":32,"Burning Blood":0,"Gambling Chip":91,"Pantograph":91,"Red Mask":55,"Toxic Egg 2":91,"Red Skull":39,"PreservedInsect":23,"Pen Nib":61,"Charon\u0027s Ashes":65,"Omamori":85,"Bottled Flame":103,"CaptainsWheel":109,"Bronze Scales":85,"Snecko Eye":50,"Orrery":85,"Mark of Pain":0,"Black Star":72,"Champion Belt":81,"TungstenRod":67,"FossilizedHelix":85}],"TungstenRod":38},"card_choices":[{"not_picked":["Headbutt","Clash"],"picked":"Shrug It Off","floor":1},{"not_picked":["Armaments","Seeing Red"],"picked":"Twin Strike","floor":4},{"not_picked":["Warcry","Iron Wave"],"picked":"Pommel Strike","floor":5},{"not_picked":["Heavy Blade","Entrench","Body Slam"],"picked":"Singing Bowl","floor":7},{"not_picked":["Ghostly Armor","Cleave"],"picked":"Fiend Fire","floor":8},{"not_picked":["Heavy Blade","Armaments","Twin Strike"],"picked":"Singing Bowl","floor":10},{"not_picked":["Heavy Blade","Rupture"],"picked":"Evolve","floor":12},{"not_picked":["Thunderclap","Perfected Strike","Havoc"],"picked":"Singing Bowl","floor":13},{"not_picked":["Flame Barrier","Thunderclap"],"picked":"Whirlwind","floor":14},{"not_picked":["Berserk","Exhume"],"picked":"Fiend Fire","floor":16},{"not_picked":["Cleave","Blood for Blood"],"picked":"Dark Embrace","floor":18},{"not_picked":["Intimidate","Blood for Blood+1"],"picked":"Pummel","floor":19},{"not_picked":["Pommel Strike","Intimidate"],"picked":"Disarm","floor":21},{"not_picked":["Clothesline","Iron Wave","Thunderclap"],"picked":"Singing Bowl","floor":23},{"not_picked":["Warcry","Infernal Blade","Iron Wave+1"],"picked":"Singing Bowl","floor":25},{"not_picked":["Clothesline","Entrench"],"picked":"Offering","floor":27},{"not_picked":["Armaments","Thunderclap+1","Second Wind"],"picked":"Singing Bowl","floor":29},{"not_picked":["Brutality","Juggernaut","Barricade"],"picked":"Singing Bowl","floor":33},{"not_picked":["Twin Strike","Sword Boomerang"],"picked":"Feel No Pain","floor":35},{"not_picked":["Sword Boomerang","Anger","Pommel Strike+1"],"picked":"Singing Bowl","floor":38},{"not_picked":["Heavy Blade","Thunderclap","Evolve+1"],"picked":"Singing Bowl","floor":39},{"not_picked":["Disarm","Body Slam"],"picked":"True Grit+1","floor":40},{"not_picked":["Warcry","True Grit"],"picked":"Spot Weakness+1","floor":41},{"not_picked":["Blood for Blood+1","Feed","Dropkick+1"],"picked":"Singing Bowl","floor":41},{"not_picked":["Spot Weakness","True Grit"],"picked":"Fiend Fire","floor":41},{"not_picked":["Battle Trance+1","Combust","Pommel Strike+1"],"picked":"Singing Bowl","floor":41},{"not_picked":["Sword Boomerang","Rage+1"],"picked":"Headbutt","floor":41},{"not_picked":["Feed","Warcry","Twin Strike"],"picked":"Singing Bowl","floor":42},{"not_picked":["Twin Strike","Rage+1"],"picked":"True Grit+1","floor":44},{"not_picked":["Rupture","Anger"],"picked":"Sword Boomerang+1","floor":45},{"not_picked":["Flex+1","Bludgeon"],"picked":"Shrug It Off+1","floor":47},{"not_picked":["Cleave","Clash+1"],"picked":"Spot Weakness+1","floor":48},{"not_picked":["Dropkick","Armaments+1"],"picked":"Juggernaut","floor":55}],"player_experience":3108908,"relics_obtained":[{"floor":2,"key":"Singing Bowl"},{"floor":7,"key":"PreservedInsect"},{"floor":9,"key":"Smiling Mask"},{"floor":12,"key":"Ancient Tea Set"},{"floor":14,"key":"Red Skull"},{"floor":19,"key":"Red Mask"},{"floor":23,"key":"Pen Nib"},{"floor":25,"key":"Charon\u0027s Ashes"},{"floor":27,"key":"TungstenRod"},{"floor":31,"key":"Enchiridion"},{"floor":39,"key":"Champion Belt"},{"floor":40,"key":"Bronze Scales"},{"floor":40,"key":"Omamori"},{"floor":42,"key":"Gambling Chip"},{"floor":42,"key":"Pantograph"},{"floor":43,"key":"Toxic Egg 2"},{"floor":47,"key":"Juzu Bracelet"},{"floor":47,"key":"Bottled Flame"},{"floor":48,"key":"CaptainsWheel"},{"floor":55,"key":"Vajra"},{"floor":55,"key":"Bag of Preparation"}],"event_choices":[{"cards_removed":["Strike_R"],"damage_healed":0,"gold_gain":0,"player_choice":"Card Removal","damage_taken":7,"max_hp_gain":0,"max_hp_loss":0,"event_name":"Golden Wing","floor":3,"gold_loss":0},{"damage_healed":0,"gold_gain":0,"player_choice":"Fought Bandits","damage_taken":0,"max_hp_gain":0,"max_hp_loss":0,"event_name":"Masked Bandits","floor":19,"gold_loss":0},{"damage_healed":0,"gold_gain":0,"player_choice":"Simplicity","damage_taken":0,"max_hp_gain":0,"max_hp_loss":0,"event_name":"Back to Basics","floor":20,"gold_loss":0,"cards_upgraded":["Strike_R","Strike_R","Strike_R","Strike_R","Defend_R","Defend_R","Defend_R","Defend_R"]},{"damage_healed":0,"gold_gain":0,"player_choice":"Obtained Book","damage_taken":21,"max_hp_gain":0,"max_hp_loss":0,"event_name":"Cursed Tome","floor":31,"gold_loss":0},{"damage_healed":0,"gold_gain":222,"player_choice":"Wore Mask","damage_taken":0,"max_hp_gain":0,"max_hp_loss":0,"event_name":"Tomb of Lord Red Mask","floor":36,"gold_loss":0},{"cards_removed":["Dark Embrace"],"damage_healed":59,"gold_gain":0,"player_choice":"Offered Uncommon","damage_taken":0,"max_hp_gain":0,"max_hp_loss":0,"event_name":"Bonfire Elementals","floor":37,"gold_loss":0},{"damage_healed":0,"gold_gain":0,"player_choice":"Fight","damage_taken":0,"max_hp_gain":0,"max_hp_loss":0,"event_name":"Mysterious Sphere","floor":39,"gold_loss":0},{"damage_healed":0,"gold_gain":0,"player_choice":"Fight","damage_taken":0,"max_hp_gain":0,"max_hp_loss":0,"event_name":"MindBloom","floor":48,"gold_loss":0}],"is_beta":false,"boss_relics":[{"not_picked":["Tiny House","Runic Pyramid"],"picked":"Snecko Eye"},{"not_picked":["Runic Dome","Fusion Hammer"],"picked":"Black Star"}],"items_purged_floors":[22,24,46],"is_endless":false,"potions_floor_spawned":[4,5,8,13,18,21,23,25,29,38,42,44,45,47,55],"ascension_level":20}}