{"host":"6pgtslebjnyv5xmi","time":1608696547,"event":{"mods":["AchievementEnabler","BaseMod","Colored Map","Marisa£¨Ùöéë¡¡Øª×âÞÞ£©","Minty Spire (QoL Compilation)","Rare Cards Sparkle","StSLib","SuperFastMode","everything is the same but u backflip on backflip"],"gold_per_floor":[116,116,131,56,56,56,6,36,60,95,95,12,38,50,50,146,146,159,78,96,114,132,167,167,181,181,212,1,1,14,33,33,33,33],"floor_reached":33,"playtime":3360,"items_purged":["Strike_R"],"score":432,"play_id":"c03f3692-0c8f-464d-90f1-5b327ee88b61","local_time":"20201223130907","is_ascension_mode":true,"campfire_choices":[{"data":"Carnage","floor":6,"key":"SMITH"},{"data":"Evolve","floor":11,"key":"SMITH"},{"floor":15,"key":"RECALL"},{"data":"Reaper","floor":24,"key":"SMITH"},{"data":"Barricade","floor":29,"key":"SMITH"},{"data":"Body Slam","floor":32,"key":"SMITH"}],"circlet_count":0,"master_deck":["Strike_R","Strike_R","Defend_R","Defend_R","Defend_R","Defend_R","Bash","Evolve+1","Carnage+1","Disarm","Purity","Wild Strike","Reaper+1","Power Through+1","Panacea","Battle Trance+1","Headbutt","Barricade+1","Impervious","Body Slam+1"],"relics":["Burning Blood","NeowsBlessing","Mercury Hourglass","Orichalcum","Meat on the Bone","Art of War","Mark of Pain","Bag of Marbles","Kunai","Centennial Puzzle"],"acts_visited":["Exordium","TheCity"],"potions_floor_usage":[10,16,20,22,23,27],"damage_taken":[{"damage":0,"enemies":"2 Louse","floor":1,"turns":1},{"damage":0,"enemies":"Jaw Worm","floor":3,"turns":1},{"damage":0,"enemies":"3 Sentries","floor":8,"turns":2},{"damage":2,"enemies":"Gremlin Nob","floor":10,"turns":3},{"damage":0,"enemies":"Cultist","floor":14,"turns":3},{"damage":11,"enemies":"Slime Boss","floor":16,"turns":9},{"damage":16,"enemies":"Chosen","floor":18,"turns":5},{"damage":4,"enemies":"Shell Parasite","floor":20,"turns":12},{"damage":13,"enemies":"Snake Plant","floor":21,"turns":5},{"damage":11,"enemies":"Centurion and Healer","floor":22,"turns":5},{"damage":46,"enemies":"Book of Stabbing","floor":23,"turns":8},{"damage":33,"enemies":"3 Cultists","floor":25,"turns":7},{"damage":45,"enemies":"Slavers","floor":27,"turns":7},{"damage":33,"enemies":"Sentry and Sphere","floor":30,"turns":10},{"damage":18,"enemies":"Snecko","floor":31,"turns":6},{"damage":135,"enemies":"Collector","floor":33,"turns":7}],"seed_played":"5857220584250938743","potions_obtained":[{"floor":3,"key":"AttackPotion"},{"floor":14,"key":"PowerPotion"},{"floor":16,"key":"LiquidBronze"},{"floor":18,"key":"ColorlessPotion"},{"floor":21,"key":"DuplicationPotion"},{"floor":22,"key":"ColorlessPotion"},{"floor":25,"key":"FairyPotion"}],"is_trial":false,"path_per_floor":["M","?","M","$","?","R","?","E","T","E","R","$","T","M","R","B",null,"M","$","M","M","M","E","R","M","T","E","$","R","M","M","R","B"],"character_chosen":"IRONCLAD","items_purchased":["Purity","Panacea","Barricade","Impervious"],"campfire_rested":0,"item_purchase_floors":[12,19,28,28],"current_hp_per_floor":[78,83,85,85,78,78,78,84,84,85,85,85,85,85,85,80,84,75,75,80,76,79,57,57,59,59,50,50,50,37,42,42,0,0],"gold":33,"neow_bonus":"THREE_ENEMY_KILL","is_daily":false,"chose_seed":false,"campfire_upgraded":5,"win_rate":0.0,"timestamp":1608696547,"path_taken":["M","?","M","$","?","R","?","E","T","E","R","?","?","M","R","BOSS","M","$","M","M","M","E","R","M","T","E","$","R","M","M","R","BOSS"],"items_purchased_type":["Card","Card","Card","Card"],"build_version":"2020-12-13","purchased_purges":1,"victory":false,"max_hp_per_floor":[80,85,85,85,85,85,85,85,85,85,85,85,85,85,85,85,85,85,85,85,85,85,85,85,85,85,85,85,85,85,85,85,85,85],"card_choices":[{"not_picked":["Armaments","Thunderclap"],"picked":"Evolve","floor":1},{"not_picked":["Headbutt","Flex"],"picked":"Carnage","floor":3},{"not_picked":["Juggernaut","Inflame"],"picked":"Disarm","floor":8},{"not_picked":["Pommel Strike","Flex","Iron Wave"],"picked":"SKIP","floor":10},{"not_picked":["Clash","Uppercut"],"picked":"Wild Strike","floor":14},{"not_picked":["Juggernaut","Berserk"],"picked":"Reaper","floor":16},{"not_picked":["Armaments","Rage"],"picked":"Power Through+1","floor":18},{"not_picked":["Hemokinesis+1","Inflame+1"],"picked":"Battle Trance+1","floor":20},{"not_picked":["Havoc+1","Disarm+1","Heavy Blade+1"],"picked":"SKIP","floor":21},{"not_picked":["Havoc+1","Disarm+1","Heavy Blade+1"],"picked":"SKIP","floor":21},{"not_picked":["Iron Wave","Flame Barrier+1","Perfected Strike+1"],"picked":"SKIP","floor":22},{"not_picked":["Power Through","Intimidate","Rampage+1"],"picked":"SKIP","floor":23},{"not_picked":["Cleave","Warcry"],"picked":"Headbutt","floor":25},{"not_picked":["Dropkick","True Grit","Intimidate"],"picked":"SKIP","floor":27},{"not_picked":["Uppercut","Shrug It Off","Rage+1"],"picked":"SKIP","floor":30},{"not_picked":["Clash+1","Pummel"],"picked":"Body Slam","floor":31}],"player_experience":382520,"relics_obtained":[{"floor":8,"key":"Mercury Hourglass"},{"floor":9,"key":"Orichalcum"},{"floor":10,"key":"Meat on the Bone"},{"floor":13,"key":"Art of War"},{"floor":23,"key":"Bag of Marbles"},{"floor":26,"key":"Kunai"},{"floor":27,"key":"Centennial Puzzle"}],"event_choices":[{"damage_healed":0,"gold_gain":0,"player_choice":"Donut","damage_taken":0,"max_hp_gain":5,"max_hp_loss":0,"event_name":"Big Fish","floor":2,"gold_loss":0},{"cards_removed":["Strike_R"],"damage_healed":0,"gold_gain":0,"player_choice":"Card Removal","damage_taken":7,"max_hp_gain":0,"max_hp_loss":0,"event_name":"Golden Wing","floor":5,"gold_loss":0},{"cards_removed":["Strike_R"],"damage_healed":0,"gold_gain":0,"player_choice":"Card Removal","damage_taken":0,"max_hp_gain":0,"max_hp_loss":0,"event_name":"The Cleric","floor":7,"gold_loss":50}],"is_beta":false,"boss_relics":[{"not_picked":["Black Star","Tiny House"],"picked":"Mark of Pain"}],"items_purged_floors":[4],"is_endless":false,"potions_floor_spawned":[3,14,16,18,21,22,25],"killed_by":"Collector","ascension_level":7}}