{"host":"ssbj2e5691x5ub3h","time":1608755291,"event":{"mods":["BaseMod","Duelist Mod","Minty Spire (QoL Compilation)","StSLib"],"gold_per_floor":[14,28,28,49,70,111,111,135,161,161,186,186,201,234,234,362,362,375,475,491,514,528,528,563,563,588,613,627,627,637,637,637,737,737,755,744,744,744],"floor_reached":37,"playtime":2234,"items_purged":[],"score":541,"play_id":"fd100271-5d6c-4a81-b242-b2586c2307da","local_time":"20201223182811","is_ascension_mode":true,"campfire_choices":[{"data":"theDuelist:OrbMetronome","floor":7,"key":"SMITH"},{"data":"theDuelist:RareDragonMetronome","floor":10,"key":"SMITH"},{"floor":12,"key":"REST"},{"data":"theDuelist:RareMetronome","floor":15,"key":"SMITH"},{"data":"theDuelist:OrbMetronome","floor":23,"key":"SMITH"},{"floor":25,"key":"REST"},{"floor":32,"key":"REST"}],"circlet_count":0,"master_deck":["theDuelist:SkillMetronome","theDuelist:BlockMetronome","theDuelist:BlockMetronome","theDuelist:TrapMetronome","theDuelist:BlockMetronome","theDuelist:AttackMetronome","theDuelist:AttackMetronome","theDuelist:AttackMetronome","theDuelist:AttackMetronome","theDuelist:BlockMetronome","theDuelist:Metronome","theDuelist:Metronome","theDuelist:UncommonAttackMetronome","theDuelist:PowerMetronome","theDuelist:SkillMetronome","theDuelist:MegatypeMetronome","Injury","theDuelist:OrbMetronome+1","theDuelist:ShiranuiMetronome","theDuelist:RareDragonMetronome+1","theDuelist:RareMetronome+1","theDuelist:PotMetronome","theDuelist:LegendBlueEyesMetronome","theDuelist:ArcaneMonsterMetronome","theDuelist:CombatMetronome","theDuelist:Metronome+1","theDuelist:DragonMetronome","theDuelist:OrbMetronome+1","theDuelist:MegatypeMetronome+1","theDuelist:AncientMetronome","theDuelist:MagnetMetronome+1","theDuelist:UndeadMetronome","theDuelist:AttackMetronome+1","theDuelist:UncommonMetronome","theDuelist:DragonMetronome+1"],"relics":["theDuelist:MillenniumPuzzle","theDuelist:CardPoolRelic","theDuelist:CardPoolBasicRelic","theDuelist:BoosterPackPoolRelic","theDuelist:CardPoolAddRelic","theDuelist:CardPoolMinusRelic","theDuelist:CardPoolSaveRelic","theDuelist:CardPoolOptionsRelic","Calipers","Bloody Idol","Gambling Chip","Art of War","Omamori","Cursed Key","theDuelist:MillenniumCoin","PreservedInsect","Juzu Bracelet","Regal Pillow","Pandora\u0027s Box","theDuelist:NamelessPowerRelicA"],"acts_visited":["Exordium","TheCity","TheBeyond"],"potions_floor_usage":[6,11,14,16,21,30],"damage_taken":[{"damage":0,"enemies":"Jaw Worm","floor":1,"turns":2},{"damage":2,"enemies":"2 Louse","floor":2,"turns":2},{"damage":0,"enemies":"Small Slimes","floor":4,"turns":2},{"damage":13,"enemies":"Gremlin Gang","floor":5,"turns":5},{"damage":4,"enemies":"Lagavulin","floor":6,"turns":3},{"damage":0,"enemies":"Red Slaver","floor":8,"turns":2},{"damage":20,"enemies":"3 Louse","floor":11,"turns":3},{"damage":1,"enemies":"Looter","floor":13,"turns":3},{"damage":3,"enemies":"3 Sentries","floor":14,"turns":8},{"damage":52,"enemies":"Slime Boss","floor":16,"turns":11},{"damage":0,"enemies":"Chosen","floor":18,"turns":3},{"damage":3,"enemies":"Shell Parasite","floor":20,"turns":3},{"damage":11,"enemies":"Snake Plant","floor":21,"turns":3},{"damage":0,"enemies":"Sentry and Sphere","floor":22,"turns":3},{"damage":41,"enemies":"Slavers","floor":24,"turns":4},{"damage":0,"enemies":"Centurion and Healer","floor":27,"turns":5},{"damage":4,"enemies":"3 Cultists","floor":28,"turns":4},{"damage":1,"enemies":"Chosen and Byrds","floor":30,"turns":6},{"damage":63,"enemies":"Champ","floor":33,"turns":7},{"damage":16,"enemies":"3 Shapes","floor":35,"turns":3},{"damage":72,"enemies":"3 Darklings","floor":37,"turns":4}],"seed_played":"8664262110649289496","potions_obtained":[{"floor":2,"key":"Block Potion"},{"floor":4,"key":"theDuelist:SealedPackE"},{"floor":5,"key":"theDuelist:DebuffFuryPotion"},{"floor":8,"key":"Weak Potion"},{"floor":20,"key":"theDuelist:FlamingBottle"},{"floor":22,"key":"theDuelist:OrbBottle"},{"floor":28,"key":"Block Potion"}],"is_trial":false,"path_per_floor":["M","M","?","M","M","E","R","M","T","R","M","R","M","E","R","B",null,"M","?","M","M","M","R","E","R","T","M","M","?","M","?","R","B",null,"M","?","M"],"character_chosen":"THE_DUELIST","items_purchased":[],"campfire_rested":3,"item_purchase_floors":[],"current_hp_per_floor":[80,78,78,78,65,61,61,61,61,61,41,65,64,61,61,9,80,80,80,77,66,66,66,25,49,49,49,45,45,49,49,80,22,80,69,69,0,0],"gold":744,"neow_bonus":"ONE_RARE_RELIC","is_daily":false,"chose_seed":false,"campfire_upgraded":4,"win_rate":0.0,"timestamp":1608755291,"path_taken":["M","M","?","M","M","E","R","M","T","R","M","R","M","E","R","BOSS","M","?","M","M","M","R","E","R","T","M","M","?","M","?","R","BOSS","M","?","M"],"items_purchased_type":[],"build_version":"2020-12-22","purchased_purges":0,"victory":false,"max_hp_per_floor":[80,80,80,80,80,80,80,80,80,80,80,80,80,80,80,80,80,80,80,80,80,80,80,80,80,80,80,80,80,80,80,80,80,80,80,80,80,80],"card_choices":[{"not_picked":["theDuelist:SpellMetronome","theDuelist:MachineMetronome","theDuelist:CyberMetronome","theDuelist:AttackMetronome","theDuelist:ArcaneMetronome"],"picked":"SKIP","floor":1},{"not_picked":["theDuelist:OverflowMetronome","theDuelist:MachineMonsterMetronome","theDuelist:BlockSpellMetronome","theDuelist:AncientMetronome"],"picked":"theDuelist:MegatypeMetronome","floor":2},{"not_picked":["theDuelist:RoseMetronome","theDuelist:RarePowerMetronome","theDuelist:PlantMetronome","theDuelist:ArcaneSpellMetronome"],"picked":"theDuelist:OrbMetronome","floor":4},{"not_picked":["theDuelist:UncommonMetronome","theDuelist:RareSkillMetronome","theDuelist:PlantMetronome","theDuelist:CyberMetronome"],"picked":"theDuelist:ShiranuiMetronome","floor":5},{"not_picked":["theDuelist:WyrmMetronome","theDuelist:UncommonMetronome","theDuelist:OrbMetronome","theDuelist:DragonMetronome"],"picked":"theDuelist:RareDragonMetronome","floor":6},{"not_picked":["theDuelist:TrapMetronome","theDuelist:TokenMetronome","theDuelist:RareSkillMetronome","theDuelist:FiendMetronome"],"picked":"theDuelist:RareMetronome","floor":8},{"not_picked":["theDuelist:WyrmMetronome","theDuelist:TokenMetronome","theDuelist:RoseMetronome","theDuelist:CombatMetronome"],"picked":"theDuelist:PotMetronome","floor":11},{"not_picked":["theDuelist:TokenMetronome","theDuelist:MayakashiMetronome","theDuelist:LabyrinthNightmareMetronome","theDuelist:OjamaMetronome"],"picked":"theDuelist:LegendBlueEyesMetronome","floor":13},{"not_picked":["theDuelist:UncommonMetronome","theDuelist:ThalassicMetronome","theDuelist:RarePowerMetronome","theDuelist:ArcaneMetronome"],"picked":"theDuelist:ArcaneMonsterMetronome","floor":14},{"not_picked":["theDuelist:SuperheavyMetronome","theDuelist:SkillMetronome","theDuelist:MonsterMetronome","theDuelist:AttackMetronome"],"picked":"theDuelist:CombatMetronome","floor":16},{"not_picked":["theDuelist:RareSkillMetronome","theDuelist:CommonSpireMetronome","theDuelist:BlockMetronome","theDuelist:ArcaneSpellMetronome+1"],"picked":"theDuelist:Metronome+1","floor":18},{"not_picked":["theDuelist:SpellcasterMetronome","theDuelist:RareMonsterMetronome","theDuelist:GhostrickMetronome","theDuelist:AttackMetronome"],"picked":"theDuelist:DragonMetronome","floor":20},{"not_picked":["theDuelist:SpiderMetronome","theDuelist:SkillMetronome","theDuelist:PotMetronome","theDuelist:AncientMetronome"],"picked":"theDuelist:OrbMetronome","floor":21},{"not_picked":["theDuelist:WyrmMetronome","theDuelist:BlockSpellMetronome","theDuelist:AquaMetronome","theDuelist:AncientMetronome"],"picked":"theDuelist:MegatypeMetronome+1","floor":22},{"not_picked":["theDuelist:TokenMetronome","theDuelist:SpiderMetronome","theDuelist:NaturiaMetronome","theDuelist:BugMetronome"],"picked":"theDuelist:AncientMetronome","floor":24},{"not_picked":["theDuelist:UncommonAttackMetronome","theDuelist:SkillMetronome+1","theDuelist:ShiranuiMetronome","theDuelist:BugMetronome+1"],"picked":"theDuelist:MagnetMetronome+1","floor":27},{"not_picked":["theDuelist:TrapMetronome+1","theDuelist:MonsterMetronome","theDuelist:Metronome","theDuelist:MayakashiMetronome+1"],"picked":"theDuelist:UndeadMetronome","floor":28},{"not_picked":["theDuelist:UncommonMetronome","theDuelist:BugMetronome","theDuelist:AquaMetronome","theDuelist:AncientMetronome"],"picked":"theDuelist:AttackMetronome+1","floor":30},{"not_picked":["theDuelist:TrapMetronome","theDuelist:ThalassicMetronome","theDuelist:RockMetronome","theDuelist:NaturiaMetronome"],"picked":"theDuelist:UncommonMetronome","floor":33},{"not_picked":["theDuelist:WyrmMetronome","theDuelist:SpireMetronome","theDuelist:PredaplantMetronome","theDuelist:InsectMetronome"],"picked":"theDuelist:DragonMetronome+1","floor":35}],"player_experience":193414,"relics_obtained":[{"floor":6,"key":"Gambling Chip"},{"floor":9,"key":"Art of War"},{"floor":14,"key":"Omamori"},{"floor":24,"key":"PreservedInsect"},{"floor":26,"key":"Juzu Bracelet"}],"event_choices":[{"damage_healed":0,"gold_gain":0,"player_choice":"Take Wound","damage_taken":0,"relics_obtained":["Golden Idol"],"max_hp_gain":0,"max_hp_loss":0,"event_name":"Golden Idol","floor":3,"gold_loss":0,"cards_obtained":["Injury"]},{"damage_healed":0,"gold_gain":0,"player_choice":"Took item - Received: Millennium Coin","duelist":true,"damage_taken":0,"max_hp_gain":0,"max_hp_loss":0,"event_name":"Millennium Items","floor":19,"gold_loss":0},{"damage_healed":0,"gold_gain":0,"player_choice":"Gave Idol","damage_taken":0,"relics_obtained":["Bloody Idol"],"max_hp_gain":0,"max_hp_loss":0,"event_name":"Forgotten Altar","floor":29,"relics_lost":["Golden Idol"],"gold_loss":0},{"damage_healed":0,"gold_gain":0,"player_choice":"Gave Potion","damage_taken":0,"relics_obtained":["Regal Pillow"],"max_hp_gain":0,"max_hp_loss":0,"event_name":"WeMeetAgain","floor":31,"gold_loss":0},{"power_reward":2,"total_magic_score":97,"gold_gain":0,"duelist":true,"damage_taken":0,"relics_obtained":["theDuelist:NamelessPowerRelicA"],"points":6,"max_hp_gain":0,"max_hp_loss":0,"spent_points":{"magic":2,"greed":2,"war":0,"power":2,"hunger":0},"event_name":"Nameless Tomb","floor":36,"gold_loss":11,"cards_obtained":[]}],"is_beta":false,"boss_relics":[{"not_picked":["Runic Dome","theDuelist:ElectricKey"],"picked":"Cursed Key"},{"not_picked":["Empty Cage","Coffee Dripper"],"picked":"Pandora\u0027s Box"}],"items_purged_floors":[],"is_endless":false,"potions_floor_spawned":[2,4,5,8,20,22,28],"killed_by":"3 Darklings","ascension_level":3}}