{"host":"btj53a7qlsawl9sy","time":1608747531,"event":{"mods":["Act Like it!","BaseMod","Better Vampires","Colored Powertips","Gensokyo","Luminous","Marisa（F雨　魔理沙）","Marked Mod","Minty Spire (QoL Compilation)","Quick Restart","Reimu（博丽灵梦）","Relic Stats","Remilia（蕾米莉亚）","Replay The Spire","Spicy Shops","StSLib","The Administrix","The Hierophant","The Servant 0.9.4","Waifu the Spire","WarShipGirlsR/战舰少女R mod","Youmu（魂魄妖梦）","Yuyuko","vexMod","【东方二次创作】八云紫mod","【遗物卡牌】REMEMod"],"gold_per_floor":[114,129,144,162,177,205,223,223,223,223,240,240,259,288,288,386,386,403,416,436,436,454,454,454,465,518,518,535,535,535,549,549,644,644,657,707,280,299,316,316,335,335,404,404,404,476,571,618,663,678,678],"floor_reached":50,"playtime":1759,"items_purged":[],"score":514,"play_id":"4510342b-ef01-4b8d-be64-88dca23663c2","local_time":"20201224021851","is_ascension_mode":false,"campfire_choices":[{"floor":8,"key":"REST"},{"data":"REME_Flogging","floor":10,"key":"SMITH"},{"data":"LovePray:ReiMu","floor":12,"key":"SMITH"},{"floor":15,"key":"REST"},{"floor":23,"key":"REST"},{"floor":27,"key":"REST"},{"floor":29,"key":"REST"},{"floor":32,"key":"REST"},{"floor":40,"key":"REST"}],"circlet_count":0,"master_deck":["Strike_Lin:ReiMu+1","Strike_Lin:ReiMu","Strike_Lin:ReiMu","Defend_Lin:ReiMu","Defend_Lin:ReiMu","Defend_Lin:ReiMu","Defend_Lin:ReiMu","NB:ReiMu","Stagnation:ReiMu","REME_Flogging+1","OrbThrow:ReiMu","Intuition:ReiMu","AirStrike:ReiMu+1","SpreadBorder2:ReiMu","LovePray:ReiMu+1","OrbThrow:ReiMu","KamiSacrifice:ReiMu","KyokaiOfKami:ReiMu","Conquer:ReiMu","SpreadBorder2:ReiMu","CleanRite:ReiMu","RainPray2:ReiMu","SafetyPray:ReiMu","SpringWay:ReiMu","FoulBorder2:ReiMu","PhosphorusFlame:ReiMu+1","RainPray2:ReiMu+1","KamiRite:ReiMu","Apotheosis","YinYangSange:ReiMu","DependentForm:ReiMu","AlertArray:ReiMu+1","Hallucinations","AlertArray:ReiMu+1","SafetyPray:ReiMu+1","SafetyPray:ReiMu+1","Envy_TH","Delirium","Conquer:ReiMu+1","DoubleButterfly:ReiMu+1","InherentArray:ReiMu+1","ReplayTheSpireMod:Doomed"],"relics":["FlyPower:ReiMu","REME_ComplimentaryCards","MealTicket","Pantograph","Whetstone","ChewingGum","MutagenicStrength","Tiny Chest","DonationBox:ReiMu","Ring of Greed","ReplayTheSpireMod:Ring of Exchange","MawBank","Replay:Wax Seal","Salt:ReiMu","RuthlessExorcism:ReiMu","Gremlin Horn","REME_ArchaeologicalTools"],"acts_visited":["Exordium","TheCity","TheBeyond"],"potions_floor_usage":[6,11,11,22,31,49],"damage_taken":[{"damage":10,"enemies":"Cultist","floor":1,"turns":7},{"damage":0,"enemies":"Jaw Worm","floor":2,"turns":4},{"damage":0,"enemies":"2 Louse","floor":3,"turns":3},{"damage":0,"enemies":"2 Fungi Beasts","floor":4,"turns":3},{"damage":3,"enemies":"Blue Slaver","floor":5,"turns":4},{"damage":19,"enemies":"Lagavulin","floor":6,"turns":8},{"damage":0,"enemies":"Looter","floor":7,"turns":3},{"damage":5,"enemies":"Lots of Slimes","floor":11,"turns":2},{"damage":0,"enemies":"Blue Slaver","floor":13,"turns":2},{"damage":8,"enemies":"Gremlin Nob","floor":14,"turns":3},{"damage":22,"enemies":"The Guardian","floor":16,"turns":9},{"damage":15,"enemies":"2 Thieves","floor":18,"turns":3},{"damage":13,"enemies":"Shell Parasite","floor":19,"turns":5},{"damage":22,"enemies":"Centurion and Healer","floor":20,"turns":6},{"damage":10,"enemies":"Shelled Parasite and Fungi","floor":22,"turns":5},{"damage":4,"enemies":"Snecko","floor":25,"turns":5},{"damage":6,"enemies":"Snake Plant","floor":28,"turns":4},{"damage":27,"enemies":"Shelled Parasite and Fungi","floor":31,"turns":5},{"damage":8,"enemies":"Champ","floor":33,"turns":9},{"damage":0,"enemies":"Orb Walker","floor":35,"turns":3},{"damage":14,"enemies":"3 Darklings","floor":38,"turns":7},{"damage":31,"enemies":"Writhing Mass","floor":39,"turns":6},{"damage":6,"enemies":"Transient","floor":41,"turns":5},{"damage":10,"enemies":"Maw","floor":47,"turns":5},{"damage":5,"enemies":"Spire Growth","floor":48,"turns":6},{"damage":30,"enemies":"4 Shapes","floor":49,"turns":6},{"damage":19,"enemies":"Giant Head","floor":50,"turns":5}],"seed_played":"-3520123490779520974","potions_obtained":[{"floor":2,"key":"Block Potion"},{"floor":4,"key":"BottledKami:ReiMu"},{"floor":6,"key":"ColorlessPotion"},{"floor":7,"key":"GamblersBrew"},{"floor":11,"key":"ZuzhouPotion:ReiMu"},{"floor":16,"key":"FairyPotion"},{"floor":20,"key":"Adrenaline Potion"},{"floor":25,"key":"LiquidMemories"},{"floor":38,"key":"SkillPotion"}],"is_trial":false,"path_per_floor":["M","M","M","M","M","E","M","R","T","R","M","R","M","E","R","B",null,"M","M","M","?","M","R","?","M","T","R","M","R","?","M","R","B",null,"M","?","$","M","M","R","M","?","T","PTL","PTL","T","M","M","M","E"],"character_chosen":"REIMU","items_purchased":["Salt:ReiMu","RuthlessExorcism:ReiMu"],"campfire_rested":7,"item_purchase_floors":[37,37],"current_hp_per_floor":[55,55,55,55,52,33,33,52,52,52,47,47,47,39,58,43,65,50,37,15,15,5,24,24,20,20,39,33,52,52,25,44,57,65,65,65,65,51,20,39,33,39,39,39,39,39,29,24,19,0,0],"gold":678,"neow_bonus":"RANDOM_COMMON_RELIC","is_daily":false,"chose_seed":false,"campfire_upgraded":2,"win_rate":0.0,"timestamp":1608747531,"path_taken":["M","M","M","?","M","E","?","R","T","R","M","R","M","E","R","BOSS","M","M","M","?","?","R","?","M","T","R","M","R","?","M","R","BOSS","M","?","$","M","M","R","M","?","T","PTL","PTL","?","M","M","?","E"],"items_purchased_type":["Relic","Relic"],"build_version":"2020-12-22","purchased_purges":0,"victory":false,"max_hp_per_floor":[65,65,65,65,65,65,65,65,65,65,65,65,65,65,65,65,65,65,65,65,65,65,65,65,65,65,65,65,65,65,65,65,65,65,65,65,65,65,65,65,65,65,65,65,65,65,65,65,65,65,65],"relic_stats":{"Gremlin Horn":[3,3],"counters":[27,133],"Pantograph":28,"MealTicket":0,"Tiny Chest":1,"Whetstone":["AirStrike:ReiMu","Strike_Lin:ReiMu"],"MawBank":12,"obtain_stats":[{"ReplayTheSpireMod:Ring of Exchange":36,"Salt:ReiMu":37,"Gremlin Horn":43,"Whetstone":14,"Ring of Greed":36,"MawBank":36,"Pantograph":6,"MutagenicStrength":24,"MealTicket":0,"ChewingGum":17,"Tiny Chest":26,"REME_ArchaeologicalTools":46,"Replay:Wax Seal":36,"FlyPower:ReiMu":0,"REME_ComplimentaryCards":0,"DonationBox:ReiMu":34,"RuthlessExorcism:ReiMu":37},{"ReplayTheSpireMod:Ring of Exchange":20,"Salt:ReiMu":20,"Gremlin Horn":23,"Whetstone":10,"Ring of Greed":20,"MawBank":20,"Pantograph":6,"MutagenicStrength":15,"MealTicket":0,"ChewingGum":11,"Tiny Chest":16,"REME_ArchaeologicalTools":23,"Replay:Wax Seal":20,"FlyPower:ReiMu":0,"REME_ComplimentaryCards":0,"DonationBox:ReiMu":19,"RuthlessExorcism:ReiMu":20},{"ReplayTheSpireMod:Ring of Exchange":93,"Salt:ReiMu":93,"Gremlin Horn":111,"Whetstone":39,"Ring of Greed":93,"MawBank":93,"Pantograph":29,"MutagenicStrength":67,"MealTicket":0,"ChewingGum":48,"Tiny Chest":72,"REME_ArchaeologicalTools":111,"Replay:Wax Seal":93,"FlyPower:ReiMu":0,"REME_ComplimentaryCards":0,"DonationBox:ReiMu":90,"RuthlessExorcism:ReiMu":93}]},"card_choices":[{"not_picked":["Amulet:ReiMu","Mountainwind:ReiMu"],"picked":"OrbThrow:ReiMu","floor":1},{"not_picked":["Enchanting:ReiMu","TakeOff:ReiMu"],"picked":"Intuition:ReiMu","floor":2},{"not_picked":["DoubleButterfly:ReiMu","Intuition:ReiMu"],"picked":"AirStrike:ReiMu","floor":3},{"not_picked":["Free:ReiMu","AlertArray:ReiMu"],"picked":"SpreadBorder2:ReiMu","floor":4},{"not_picked":["Meditation:ReiMu","OrbThrow:ReiMu"],"picked":"LovePray:ReiMu","floor":5},{"not_picked":["EmergencyTakeOff:ReiMu","CollectionFlower2:ReiMu"],"picked":"OrbThrow:ReiMu","floor":6},{"not_picked":["Intuition:ReiMu","MountainWay:ReiMu"],"picked":"KamiSacrifice:ReiMu","floor":7},{"not_picked":["ShadowOfCrow2:ReiMu","SubcavityInstant:ReiMu"],"picked":"KyokaiOfKami:ReiMu","floor":11},{"not_picked":["DoubleButterfly:ReiMu","LearningPray:ReiMu"],"picked":"Conquer:ReiMu","floor":13},{"not_picked":["SubcavityInstant:ReiMu","SubAcupoint:ReiMu"],"picked":"SpreadBorder2:ReiMu","floor":14},{"not_picked":["Determination:ReiMu","SubcavityFantasy:ReiMu"],"picked":"CleanRite:ReiMu","floor":16},{"not_picked":["Enchanting:ReiMu","EmergencyTakeOff:ReiMu+1"],"picked":"RainPray2:ReiMu","floor":18},{"not_picked":["HakureiPhantom:ReiMu","SubcavityInstant:ReiMu+1"],"picked":"SafetyPray:ReiMu","floor":19},{"not_picked":["RainPray2:ReiMu+1","SealNeedle:ReiMu"],"picked":"SpringWay:ReiMu","floor":20},{"not_picked":["Enchanting:ReiMu","SubAcupoint:ReiMu"],"picked":"PhosphorusFlame:ReiMu+1","floor":22},{"not_picked":["SubAcupoint:ReiMu","ShadowOfCrow2:ReiMu"],"picked":"RainPray2:ReiMu+1","floor":25},{"not_picked":["SpringWay:ReiMu","YinYangSign:ReiMu"],"picked":"KamiRite:ReiMu","floor":28},{"not_picked":["SubcavityInstant:ReiMu","OrbThrow:ReiMu"],"picked":"YinYangSange:ReiMu","floor":31},{"not_picked":["PrayRite:ReiMu","Free:ReiMu"],"picked":"DependentForm:ReiMu","floor":33},{"not_picked":["WonderfulDomain:ReiMu+1","MountainWay:ReiMu"],"picked":"AlertArray:ReiMu+1","floor":35},{"not_picked":["SubcavityInstant:ReiMu+1","Amulet:ReiMu"],"picked":"AlertArray:ReiMu+1","floor":38},{"not_picked":["AirManeuver:ReiMu","CareerPray:ReiMu+1"],"picked":"SafetyPray:ReiMu+1","floor":39},{"not_picked":["SpringWay:ReiMu+1","Enchanting:ReiMu"],"picked":"SafetyPray:ReiMu+1","floor":41},{"not_picked":["Meditation:ReiMu","ManaGlint:ReiMu+1"],"picked":"Conquer:ReiMu+1","floor":47},{"not_picked":["KyokaiOfKami:ReiMu","SubAcupoint:ReiMu+1"],"picked":"DoubleButterfly:ReiMu+1","floor":48},{"not_picked":["FoulBorder2:ReiMu","CareerPray:ReiMu"],"picked":"InherentArray:ReiMu+1","floor":49}],"player_experience":118566,"relics_obtained":[{"floor":6,"key":"Pantograph"},{"floor":14,"key":"Whetstone"},{"floor":26,"key":"Tiny Chest"},{"floor":36,"key":"Ring of Greed"},{"floor":36,"key":"ReplayTheSpireMod:Ring of Exchange"},{"floor":36,"key":"MawBank"},{"floor":36,"key":"Replay:Wax Seal"},{"floor":43,"key":"Gremlin Horn"},{"floor":46,"key":"REME_ArchaeologicalTools"}],"event_choices":[{"damage_healed":0,"gold_gain":0,"cards_transformed":["Strike_Lin:ReiMu"],"player_choice":"Transformed","damage_taken":0,"max_hp_gain":0,"max_hp_loss":0,"event_name":"Transmorgrifier","floor":21,"gold_loss":0,"cards_obtained":["FoulBorder2:ReiMu"]},{"damage_healed":0,"gold_gain":0,"player_choice":"Inject Mutagens","damage_taken":0,"relics_obtained":["MutagenicStrength"],"max_hp_gain":0,"max_hp_loss":0,"event_name":"Drug Dealer","floor":24,"gold_loss":0}],"is_beta":false,"boss_relics":[{"not_picked":["SlaversCollar","Kintsugi"],"picked":"ChewingGum"},{"not_picked":["ShineYinYang:ReiMu","vexMod:MysteryBossChallenge"],"picked":"DonationBox:ReiMu"}],"items_purged_floors":[],"is_endless":false,"potions_floor_spawned":[2,4,6,7,11,16,18,20,25,38,47],"killed_by":"Giant Head","ascension_level":0}}