{"host":"pf5oese4ka0eje7d","time":1608740681,"event":{"mods":["AchievementEnabler","BaseMod","Colored Map","Minty Spire (QoL Compilation)","StSLib","SuperFastMode"],"gold_per_floor":[111,111,89,105,123,123,148,148,148,148,176,187,187,222,222,324,324,337,337,337],"floor_reached":19,"playtime":443,"items_purged":[],"score":280,"play_id":"688298be-c877-4665-a65a-0ab634e80949","local_time":"20201223172441","is_ascension_mode":true,"campfire_choices":[{"data":"Perfected Strike","floor":6,"key":"SMITH"},{"data":"Armaments","floor":8,"key":"SMITH"},{"data":"Bash","floor":10,"key":"SMITH"},{"floor":15,"key":"REST"}],"circlet_count":0,"master_deck":["Strike_R","Strike_R+1","Strike_R","Strike_R","Strike_R","Defend_R+1","Defend_R","Defend_R","Bash+1","Perfected Strike+1","Armaments+1","Twin Strike","Disarm","Disarm","Twin Strike","Exhume","Flex"],"relics":["Burning Blood","Centennial Puzzle","Shuriken","Bottled Flame","Odd Mushroom","Art of War","SlaversCollar"],"acts_visited":["Exordium","TheCity"],"potions_floor_usage":[7,16,16],"damage_taken":[{"damage":2,"enemies":"2 Louse","floor":1,"turns":3},{"damage":1,"enemies":"Cultist","floor":4,"turns":3},{"damage":5,"enemies":"Small Slimes","floor":5,"turns":3},{"damage":0,"enemies":"Gremlin Nob","floor":7,"turns":2},{"damage":15,"enemies":"The Mushroom Lair","floor":11,"turns":4},{"damage":9,"enemies":"Looter","floor":12,"turns":2},{"damage":32,"enemies":"3 Sentries","floor":14,"turns":8},{"damage":31,"enemies":"Hexaghost","floor":16,"turns":12},{"damage":27,"enemies":"2 Thieves","floor":18,"turns":5},{"damage":52,"enemies":"Masked Bandits","floor":19,"turns":3}],"seed_played":"4364644961233798420","potions_obtained":[{"floor":4,"key":"Ancient Potion"},{"floor":5,"key":"SteroidPotion"},{"floor":12,"key":"Ancient Potion"},{"floor":14,"key":"Regen Potion"},{"floor":16,"key":"SmokeBomb"}],"is_trial":false,"path_per_floor":["M","?","$","M","M","R","E","R","T","R","?","M","?","E","R","B",null,"M","?"],"character_chosen":"IRONCLAD","items_purchased":["Armaments"],"campfire_rested":1,"item_purchase_floors":[3],"current_hp_per_floor":[76,76,76,80,80,80,80,80,80,80,71,68,52,26,50,40,70,49,0,0],"gold":337,"neow_bonus":"RANDOM_COMMON_RELIC","is_daily":false,"chose_seed":false,"campfire_upgraded":3,"win_rate":0.0,"timestamp":1608740681,"path_taken":["M","?","$","?","?","R","E","R","T","R","?","M","?","E","R","BOSS","M","?"],"items_purchased_type":["Card"],"build_version":"2020-12-22","purchased_purges":0,"victory":false,"max_hp_per_floor":[80,80,80,80,80,80,80,80,80,80,80,80,80,80,80,80,80,80,80,80],"card_choices":[{"not_picked":["Wild Strike","Clothesline"],"picked":"Perfected Strike","floor":1},{"not_picked":["True Grit","Blood for Blood","Entrench"],"picked":"SKIP","floor":4},{"not_picked":["Flex","Intimidate"],"picked":"Twin Strike","floor":5},{"not_picked":["Rage","Heavy Blade","Havoc"],"picked":"SKIP","floor":7},{"not_picked":["Heavy Blade","Dark Embrace"],"picked":"Disarm","floor":11},{"not_picked":["True Grit","Sword Boomerang"],"picked":"Disarm","floor":12},{"not_picked":["Offering","Havoc"],"picked":"Twin Strike","floor":14},{"not_picked":["Bludgeon","Immolate"],"picked":"Exhume","floor":16},{"not_picked":["Blood for Blood","Dropkick"],"picked":"Flex","floor":18}],"player_experience":307490,"relics_obtained":[{"floor":7,"key":"Shuriken"},{"floor":9,"key":"Bottled Flame"},{"floor":11,"key":"Odd Mushroom"},{"floor":14,"key":"Art of War"}],"event_choices":[{"cards_removed":["Defend_R"],"damage_healed":0,"gold_gain":0,"player_choice":"Purged","damage_taken":0,"max_hp_gain":0,"max_hp_loss":0,"event_name":"Purifier","floor":2,"gold_loss":0},{"damage_healed":0,"gold_gain":0,"player_choice":"Fought Mushrooms","damage_taken":0,"max_hp_gain":0,"max_hp_loss":0,"event_name":"Mushrooms","floor":11,"gold_loss":0},{"damage_healed":0,"gold_gain":0,"player_choice":"Entered Light","damage_taken":16,"max_hp_gain":0,"max_hp_loss":0,"event_name":"Shining Light","floor":13,"gold_loss":0,"cards_upgraded":["Defend_R","Strike_R"]},{"damage_healed":0,"gold_gain":0,"player_choice":"Fought Bandits","damage_taken":0,"max_hp_gain":0,"max_hp_loss":0,"event_name":"Masked Bandits","floor":19,"gold_loss":0}],"is_beta":false,"boss_relics":[{"not_picked":["Calling Bell","Runic Dome"],"picked":"SlaversCollar"}],"items_purged_floors":[],"is_endless":false,"potions_floor_spawned":[4,5,12,14,16],"killed_by":"Masked Bandits","ascension_level":8}}