{"host":"uua02xqorlefedoe","time":1608763693,"event":{"mods":["AchievementEnabler","BaseMod","Bestiary","Colored Map","DeckTracker","Googly Eyes","Minty Spire (QoL Compilation)","Quick Restart","StSLib"],"gold_per_floor":[116,191,28,28,45,74,74,102,102,112,112,112,122,149,149,249,249,264,264,280,300,317,347,371,415,427,459,506,518,545,557,569,677,689,719,786,798,810,515,544,544,569,569,569,585,618,634,653,653,653,653,653,2,34,34],"floor_reached":56,"playtime":6471,"items_purged":["Defend_B","Defend_B"],"score":1869,"play_id":"69b45fb7-2290-4fbd-b9a6-b3d62456eb10","local_time":"20201223224813","is_ascension_mode":true,"campfire_choices":[{"data":"Apotheosis","floor":7.0,"key":"SMITH"},{"floor":11.0,"key":"REST"},{"data":"Self Repair","floor":15.0,"key":"SMITH"},{"data":"Capacitor","floor":32.0,"key":"SMITH"},{"data":"Buffer","floor":41.0,"key":"SMITH"},{"data":"Zap","floor":44.0,"key":"SMITH"},{"floor":49.0,"key":"RECALL"},{"data":"Seek","floor":52.0,"key":"SMITH"}],"circlet_count":0,"master_deck":["Strike_B+1","Zap+1","Dualcast","Compile Driver","Apotheosis+1","Coolheaded","Sweeping Beam+1","Static Discharge+1","Self Repair+1","BootSequence","Conserve Battery","Buffer+1","Hologram","Amplify","Coolheaded","Loop+1","Capacitor+1","Coolheaded","Core Surge","Buffer+1","Glacier","Electrodynamics","Hello World+1","Coolheaded+1","Leap+1","Defragment+1","Self Repair","White Noise+1","Decay","Aggregate+1","Seek+1","Coolheaded+1","Streamline","Defragment","Master of Strategy","Ball Lightning","Skim"],"relics":["Cracked Core","Question Card","Ornamental Fan","Bird Faced Urn","Gremlin Horn","Cursed Key","Nloth\u0027s Gift","MawBank","Whetstone","CaptainsWheel","Astrolabe","Thread and Needle","Centennial Puzzle","Pen Nib","Dream Catcher","PreservedInsect","Lee\u0027s Waffle","Pantograph"],"acts_visited":["Exordium","TheCity","TheBeyond","TheEnding"],"potions_floor_usage":[55,55,55,55],"damage_taken":[{"damage":0.0,"enemies":"2 Louse","floor":1.0,"turns":2.0},{"damage":4.0,"enemies":"Jaw Worm","floor":5.0,"turns":3.0},{"damage":20.0,"enemies":"Gremlin Nob","floor":6.0,"turns":4.0},{"damage":16.0,"enemies":"3 Sentries","floor":8.0,"turns":5.0},{"damage":0.0,"enemies":"Cultist","floor":10.0,"turns":3.0},{"damage":12.0,"enemies":"Red Slaver","floor":13.0,"turns":4.0},{"damage":0.0,"enemies":"Lagavulin","floor":14.0,"turns":7.0},{"damage":35.0,"enemies":"Hexaghost","floor":16.0,"turns":5.0},{"damage":6.0,"enemies":"Shell Parasite","floor":18.0,"turns":4.0},{"damage":8.0,"enemies":"Chosen","floor":20.0,"turns":6.0},{"damage":35.0,"enemies":"3 Cultists","floor":21.0,"turns":5.0},{"damage":27.0,"enemies":"Snecko","floor":22.0,"turns":5.0},{"damage":29.0,"enemies":"Slavers","floor":23.0,"turns":3.0},{"damage":5.0,"enemies":"Centurion and Healer","floor":24.0,"turns":6.0},{"damage":46.0,"enemies":"Book of Stabbing","floor":25.0,"turns":6.0},{"damage":7.0,"enemies":"Shelled Parasite and Fungi","floor":27.0,"turns":6.0},{"damage":23.0,"enemies":"Gremlin Leader","floor":28.0,"turns":6.0},{"damage":0.0,"enemies":"Cultist and Chosen","floor":30.0,"turns":9.0},{"damage":32.0,"enemies":"Champ","floor":33.0,"turns":18.0},{"damage":1.0,"enemies":"Orb Walker","floor":35.0,"turns":6.0},{"damage":52.0,"enemies":"2 Orb Walkers","floor":36.0,"turns":6.0},{"damage":0.0,"enemies":"Giant Head","floor":40.0,"turns":11.0},{"damage":3.0,"enemies":"Nemesis","floor":42.0,"turns":11.0},{"damage":0.0,"enemies":"3 Shapes","floor":45.0,"turns":4.0},{"damage":0.0,"enemies":"Giant Head","floor":46.0,"turns":9.0},{"damage":3.0,"enemies":"3 Darklings","floor":47.0,"turns":7.0},{"damage":0.0,"enemies":"Maw","floor":48.0,"turns":10.0},{"damage":76.0,"enemies":"Awakened One","floor":50.0,"turns":16.0},{"damage":22,"enemies":"Shield and Spear","floor":54,"turns":4},{"damage":45,"enemies":"The Heart","floor":55,"turns":9}],"seed_played":"5778294890769244871","potions_obtained":[{"floor":1.0,"key":"Dexterity Potion"},{"floor":5.0,"key":"EssenceOfDarkness"},{"floor":16.0,"key":"ColorlessPotion"},{"floor":18.0,"key":"FairyPotion"},{"floor":30.0,"key":"Ancient Potion"}],"is_trial":false,"path_per_floor":["M","?","$","?","M","E","R","E","T","M","R","?","M","E","R","B",null,"M","?","M","M","M","E","M","E","T","M","E","?","M","$","R","B",null,"M","?","?","?","$","E","R","E","T","R","M","E","M","M","R","B",null,"R","$","E","B",null],"character_chosen":"DEFECT","items_purchased":["Apotheosis","Centennial Puzzle","Self Repair","Defragment","Master of Strategy","EntropicBrew","Lee\u0027s Waffle","Ball Lightning"],"campfire_rested":1,"item_purchase_floors":[3,39,39,53,53,53,53,53],"current_hp_per_floor":[68,57,57,50,46,26,26,10,10,12,32,32,31,45,45,24,57,67,67,68,61,60,49,66,40,40,55,52,40,66,66,66,57,69,73,39,39,39,39,73,73,73,73,73,73,73,73,73,73,73,73,73,80,80,65],"gold":34,"neow_bonus":"REMOVE_TWO","is_daily":false,"chose_seed":false,"campfire_upgraded":6,"win_rate":0.0,"timestamp":1608763693,"path_taken":["M","?","$","?","M","E","R","E","T","?","R","?","?","E","R","BOSS","BOSS","M","?","M","M","?","E","M","E","T","M","E","?","M","$","R","BOSS","M","?","?","?","$","E","R","E","T","R","M","E","?","M","R","BOSS","R","$","E","BOSS"],"items_purchased_type":["Card","Relic","Card","Card","Card","Potion","Relic","Card"],"build_version":"2020-12-22","purchased_purges":2,"victory":true,"max_hp_per_floor":[68,68,68,68,68,68,68,68,68,68,68,68,68,68,68,68,68,68,68,68,68,68,68,68,68,68,68,68,73,73,73,73,73,73,73,73,73,73,73,73,73,73,73,73,73,73,73,73,73,73,73,73,80,80,80],"card_choices":[{"not_picked":["Stack","Fusion"],"picked":"Compile Driver","floor":1.0},{"not_picked":["Self Repair","Consume","Double Energy"],"picked":"Coolheaded","floor":5.0},{"not_picked":["Double Energy","Go for the Eyes","Chill"],"picked":"Sweeping Beam","floor":6.0},{"not_picked":["Go for the Eyes","Storm","Rebound"],"picked":"Static Discharge","floor":8.0},{"not_picked":["Ball Lightning","Coolheaded","Auto Shields"],"picked":"Self Repair","floor":10.0},{"not_picked":["Leap","Streamline","Conserve Battery"],"picked":"BootSequence","floor":13.0},{"not_picked":["Gash","Sunder","Streamline"],"picked":"Conserve Battery","floor":14.0},{"not_picked":["Core Surge","Rainbow","Hyperbeam"],"picked":"Buffer","floor":16.0},{"not_picked":["Turbo+1","Cold Snap","Hello World+1"],"picked":"Hologram","floor":18.0},{"not_picked":["Chill","Rebound","Leap"],"picked":"Amplify","floor":20.0},{"not_picked":["Consume","Sunder","Rebound"],"picked":"Coolheaded","floor":21.0},{"not_picked":["Rebound+1","Redo+1","Barrage+1"],"picked":"Loop+1","floor":22.0},{"not_picked":["Reprogram","Doom and Gloom","Compile Driver"],"picked":"Capacitor","floor":23.0},{"not_picked":["Leap","Streamline","Blizzard"],"picked":"Coolheaded","floor":24.0},{"not_picked":["Barrage","All For One","Meteor Strike"],"picked":"Core Surge","floor":25.0},{"not_picked":["Ball Lightning","All For One","Rebound","Stack"],"picked":"SKIP","floor":27.0},{"not_picked":["Amplify","Fission","Sweeping Beam+1"],"picked":"Buffer","floor":28.0},{"not_picked":["Conserve Battery","Leap","Streamline"],"picked":"Glacier","floor":30.0},{"not_picked":["Multi-Cast","Machine Learning","Meteor Strike"],"picked":"Electrodynamics","floor":33.0},{"not_picked":["Scrape","Genetic Algorithm","Leap+1","Coolheaded"],"picked":"SKIP","floor":35.0},{"not_picked":["Streamline","Amplify","Turbo+1"],"picked":"Defragment+1","floor":36.0},{"not_picked":["Streamline","Scrape","Go for the Eyes+1"],"picked":"White Noise+1","floor":40.0},{"not_picked":["Meteor Strike","Melter","Auto Shields","Sweeping Beam+1"],"picked":"SKIP","floor":42.0},{"not_picked":["Steam","Cold Snap+1","Stack"],"picked":"Aggregate+1","floor":45.0},{"not_picked":["Steam","Rainbow","Compile Driver"],"picked":"Seek","floor":46.0},{"not_picked":["Stack+1","Melter","Hello World"],"picked":"Coolheaded+1","floor":47.0},{"not_picked":["Leap","Sweeping Beam+1","Self Repair"],"picked":"Streamline","floor":48.0},{"not_picked":["Gash+1","Hello World+1","Redo"],"picked":"Skim","floor":54}],"player_experience":485560,"relics_obtained":[{"floor":6.0,"key":"Ornamental Fan"},{"floor":8.0,"key":"Bird Faced Urn"},{"floor":9.0,"key":"Gremlin Horn"},{"floor":14.0,"key":"Bag of Preparation"},{"floor":23.0,"key":"MawBank"},{"floor":25.0,"key":"Whetstone"},{"floor":28.0,"key":"CaptainsWheel"},{"floor":36.0,"key":"Thread and Needle"},{"floor":40.0,"key":"Pen Nib"},{"floor":42.0,"key":"Dream Catcher"},{"floor":46.0,"key":"PreservedInsect"},{"floor":54,"key":"Pantograph"}],"event_choices":[{"damage_healed":0.0,"max_hp_gain":0.0,"max_hp_loss":0.0,"gold_gain":75.0,"event_name":"World of Goop","player_choice":"Gather Gold","floor":2.0,"gold_loss":0.0,"damage_taken":11.0},{"damage_healed":0.0,"max_hp_gain":0.0,"max_hp_loss":0.0,"gold_gain":0.0,"event_name":"Scrap Ooze","player_choice":"Success","floor":4.0,"gold_loss":0.0,"damage_taken":7.0,"relics_obtained":["Question Card"]},{"damage_healed":0.0,"max_hp_gain":0.0,"max_hp_loss":0.0,"gold_gain":0.0,"event_name":"Upgrade Shrine","player_choice":"Upgraded","floor":12.0,"gold_loss":0.0,"damage_taken":0.0,"cards_upgraded":["Static Discharge"]},{"damage_healed":0.0,"max_hp_gain":0.0,"max_hp_loss":0.0,"gold_gain":0.0,"event_name":"N\u0027loth","player_choice":"Traded Relic","floor":19.0,"relics_lost":["Bag of Preparation"],"gold_loss":0.0,"damage_taken":0.0,"relics_obtained":["Nloth\u0027s Gift"]},{"damage_healed":0.0,"max_hp_gain":5.0,"max_hp_loss":0.0,"gold_gain":0.0,"event_name":"Forgotten Altar","player_choice":"Shed Blood","floor":29.0,"gold_loss":0.0,"damage_taken":17.0},{"damage_healed":0.0,"max_hp_gain":0.0,"max_hp_loss":0.0,"gold_gain":0.0,"event_name":"Mysterious Sphere","player_choice":"Fight","floor":36.0,"gold_loss":0.0,"damage_taken":0.0},{"damage_healed":0.0,"max_hp_gain":0.0,"max_hp_loss":0.0,"gold_gain":0.0,"event_name":"Tomb of Lord Red Mask","player_choice":"Ignored","floor":37.0,"gold_loss":0.0,"damage_taken":0.0},{"damage_healed":0.0,"max_hp_gain":0.0,"max_hp_loss":0.0,"gold_gain":0.0,"event_name":"Upgrade Shrine","player_choice":"Upgraded","floor":38.0,"gold_loss":0.0,"damage_taken":0.0,"cards_upgraded":["Buffer"]}],"is_beta":false,"boss_relics":[{"not_picked":["Fusion Hammer","Ectoplasm"],"picked":"Cursed Key"},{"not_picked":["Pandora\u0027s Box","Calling Bell"],"picked":"Astrolabe"}],"items_purged_floors":[39,53],"is_endless":false,"potions_floor_spawned":[1,5,16,18,21,24,28,30,35,42,47],"ascension_level":9}}