{"host":"3zmyosrb19tilrsv","time":1608701001,"event":{"mods":["AchievementEnabler","BaseMod","Better Third Choice","Colored Powertips","Marisa????????","Minty Spire (QoL Compilation)","Permanent Neow","StSLib","The Cursed","The Disciple","The Jungle","The Runesmith"],"gold_per_floor":[15,32,46,46,60,93,93,109,109,135,150,168,168,185,185,283,283,300,300,300,379,394,394,426,444,444,454,470,470,76,93,93,196,196,209,209,209],"floor_reached":36,"playtime":3810,"items_purged":["Runesmith:Strike_RS"],"score":400,"play_id":"dd101628-ad1b-4c24-8b5f-87e76288e921","local_time":"20201222212321","is_ascension_mode":false,"campfire_choices":[{"floor":13,"key":"REST"},{"floor":15,"key":"REST"},{"floor":23,"key":"DIG"},{"floor":29,"key":"REST"},{"floor":32,"key":"REST"}],"circlet_count":0,"master_deck":["Runesmith:Strike_RS","Runesmith:Strike_RS","Runesmith:Defend_RS","Runesmith:Defend_RS","Runesmith:CraftFirestone","Runesmith:Fortify","Runesmith:HeatedChisel","Runesmith:HammerThrow","Runesmith:UnstableHammer","Runesmith:Discharge","Runesmith:CraftMagma","Runesmith:BackupBattery","Runesmith:Augment+1","Runesmith:StaticCage","Runesmith:Grindstone","Runesmith:ChiselStab","Runesmith:HeatedChisel","Runesmith:UnstableHammer","Runesmith:EnergizedChisel","Runesmith:CraftMagma","Runesmith:EarthShield","Runesmith:ChiselStab","Runesmith:MetallurgicalResearch","Runesmith:HammerThrow+1"],"relics":["Runesmith:BrokenRuby","Gambling Chip","Mercury Hourglass","Lantern","Sozu","Shovel","Runesmith:Nanobots","Meat on the Bone","StoneCalendar","Darkstone Periapt","Runesmith:Locket","SlaversCollar"],"acts_visited":["Exordium","Exordium","TheBeyond"],"potions_floor_usage":[6,16,16,16],"damage_taken":[{"damage":0,"enemies":"Small Slimes","floor":1,"turns":4},{"damage":0,"enemies":"Cultist","floor":2,"turns":4},{"damage":0,"enemies":"Jaw Worm","floor":3,"turns":3},{"damage":11,"enemies":"2 Fungi Beasts","floor":5,"turns":3},{"damage":22,"enemies":"Gremlin Nob","floor":6,"turns":4},{"damage":0,"enemies":"Looter","floor":8,"turns":2},{"damage":4,"enemies":"Lagavulin","floor":10,"turns":6},{"damage":3,"enemies":"Exordium Wildlife","floor":11,"turns":5},{"damage":7,"enemies":"Blue Slaver","floor":12,"turns":4},{"damage":9,"enemies":"Lots of Slimes","floor":14,"turns":3},{"damage":15,"enemies":"Hexaghost","floor":16,"turns":9},{"damage":8,"enemies":"theJungle:Flameango_and_Byrd","floor":18,"turns":5},{"damage":0,"enemies":"theJungle:5_Spyders","floor":22,"turns":6},{"damage":26,"enemies":"theJungle:Cassacara","floor":24,"turns":6},{"damage":1,"enemies":"theJungle:2_Flameangoes","floor":25,"turns":5},{"damage":15,"enemies":"theJungle:JungleHuntersEncounter","floor":27,"turns":6},{"damage":27,"enemies":"theJungle:2_Snecko_Cultists","floor":28,"turns":5},{"damage":3,"enemies":"Snake Plant","floor":31,"turns":3},{"damage":6,"enemies":"theJungle:FunGuy","floor":33,"turns":11},{"damage":18,"enemies":"Orb Walker","floor":35,"turns":4},{"damage":52,"enemies":"Orin","floor":36,"turns":6}],"seed_played":"-4658638590722842291","potions_obtained":[{"floor":3,"key":"DistilledChaos"},{"floor":5,"key":"Fire Potion"},{"floor":6,"key":"DuplicationPotion"},{"floor":11,"key":"Regen Potion"}],"is_trial":false,"path_per_floor":["M","M","M","?","M","E","?","M","T","E","M","M","R","M","R","B",null,"M","?","?","T","M","R","E","M","T","M","M","R","$","M","R","B",null,"M","?"],"character_chosen":"RUNESMITH_CLASS","items_purchased":["Runesmith:Locket","Runesmith:EarthShield"],"campfire_rested":4,"item_purchase_floors":[30,30],"current_hp_per_floor":[70,70,70,70,59,37,37,37,37,33,30,23,44,35,56,56,70,62,52,52,52,52,52,38,37,37,34,19,40,40,37,58,52,70,52,0,0],"gold":209,"neow_bonus":"TRANSFORM_TWO_CARDS","is_daily":false,"chose_seed":false,"campfire_upgraded":0,"win_rate":0.0,"timestamp":1608701001,"path_taken":["M","M","M","?","M","E","?","M","T","E","M","M","R","?","R","BOSS","M","?","?","?","M","R","E","M","T","M","M","R","$","M","R","BOSS","M","?"],"items_purchased_type":["Relic","Card"],"build_version":"2020-12-22","purchased_purges":1,"victory":false,"max_hp_per_floor":[70,70,70,70,70,70,70,70,70,70,70,70,70,70,70,70,70,70,70,70,70,70,70,70,70,70,70,70,70,70,70,70,70,70,70,70,70],"card_choices":[{"not_picked":["Runesmith:EnergizedChisel","Runesmith:BackupBattery"],"picked":"Runesmith:UnstableHammer","floor":1},{"not_picked":["Runesmith:StaticCage","Runesmith:EnergizedChisel"],"picked":"Runesmith:Discharge","floor":2},{"not_picked":["Runesmith:MakeshiftArmor","Runesmith:ChiselStab"],"picked":"Runesmith:CraftMagma","floor":3},{"not_picked":["Runesmith:Repurpose","Runesmith:GoWithTheFlow"],"picked":"Runesmith:Augment","floor":5},{"not_picked":["Runesmith:Electrocute","Runesmith:Attraction"],"picked":"Runesmith:StaticCage","floor":6},{"not_picked":["Runesmith:MakeshiftArmor","Runesmith:ChargedHammer","Runesmith:HammerThrow"],"picked":"SKIP","floor":8},{"not_picked":["Runesmith:ShiftingStrike","Runesmith:Retool"],"picked":"Runesmith:Grindstone","floor":10},{"not_picked":["Runesmith:ShiftingStrike","Runesmith:CraftSpiculum","Runesmith:CraftProtectio"],"picked":"SKIP","floor":11},{"not_picked":["Runesmith:Repurpose","Runesmith:CraftProtectio","Runesmith:LithiumIon"],"picked":"SKIP","floor":12},{"not_picked":["Runesmith:CraftPrismatica","Runesmith:Empowerment"],"picked":"Runesmith:ChiselStab","floor":14},{"not_picked":["Runesmith:Overpower","Runesmith:Augment"],"picked":"Runesmith:HeatedChisel","floor":18},{"not_picked":["Runesmith:ShiftingStrike","Runesmith:Overpower","Runesmith:HeatedChisel"],"picked":"SKIP","floor":22},{"not_picked":["Runesmith:CraftProtectio","Runesmith:DuctTape","Runesmith:RuneHurl"],"picked":"SKIP","floor":24},{"not_picked":["Runesmith:MakeshiftArmor","Runesmith:HeatedChisel+1"],"picked":"Runesmith:UnstableHammer","floor":25},{"not_picked":["Runesmith:UnstableHammer","Runesmith:BackupBattery"],"picked":"Runesmith:EnergizedChisel","floor":27},{"not_picked":["Runesmith:PerfectChisel","Runesmith:OneForEveryone+1"],"picked":"Runesmith:CraftMagma","floor":28},{"not_picked":["Runesmith:CraftSpiculum+1","Runesmith:Empowerment"],"picked":"Runesmith:ChiselStab","floor":31},{"not_picked":["Runesmith:UnlimitedPower","Runesmith:Supernova"],"picked":"Runesmith:MetallurgicalResearch","floor":33},{"not_picked":["Runesmith:Overpower","Runesmith:Repurpose+1"],"picked":"Runesmith:HammerThrow+1","floor":35}],"player_experience":16745,"relics_obtained":[{"floor":6,"key":"Gambling Chip"},{"floor":9,"key":"Mercury Hourglass"},{"floor":10,"key":"Lantern"},{"floor":21,"key":"Runesmith:Nanobots"},{"floor":23,"key":"Meat on the Bone"},{"floor":24,"key":"StoneCalendar"},{"floor":26,"key":"Darkstone Periapt"}],"event_choices":[{"damage_healed":0,"gold_gain":0,"cards_transformed":["Runesmith:Defend_RS"],"player_choice":"Change","damage_taken":0,"max_hp_gain":0,"max_hp_loss":0,"event_name":"Living Wall","floor":4,"gold_loss":0,"cards_obtained":["Runesmith:BackupBattery"]},{"damage_healed":0,"gold_gain":0,"player_choice":"Forge","damage_taken":0,"max_hp_gain":0,"max_hp_loss":0,"event_name":"Accursed Blacksmith","floor":7,"gold_loss":0,"cards_upgraded":["Runesmith:Augment"]},{"damage_healed":0,"gold_gain":0,"player_choice":"Fight","damage_taken":0,"max_hp_gain":0,"max_hp_loss":0,"event_name":"OrinTheCat","floor":36,"gold_loss":0}],"is_beta":false,"boss_relics":[{"not_picked":["Runic Dome","Calling Bell"],"picked":"Sozu"},{"not_picked":["Tiny House","Philosopher\u0027s Stone"],"picked":"SlaversCollar"}],"items_purged_floors":[30],"is_endless":false,"potions_floor_spawned":[3,5,6,11,12,18,22,25,31,33],"killed_by":"Orin","ascension_level":0}}