{"host":"diy71vlueofrnn1o","time":1608739698,"event":{"mods":["2.2 Compatiblity","AchievementEnabler","BaseMod","Colored Map","Curses Come First","DeckTracker","Highlight Path","Minty Spire (QoL Compilation)","Quick Restart","Rare Cards Sparkle","StSLib","SuperFastMode"],"gold_per_floor":[113,132,147,158,171,205,205,224,224,224,178,197,197,232,232,336,336,347,34,134,163,163,163],"floor_reached":22,"playtime":2461,"items_purged":["Strike_G"],"score":267,"play_id":"ccaa8408-49e7-48d9-9dd1-b4ff3d2d85be","local_time":"20201223170818","is_ascension_mode":true,"campfire_choices":[{"floor":7,"key":"REST"},{"data":"Finisher","floor":10,"key":"SMITH"},{"data":"Leg Sweep","floor":13,"key":"SMITH"},{"data":"Tools of the Trade","floor":15,"key":"SMITH"}],"circlet_count":0,"master_deck":["Strike_G","Strike_G","Strike_G","Strike_G","Defend_G","Defend_G","Defend_G","Defend_G","Defend_G","Survivor","Neutralize","Blade Dance","Backflip","Leg Sweep+1","Blur","Dagger Spray","Finisher+1","Heel Hook","Tools of the Trade+1","Burst","Predator+1"],"relics":["Ring of the Snake","NeowsBlessing","Regal Pillow","Eternal Feather","CeramicFish","Black Star","Pantograph"],"acts_visited":["Exordium","TheCity"],"potions_floor_usage":[5,8,14,18],"damage_taken":[{"damage":0,"enemies":"Jaw Worm","floor":1,"turns":1},{"damage":0,"enemies":"2 Louse","floor":2,"turns":1},{"damage":0,"enemies":"Cultist","floor":3,"turns":1},{"damage":4,"enemies":"2 Fungi Beasts","floor":4,"turns":5},{"damage":6,"enemies":"Large Slime","floor":5,"turns":5},{"damage":50,"enemies":"Gremlin Nob","floor":6,"turns":7},{"damage":4,"enemies":"Exordium Wildlife","floor":8,"turns":4},{"damage":9,"enemies":"Lots of Slimes","floor":12,"turns":3},{"damage":12,"enemies":"Lagavulin","floor":14,"turns":7},{"damage":16,"enemies":"Hexaghost","floor":16,"turns":9},{"damage":20,"enemies":"Chosen","floor":18,"turns":5},{"damage":0,"enemies":"Spheric Guardian","floor":21,"turns":1},{"damage":51,"enemies":"3 Cultists","floor":22,"turns":4}],"seed_played":"-2060896769671922825","potions_obtained":[{"floor":4,"key":"AttackPotion"},{"floor":5,"key":"LiquidMemories"},{"floor":6,"key":"Fire Potion"},{"floor":8,"key":"SteroidPotion"},{"floor":12,"key":"Weak Potion"},{"floor":16,"key":"CultistPotion"}],"is_trial":false,"path_per_floor":["M","M","M","M","M","E","R","M","T","R","?","M","R","E","R","B",null,"M","$","?","M","M"],"character_chosen":"THE_SILENT","items_purchased":["Pantograph"],"campfire_rested":1,"item_purchase_floors":[19],"current_hp_per_floor":[63,63,63,59,53,3,39,35,35,44,44,35,47,35,47,31,60,40,40,40,40,0,0],"gold":163,"neow_bonus":"THREE_ENEMY_KILL","is_daily":false,"chose_seed":false,"campfire_upgraded":3,"win_rate":0.0,"timestamp":1608739698,"path_taken":["M","M","M","M","M","E","R","M","T","R","?","M","R","E","R","BOSS","M","$","?","M","?"],"items_purchased_type":["Relic"],"build_version":"2020-12-22","purchased_purges":1,"victory":false,"max_hp_per_floor":[70,70,70,70,70,70,70,70,70,70,70,70,70,70,70,70,70,70,70,70,70,70,70],"card_choices":[{"not_picked":["Backflip","Reflex"],"picked":"Blade Dance","floor":1},{"not_picked":["Eviscerate","Acrobatics"],"picked":"Backflip","floor":2},{"not_picked":["Distraction","Caltrops"],"picked":"Leg Sweep","floor":3},{"not_picked":["Escape Plan","Concentrate"],"picked":"Blur","floor":4},{"not_picked":["Accuracy","PiercingWail"],"picked":"Dagger Spray","floor":5},{"not_picked":["Reflex","Blade Dance"],"picked":"Finisher","floor":6},{"not_picked":["Endless Agony","Dagger Throw"],"picked":"Heel Hook","floor":8},{"not_picked":["Deadly Poison","Underhanded Strike"],"picked":"Tools of the Trade","floor":12},{"not_picked":["Accuracy","Underhanded Strike","Setup"],"picked":"SKIP","floor":14},{"not_picked":["Grand Finale","Storm of Steel"],"picked":"Burst","floor":16},{"not_picked":["Expertise","Backflip","Cloak And Dagger"],"picked":"SKIP","floor":18},{"not_picked":["Dagger Throw","Setup+1"],"picked":"Predator+1","floor":21}],"player_experience":379940,"relics_obtained":[{"floor":6,"key":"Regal Pillow"},{"floor":9,"key":"Eternal Feather"},{"floor":14,"key":"CeramicFish"}],"event_choices":[{"damage_healed":0,"gold_gain":0,"player_choice":"Left Gold","damage_taken":0,"max_hp_gain":0,"max_hp_loss":0,"event_name":"World of Goop","floor":11,"gold_loss":46},{"damage_healed":0,"gold_gain":100,"player_choice":"Pray","damage_taken":0,"max_hp_gain":0,"max_hp_loss":0,"event_name":"Golden Shrine","floor":20,"gold_loss":0}],"is_beta":false,"boss_relics":[{"not_picked":["Tiny House","Runic Dome"],"picked":"Black Star"}],"items_purged_floors":[19],"is_endless":false,"potions_floor_spawned":[4,5,6,8,12,16],"killed_by":"3 Cultists","ascension_level":7}}