{"host":"627up2rvtmm0cf0r","time":1608724751,"event":{"mods":["ATMod(阿瑾Mod)","Act Like it!","BaseMod","CapriCore","Card Filter","Card Forge","DeckTracker","Dota2Spire","Friendly Minions","Highlight Path","Minty Spire (QoL Compilation)","MostiFishMod","Permanent Neow","Quick Restart","Relic Stats","Shop Mod","Spicy Shops","StSLib","SuperFastMode","TestMod","[地精首领爬塔]The Maniac","【遗物卡牌】REMEMod","篝火指南"],"gold_per_floor":[13,13,28,28,46,74,74,88,112,112,112,133,166,241,95,222,222,241,141,141,541,555,585,585,620,644,673,160,177,27,52,52,156,156,170,170,210,230,55,110,124,48,124,752,806,831,831,892,203,203,203,203,80,114,194],"floor_reached":56,"playtime":2190,"items_purged":["Eruption","Vigilance","Strike_P","Defend_P","Strike_P","Strike_P+1"],"score":2269,"play_id":"77ff9cc4-6410-4de7-9bc6-4193103e8a63","local_time":"20201223195911","is_ascension_mode":true,"campfire_choices":[{"data":"AT_FamilyPortrait","floor":7,"key":"SMITH"},{"floor":11,"key":"RECALL"},{"data":"Defend_P","floor":32,"key":"SMITH"},{"data":"AT_RealColorLess","floor":47,"key":"SMITH"}],"circlet_count":0,"master_deck":["Defend_P+1","Defend_P+1","Defend_P+1","AT_FamilyPortrait+1","DevaForm+1","AT_RealColorLess+1"],"relics":["PureWater","Hammer of Thor","Seething Fire","Anvil of the Gods","DaveBox","testmod-TestBox","AT_ATBox","testmod-PortableAltar","BirthdayGift-Icosahedron","Dota2Spire:MaskOfMadness","Potion Belt","Bloody Idol","Centennial Puzzle","REME_CardOfGreed","Black Star","White Beast Statue","AT_RedNoBalance","HornCleat","Akabeko","Strawberry","Dota2Spire:LinkenSphere","Dota2Spire:MantaStyle","AT_ChloranthyRing","BionicSphere","AT_SilvercatRing","Anchor","VioletLotus","Dota2Spire:ArmletOfMordiggian","Vajra","Sling","testmod-Justice","Bronze Scales","Ornamental Fan","testmod-InjuryResistance","Juzu Bracelet","AT_RabadonDeathcap","Dota2Spire:OrchidMalevolence","REME_HandOfSuture","Dota2Spire:BattleFury","testmod-ArcanaOfDestiny","Shuriken","AT_SunfireAegis","AT_BellDemon"],"acts_visited":["Exordium","TheCity","TheBeyond","TheEnding"],"potions_floor_usage":[22,29,35,37,40],"damage_taken":[{"damage":0,"enemies":"Small Slimes","floor":1,"turns":1},{"damage":0,"enemies":"2 Louse","floor":3,"turns":1},{"damage":1,"enemies":"Jaw Worm","floor":5,"turns":3},{"damage":0,"enemies":"Gremlin Nob","floor":6,"turns":2},{"damage":0,"enemies":"2 Fungi Beasts","floor":8,"turns":2},{"damage":1,"enemies":"Looter","floor":12,"turns":3},{"damage":3,"enemies":"3 Sentries","floor":13,"turns":4},{"damage":0,"enemies":"The Guardian","floor":16,"turns":3},{"damage":0,"enemies":"Shell Parasite","floor":18,"turns":2},{"damage":6,"enemies":"Chosen","floor":22,"turns":2},{"damage":16,"enemies":"Slavers","floor":23,"turns":3},{"damage":12,"enemies":"Gremlin Leader","floor":25,"turns":3},{"damage":0,"enemies":"Slavers","floor":27,"turns":2},{"damage":0,"enemies":"Shelled Parasite and Fungi","floor":29,"turns":5},{"damage":0,"enemies":"REME_1_Revenger","floor":31,"turns":3},{"damage":0,"enemies":"Collector","floor":33,"turns":5},{"damage":0,"enemies":"3 Shapes","floor":35,"turns":2},{"damage":0,"enemies":"3 Darklings","floor":37,"turns":2},{"damage":0,"enemies":"4 Shapes","floor":38,"turns":2},{"damage":0,"enemies":"Nemesis","floor":40,"turns":7},{"damage":0,"enemies":"Transient","floor":41,"turns":5},{"damage":0,"enemies":"Reptomancer","floor":44,"turns":3},{"damage":0,"enemies":"2 Orb Walkers","floor":45,"turns":3},{"damage":0,"enemies":"Nemesis","floor":46,"turns":5},{"damage":0,"enemies":"Reptomancer","floor":48,"turns":1},{"damage":9,"enemies":"Awakened One","floor":50,"turns":3},{"damage":0,"enemies":"Shield and Spear","floor":54,"turns":1},{"damage":0,"enemies":"The Heart","floor":55,"turns":2}],"seed_played":"450020859784436169","potions_obtained":[{"floor":1,"key":"ColorlessPotion"},{"floor":3,"key":"BottledMiracle"},{"floor":16,"key":"AttackPotion"},{"floor":18,"key":"Swift Potion"},{"floor":22,"key":"Fruit Juice"},{"floor":25,"key":"EssenceOfSteel"},{"floor":27,"key":"Weak Potion"},{"floor":29,"key":"testmod-SpacePotion"},{"floor":31,"key":"Strength Potion"},{"floor":33,"key":"REME_GoldPotion"},{"floor":35,"key":"testmod-SpacePotion"},{"floor":37,"key":"Swift Potion"},{"floor":38,"key":"REME_GoldPotion"},{"floor":40,"key":"SteroidPotion"},{"floor":41,"key":"AttackPotion"},{"floor":45,"key":"ColorlessPotion"}],"is_trial":false,"path_per_floor":["M","?","M","$","M","E","R","M","T","?","R","M","E","?","R","B",null,"M","$","?","?","M","E","?","E","T","E","R","M","$","E","R","B",null,"M","?","M","M","$","E","M","R","T","E","?","E","R","E","R","B",null,"R","$","E","B",null],"character_chosen":"WATCHER","items_purchased":["REME_CardOfGreed","AT_ChloranthyRing","BionicSphere","Sling","Dota2Spire:BattleFury","testmod-ArcanaOfDestiny","Shuriken"],"campfire_rested":0,"item_purchase_floors":[15,28,28,42,49,49,53],"current_hp_per_floor":[71,70,69,68,67,66,65,64,63,47,47,47,45,34,34,36,55,54,53,52,51,55,44,44,20,32,34,34,33,33,50,50,31,50,49,48,47,46,45,44,43,42,41,40,39,38,37,36,35,26,33,32,31,30,29],"gold":194,"neow_bonus":"THREE_RARE_CARDS","is_daily":false,"chose_seed":false,"campfire_upgraded":3,"win_rate":0.0,"timestamp":1608724751,"path_taken":["M","?","M","$","M","E","R","M","T","?","R","M","E","?","R","BOSS","M","$","?","?","M","E","?","E","T","E","R","M","$","E","R","BOSS","M","?","M","M","?","E","M","R","T","E","?","E","R","E","R","BOSS","R","$","E","BOSS"],"items_purchased_type":["Relic","Relic","Relic","Relic","Relic","Relic","Relic"],"build_version":"2020-12-22","purchased_purges":6,"victory":true,"max_hp_per_floor":[71,70,69,68,67,66,65,64,63,62,61,60,59,58,57,56,55,54,53,52,51,55,54,53,52,58,57,56,55,54,53,52,51,50,49,48,47,46,45,44,43,42,41,40,39,38,37,36,35,34,33,32,31,30,29],"relic_stats":{"Centennial Puzzle":[9],"counters":[28,78],"Ornamental Fan":[8],"Shuriken":[1],"Bloody Idol":40,"Bronze Scales":[26],"VioletLotus":[0],"Black Star":9,"Juzu Bracelet":0,"obtain_stats":[{"AT_BellDemon":54,"Dota2Spire:MaskOfMadness":6,"AT_ATBox":0,"DaveBox":0,"Dota2Spire:ArmletOfMordiggian":40,"Dota2Spire:OrchidMalevolence":48,"Vajra":40,"Hammer of Thor":0,"testmod-PortableAltar":0,"BirthdayGift-Icosahedron":0,"Juzu Bracelet":46,"Sling":42,"Centennial Puzzle":13,"HornCleat":25,"testmod-InjuryResistance":45,"Strawberry":26,"VioletLotus":34,"AT_RedNoBalance":33,"testmod-ArcanaOfDestiny":49,"Potion Belt":6,"AT_ChloranthyRing":28,"AT_RabadonDeathcap":46,"Dota2Spire:MantaStyle":27,"testmod-TestBox":0,"Golden Idol":10,"AT_SilverBalance":23,"Dota2Spire:BattleFury":49,"Seething Fire":0,"AT_SilvercatRing":31,"testmod-Justice":43,"White Beast Statue":23,"Akabeko":25,"Anchor":31,"Anvil of the Gods":0,"Ornamental Fan":44,"Shuriken":53,"Bloody Idol":20,"BionicSphere":28,"Bronze Scales":44,"Dota2Spire:LinkenSphere":27,"REME_HandOfSuture":48,"Black Star":17,"REME_CardOfGreed":15,"PureWater":0,"AT_SunfireAegis":54,"REME_ComplimentaryCards":0},{"AT_BellDemon":27,"Dota2Spire:MaskOfMadness":4,"AT_ATBox":0,"DaveBox":0,"Dota2Spire:ArmletOfMordiggian":20,"Dota2Spire:OrchidMalevolence":25,"Vajra":20,"Hammer of Thor":0,"testmod-PortableAltar":0,"BirthdayGift-Icosahedron":0,"Juzu Bracelet":24,"Sling":21,"Centennial Puzzle":7,"HornCleat":12,"testmod-InjuryResistance":23,"Strawberry":12,"VioletLotus":16,"AT_RedNoBalance":16,"testmod-ArcanaOfDestiny":25,"Potion Belt":4,"AT_ChloranthyRing":13,"AT_RabadonDeathcap":24,"Dota2Spire:MantaStyle":13,"testmod-TestBox":0,"Golden Idol":5,"AT_SilverBalance":11,"Dota2Spire:BattleFury":25,"Seething Fire":0,"AT_SilvercatRing":15,"testmod-Justice":21,"White Beast Statue":11,"Akabeko":12,"Anchor":15,"Anvil of the Gods":0,"Ornamental Fan":22,"Shuriken":26,"Bloody Idol":9,"BionicSphere":13,"Bronze Scales":22,"Dota2Spire:LinkenSphere":13,"REME_HandOfSuture":25,"Black Star":8,"REME_CardOfGreed":7,"PureWater":0,"AT_SunfireAegis":27,"REME_ComplimentaryCards":0},{"AT_BellDemon":76,"Dota2Spire:MaskOfMadness":6,"AT_ATBox":0,"DaveBox":0,"Dota2Spire:ArmletOfMordiggian":55,"Dota2Spire:OrchidMalevolence":72,"Vajra":55,"Hammer of Thor":0,"testmod-PortableAltar":0,"BirthdayGift-Icosahedron":0,"Juzu Bracelet":71,"Sling":60,"Centennial Puzzle":16,"HornCleat":29,"testmod-InjuryResistance":66,"Strawberry":29,"VioletLotus":44,"AT_RedNoBalance":39,"testmod-ArcanaOfDestiny":72,"Potion Belt":7,"AT_ChloranthyRing":31,"AT_RabadonDeathcap":71,"Dota2Spire:MantaStyle":31,"testmod-TestBox":0,"Golden Idol":9,"AT_SilverBalance":26,"Dota2Spire:BattleFury":72,"Seething Fire":0,"AT_SilvercatRing":39,"testmod-Justice":60,"White Beast Statue":26,"Akabeko":29,"Anchor":39,"Anvil of the Gods":0,"Ornamental Fan":63,"Shuriken":75,"Bloody Idol":21,"BionicSphere":31,"Bronze Scales":63,"Dota2Spire:LinkenSphere":31,"REME_HandOfSuture":72,"Black Star":19,"REME_CardOfGreed":16,"PureWater":0,"AT_SunfireAegis":76,"REME_ComplimentaryCards":0}]},"card_choices":[{"not_picked":["Blasphemy","MostiFishMod:Minus"],"picked":"DevaForm","floor":0},{"not_picked":["EmptyBody","Evaluate","LikeWater"],"picked":"SKIP","floor":1},{"not_picked":["SashWhip","Tantrum","Evaluate"],"picked":"SKIP","floor":3},{"not_picked":["Consecrate","Evaluate","WaveOfTheHand"],"picked":"SKIP","floor":5},{"not_picked":["Protect","SandsOfTime","PathToVictory"],"picked":"SKIP","floor":6},{"not_picked":["EmptyBody","CrushJoints","Study"],"picked":"SKIP","floor":8},{"not_picked":["Sanctity","Tantrum","EmptyFist"],"picked":"SKIP","floor":12},{"not_picked":["FlurryOfBlows","CutThroughFate","ThirdEye"],"picked":"SKIP","floor":13},{"not_picked":["Prostrate","PathToVictory","AT_RealFormLess"],"picked":"SKIP","floor":18},{"not_picked":["BowlingBash","JustLucky+1","Collect"],"picked":"SKIP","floor":22},{"not_picked":["ClearTheMind","CutThroughFate","FollowUp"],"picked":"SKIP","floor":23},{"not_picked":["Protect+1","CrushJoints","AT_OneInchPunch"],"picked":"SKIP","floor":25},{"not_picked":["Pray","Crescendo","DevaForm"],"picked":"SKIP","floor":27},{"not_picked":["CutThroughFate","FlurryOfBlows","BowlingBash"],"picked":"SKIP","floor":29},{"not_picked":["JustLucky","CutThroughFate","WaveOfTheHand+1"],"picked":"SKIP","floor":31},{"not_picked":["Evaluate","FearNoEvil","ThirdEye"],"picked":"SKIP","floor":35},{"not_picked":["Consecrate","Adaptation","Evaluate+1"],"picked":"SKIP","floor":37},{"not_picked":["FlyingSleeves","ClearTheMind","Consecrate"],"picked":"SKIP","floor":38},{"not_picked":["Weave+1","EmptyBody","MostiFishMod:Disappear"],"picked":"SKIP","floor":40},{"not_picked":["Pray","AT_DivineConfetti","CrushJoints+1"],"picked":"SKIP","floor":41},{"not_picked":["ThirdEye","Swivel","Fasting2+1"],"picked":"SKIP","floor":44},{"not_picked":["EmptyMind+1","JustLucky+1"],"picked":"AT_RealColorLess","floor":46},{"not_picked":["FlurryOfBlows+1","MentalFortress+1","REME_MusicOfDeath"],"picked":"SKIP","floor":48},{"not_picked":["EmptyBody","Halt","BowlingBash+1"],"picked":"SKIP","floor":54}],"player_experience":19581,"relics_obtained":[{"floor":6,"key":"Potion Belt"},{"floor":13,"key":"Centennial Puzzle"},{"floor":23,"key":"White Beast Statue"},{"floor":23,"key":"AT_SilverBalance"},{"floor":25,"key":"HornCleat"},{"floor":25,"key":"Akabeko"},{"floor":26,"key":"Strawberry"},{"floor":27,"key":"Dota2Spire:LinkenSphere"},{"floor":27,"key":"Dota2Spire:MantaStyle"},{"floor":31,"key":"AT_SilvercatRing"},{"floor":31,"key":"Anchor"},{"floor":40,"key":"Dota2Spire:ArmletOfMordiggian"},{"floor":40,"key":"Vajra"},{"floor":43,"key":"testmod-Justice"},{"floor":44,"key":"Bronze Scales"},{"floor":44,"key":"Ornamental Fan"},{"floor":45,"key":"testmod-InjuryResistance"},{"floor":46,"key":"Juzu Bracelet"},{"floor":46,"key":"AT_RabadonDeathcap"},{"floor":48,"key":"Dota2Spire:OrchidMalevolence"},{"floor":48,"key":"REME_HandOfSuture"},{"floor":54,"key":"AT_SunfireAegis"},{"floor":54,"key":"AT_BellDemon"}],"event_choices":[{"damage_healed":0,"gold_gain":0,"player_choice":"Ignored","damage_taken":0,"max_hp_gain":0,"max_hp_loss":0,"event_name":"给自己的盒子","floor":2,"gold_loss":0},{"damage_healed":0,"gold_gain":0,"player_choice":"Take Damage","damage_taken":15,"relics_obtained":["Golden Idol"],"max_hp_gain":0,"max_hp_loss":0,"event_name":"Golden Idol","floor":10,"gold_loss":0},{"damage_healed":0,"gold_gain":75,"player_choice":"Gather Gold","damage_taken":11,"max_hp_gain":0,"max_hp_loss":0,"event_name":"World of Goop","floor":14,"gold_loss":0},{"damage_healed":0,"gold_gain":0,"player_choice":"Gave Idol","damage_taken":0,"relics_obtained":["Bloody Idol"],"max_hp_gain":0,"max_hp_loss":0,"event_name":"Forgotten Altar","floor":20,"relics_lost":["Golden Idol"],"gold_loss":0},{"damage_healed":0,"gold_gain":400,"player_choice":"Sell","damage_taken":0,"max_hp_gain":0,"max_hp_loss":0,"event_name":"恩洛斯的盘子","floor":21,"relics_lost":["REME_ComplimentaryCards"],"gold_loss":0},{"cards_removed":["WindmillStrike"],"damage_healed":0,"gold_gain":0,"player_choice":"Elegance","damage_taken":0,"max_hp_gain":0,"max_hp_loss":0,"event_name":"Back to Basics","floor":24,"gold_loss":0},{"cards_removed":["Strike_P"],"damage_healed":0,"gold_gain":0,"player_choice":"Purged","damage_taken":0,"max_hp_gain":0,"max_hp_loss":0,"event_name":"Purifier","floor":36,"gold_loss":0},{"damage_healed":0,"gold_gain":0,"player_choice":"Fight","damage_taken":0,"max_hp_gain":0,"max_hp_loss":0,"event_name":"Mysterious Sphere","floor":45,"gold_loss":0}],"is_beta":false,"boss_relics":[{"not_picked":["NightmareShop","Runic Dome"],"picked":"Black Star"},{"not_picked":["testmod-Recursion","Cursed Key"],"picked":"VioletLotus"}],"items_purged_floors":[15,19,28,30,39,49],"is_endless":false,"potions_floor_spawned":[1,3,16,18,22,25,27,29,31,33,35,37,38,40,41,44,45,46,48,54],"ascension_level":4}}