{"host":"ci7ivtocgfxh0ueo","time":1608695264,"event":{"mods":["BaseMod","GifTheSpireLib","Minty Spire (QoL Compilation)","StSLib"],"gold_per_floor":[363,363,38,188,188,201,230,265,265,25,25,25],"floor_reached":11,"playtime":263,"items_purged":["Doubt"],"score":131,"play_id":"486e384c-3d80-46ef-bb74-4ad358ade770","local_time":"20201223114744","is_ascension_mode":true,"campfire_choices":[],"circlet_count":0,"master_deck":["AscendersBane","Strike_G+1","Strike_G","Strike_G","Strike_G+1","Strike_G","Defend_G","Defend_G","Defend_G","Defend_G","Defend_G","Survivor","Neutralize","Deadly Poison","HandOfGreed","Footwork","Distraction","Quick Slash","Heel Hook","Prepared"],"relics":["Ring of the Snake","Shuriken","Paper Crane","Whetstone"],"acts_visited":["Exordium"],"potions_floor_usage":[7],"damage_taken":[{"damage":5,"enemies":"Small Slimes","floor":1,"turns":4},{"damage":0,"enemies":"Jaw Worm","floor":6,"turns":5},{"damage":49,"enemies":"Lagavulin","floor":7,"turns":10},{"damage":0,"enemies":"2 Louse","floor":8,"turns":2},{"damage":10,"enemies":"3 Sentries","floor":11,"turns":2}],"seed_played":"1698945609583617025","potions_obtained":[{"floor":1,"key":"ColorlessPotion"},{"floor":6,"key":"LiquidBronze"}],"is_trial":false,"path_per_floor":["M","?","$","?","?","M","E","M","T","$","E"],"character_chosen":"THE_SILENT","items_purchased":["HandOfGreed","Footwork","Distraction","Whetstone"],"campfire_rested":0,"item_purchase_floors":[3,3,3,10],"current_hp_per_floor":[54,54,54,54,54,54,5,5,5,5,0,0],"gold":25,"neow_bonus":"TWO_FIFTY_GOLD","is_daily":false,"chose_seed":false,"campfire_upgraded":0,"win_rate":0.0,"timestamp":1608695264,"path_taken":["M","?","$","?","?","M","E","M","T","$","E"],"items_purchased_type":["Card","Card","Card","Relic"],"build_version":"2020-12-13","purchased_purges":1,"victory":false,"max_hp_per_floor":[66,66,66,66,66,66,66,66,66,66,66,66],"card_choices":[{"not_picked":["Well Laid Plans","Outmaneuver"],"picked":"Deadly Poison","floor":1},{"not_picked":["Reflex","Cloak And Dagger"],"picked":"Quick Slash","floor":6},{"not_picked":["Prepared","Sucker Punch"],"picked":"Heel Hook","floor":7},{"not_picked":["Quick Slash","Backflip"],"picked":"Prepared","floor":8}],"player_experience":1279751,"relics_obtained":[{"floor":7,"key":"Shuriken"},{"floor":9,"key":"Paper Crane"}],"event_choices":[{"cards_removed":["Regret"],"damage_healed":0,"gold_gain":0,"player_choice":"Forget","damage_taken":0,"max_hp_gain":0,"max_hp_loss":0,"event_name":"Living Wall","floor":2,"gold_loss":0},{"damage_healed":0,"gold_gain":150,"player_choice":"AGREE","damage_taken":0,"max_hp_gain":0,"max_hp_loss":0,"event_name":"Liars Game","floor":4,"gold_loss":0,"cards_obtained":["Doubt"]},{"damage_healed":0,"gold_gain":0,"player_choice":"Ignored","damage_taken":0,"max_hp_gain":0,"max_hp_loss":0,"event_name":"Golden Idol","floor":5,"gold_loss":0}],"is_beta":false,"boss_relics":[],"items_purged_floors":[10],"is_endless":false,"potions_floor_spawned":[1,6],"killed_by":"3 Sentries","ascension_level":17}}