{"host":"soyfmymeou4emntr","time":1608700554,"event":{"mods":["BaseMod","Minty Spire (QoL Compilation)","Relic Sorter","Relic Stats","StSLib"],"gold_per_floor":[212,212,225,39,39,39,69,88,88,117,141,141,155,2,2,78,78,92,92,106,123,141,141,173,173,223,249,249,264,274,274,274,274,274],"floor_reached":33,"playtime":2224,"items_purged":["Defend_R"],"score":590,"play_id":"e83e728c-c4a4-4ab6-9a74-a4b00f19ca66","local_time":"20201222221554","is_ascension_mode":true,"campfire_choices":[{"data":"True Grit","floor":6.0,"key":"SMITH"},{"data":"Spot Weakness","floor":12.0,"key":"SMITH"},{"floor":15.0,"key":"REST"},{"floor":23.0,"key":"REST"},{"floor":25.0,"key":"REST"},{"floor":28.0,"key":"REST"},{"floor":32,"key":"REST"}],"circlet_count":0,"master_deck":["AscendersBane","Strike_R","Strike_R","Strike_R","Strike_R","Defend_R","Defend_R","Defend_R","Bash","Havoc+1","Feel No Pain","Spot Weakness+1","Sword Boomerang","True Grit+1","Dark Embrace","Power Through","Shrug It Off","Spot Weakness","Limit Break","Inflame+1","Clothesline","Carnage","Bloodletting+1","True Grit","Sword Boomerang","Immolate"],"relics":["Burning Blood","Lizard Tail","StrikeDummy","Bag of Preparation","Potion Belt","SacredBark","Centennial Puzzle","Orichalcum","Oddly Smooth Stone"],"acts_visited":["Exordium","TheCity"],"potions_floor_usage":[31,31],"damage_taken":[{"damage":3.0,"enemies":"2 Louse","floor":1.0,"turns":5.0},{"damage":9.0,"enemies":"Jaw Worm","floor":3.0,"turns":4.0},{"damage":12.0,"enemies":"3 Sentries","floor":7.0,"turns":11.0},{"damage":9.0,"enemies":"Cultist","floor":8.0,"turns":4.0},{"damage":38.0,"enemies":"Gremlin Nob","floor":10.0,"turns":5.0},{"damage":4.0,"enemies":"3 Louse","floor":13.0,"turns":4.0},{"damage":19.0,"enemies":"Hexaghost","floor":16.0,"turns":7.0},{"damage":7.0,"enemies":"Shell Parasite","floor":18.0,"turns":5.0},{"damage":12.0,"enemies":"2 Thieves","floor":20.0,"turns":5.0},{"damage":47.0,"enemies":"Cultist and Chosen","floor":21.0,"turns":7.0},{"damage":24.0,"enemies":"Snecko","floor":22.0,"turns":7.0},{"damage":67.0,"enemies":"Book of Stabbing","floor":24.0,"turns":6.0},{"damage":36.0,"enemies":"Gremlin Leader","floor":27.0,"turns":4.0},{"damage":28.0,"enemies":"Centurion and Healer","floor":29.0,"turns":7.0},{"damage":6.0,"enemies":"Cultist and Chosen","floor":30.0,"turns":4.0},{"damage":10,"enemies":"Colosseum Slavers","floor":31,"turns":2},{"damage":37,"enemies":"Collector","floor":33,"turns":4}],"seed_played":"-2960598190283665795","potions_obtained":[{"floor":3.0,"key":"Swift Potion"},{"floor":10.0,"key":"FearPotion"},{"floor":16.0,"key":"SkillPotion"},{"floor":20.0,"key":"BloodPotion"},{"floor":22.0,"key":"SteroidPotion"},{"floor":27.0,"key":"LiquidMemories"},{"floor":30.0,"key":"DuplicationPotion"}],"is_trial":false,"path_per_floor":["M","?","M","$","?","R","E","M","T","E","T","R","M","$","R","B",null,"M","?","M","M","M","R","E","R","T","E","R","M","M","?","R","B"],"character_chosen":"IRONCLAD","items_purchased":["Spot Weakness","Sword Boomerang","True Grit","ElixirPotion"],"campfire_rested":5,"item_purchase_floors":[4,4,4,14],"current_hp_per_floor":[71,71,68,68,61,61,55,52,52,20,20,20,22,22,44,31,64,63,63,57,46,28,50,26,48,48,18,40,18,18,14,36,0,0],"gold":274,"neow_bonus":"HUNDRED_GOLD","is_daily":false,"chose_seed":false,"campfire_upgraded":2,"win_rate":0.0,"timestamp":1608700554,"path_taken":["M","?","M","$","?","R","E","?","T","E","?","R","M","$","R","BOSS","M","?","M","M","?","R","E","R","T","E","R","M","M","?","R","BOSS"],"items_purchased_type":["Card","Card","Card","Potion"],"build_version":"2020-12-13","purchased_purges":1,"victory":false,"max_hp_per_floor":[75,75,75,75,75,75,75,75,75,75,75,75,75,75,75,75,75,75,75,75,75,75,75,75,75,75,75,75,75,75,75,75,75,75],"relic_stats":{"Lizard Tail":37,"Centennial Puzzle":[15],"counters":[17,91],"Bag of Preparation":[24],"Orichalcum":[24],"obtain_stats":[{"Potion Belt":11,"Lizard Tail":7,"Centennial Puzzle":24,"SacredBark":17,"Oddly Smooth Stone":27,"Bag of Preparation":10,"Orichalcum":26,"StrikeDummy":9,"Burning Blood":0},{"Potion Belt":5,"Lizard Tail":3,"Centennial Puzzle":12,"SacredBark":7,"Oddly Smooth Stone":13,"Bag of Preparation":5,"Orichalcum":12,"StrikeDummy":4,"Burning Blood":0},{"Potion Belt":29,"Lizard Tail":20,"Centennial Puzzle":70,"SacredBark":40,"Oddly Smooth Stone":74,"Bag of Preparation":29,"Orichalcum":70,"StrikeDummy":24,"Burning Blood":0}],"Burning Blood":96},"card_choices":[{"not_picked":["Evolve","Flex"],"picked":"Havoc","floor":1.0},{"not_picked":["Pommel Strike","Heavy Blade"],"picked":"Feel No Pain","floor":3.0},{"not_picked":["Fire Breathing","Flex"],"picked":"Dark Embrace","floor":7.0},{"not_picked":["Sword Boomerang","Armaments"],"picked":"Power Through","floor":8.0},{"not_picked":["Pummel","Headbutt"],"picked":"Shrug It Off","floor":10.0},{"not_picked":["Reckless Charge","Cleave"],"picked":"Spot Weakness","floor":13.0},{"not_picked":["Brutality","Immolate"],"picked":"Limit Break","floor":16.0},{"not_picked":["Clash","Warcry"],"picked":"Inflame+1","floor":18.0},{"not_picked":["Armaments","Dark Embrace"],"picked":"Bloodletting+1","floor":20.0},{"not_picked":["Perfected Strike","Rage","Clash"],"picked":"SKIP","floor":21.0},{"not_picked":["Shrug It Off","Iron Wave"],"picked":"True Grit","floor":22.0},{"not_picked":["Twin Strike","Flex"],"picked":"Sword Boomerang","floor":24.0},{"not_picked":["Pommel Strike","Iron Wave"],"picked":"Immolate","floor":27.0},{"not_picked":["Dropkick","Anger+1","Body Slam"],"picked":"SKIP","floor":29.0},{"not_picked":["Headbutt","Bludgeon","Iron Wave"],"picked":"SKIP","floor":30.0}],"player_experience":2619531,"relics_obtained":[{"floor":7.0,"key":"Lizard Tail"},{"floor":9.0,"key":"StrikeDummy"},{"floor":10.0,"key":"Bag of Preparation"},{"floor":11.0,"key":"Potion Belt"},{"floor":24.0,"key":"Centennial Puzzle"},{"floor":26.0,"key":"Orichalcum"},{"floor":27.0,"key":"Oddly Smooth Stone"}],"event_choices":[{"damage_healed":0.0,"max_hp_gain":0.0,"max_hp_loss":0.0,"gold_gain":0.0,"event_name":"Living Wall","player_choice":"Grow","floor":2.0,"gold_loss":0.0,"damage_taken":0.0,"cards_upgraded":["Havoc"]},{"cards_removed":["Strike_R"],"damage_healed":0.0,"max_hp_gain":0.0,"max_hp_loss":0.0,"gold_gain":0.0,"event_name":"Golden Wing","player_choice":"Card Removal","floor":5.0,"gold_loss":0.0,"damage_taken":7.0},{"damage_healed":0.0,"max_hp_gain":0.0,"max_hp_loss":0.0,"gold_gain":0.0,"event_name":"Match and Keep!","player_choice":"2 cards matched","floor":19.0,"gold_loss":0.0,"damage_taken":0.0,"cards_obtained":["Clothesline","Carnage"]},{"damage_healed":0,"gold_gain":0,"player_choice":"Fight","damage_taken":0,"max_hp_gain":0,"max_hp_loss":0,"event_name":"Colosseum","floor":31,"gold_loss":0},{"damage_healed":0,"gold_gain":0,"player_choice":"Fled From Nobs","damage_taken":0,"max_hp_gain":0,"max_hp_loss":0,"event_name":"Colosseum","floor":31,"gold_loss":0}],"is_beta":false,"boss_relics":[{"not_picked":["Sozu","Philosopher\u0027s Stone"],"picked":"SacredBark"}],"items_purged_floors":[14],"is_endless":false,"potions_floor_spawned":[3,10,16,20,22,27,30],"killed_by":"Collector","ascension_level":20}}