{"host":"ufl0k2so27eic2iy","time":1608739844,"event":{"mods":["BaseMod","Minty Spire (QoL Compilation)","StSLib","The Animator"],"gold_per_floor":[112,141,191,210,237,277,277,308,376,107,107,107,107,133,133,133,133],"floor_reached":16,"playtime":613,"items_purged":["animator:Strike"],"score":207,"play_id":"3a76c414-db44-4789-8957-d4580c267c27","local_time":"20201223161044","is_ascension_mode":true,"campfire_choices":[{"floor":7,"key":"REST"},{"data":"animator:Laby","floor":11,"key":"SMITH"},{"floor":15,"key":"REST"}],"circlet_count":0,"master_deck":["AscendersBane","animator:Strike_AccelWorld","animator:Defend_AccelWorld","animator:Strike","animator:Strike","animator:Defend","animator:Defend","animator:Defend","animator:Kuroyukihime","animator:LimeBell","animator:Gillette","animator:Shigure","animator:Mikaela","animator:KrulTepes","animator:Chung","animator:Laby+1","animator:Emilia"],"relics":["animator:LivingPicture","animator:TheMissingPiece","Bronze Scales","FossilizedHelix","Blood Vial","Singing Bowl","Mummified Hand","The Courier"],"acts_visited":["Exordium"],"potions_floor_usage":[5,16],"damage_taken":[{"damage":0.0,"enemies":"Jaw Worm","floor":1.0,"turns":4.0},{"damage":0.0,"enemies":"Cultist","floor":2.0,"turns":4.0},{"damage":0,"enemies":"2 Louse","floor":4,"turns":2},{"damage":21,"enemies":"Large Slime","floor":5,"turns":6},{"damage":21,"enemies":"Gremlin Nob","floor":6,"turns":5},{"damage":1,"enemies":"Lagavulin","floor":8,"turns":9},{"damage":22,"enemies":"Gremlin Nob","floor":14,"turns":6},{"damage":30,"enemies":"Slime Boss","floor":16,"turns":10}],"seed_played":"2323590412902625017","potions_obtained":[{"floor":4,"key":"SkillPotion"},{"floor":8,"key":"Energy Potion"},{"floor":14,"key":"SkillPotion"}],"is_trial":false,"path_per_floor":["M","M","?","M","M","E","R","E","T","$","R","?","?","E","R","B"],"character_chosen":"THE_ANIMATOR","items_purchased":["animator:Emilia"],"campfire_rested":2,"item_purchase_floors":[10],"current_hp_per_floor":[54,54,48,49,28,7,25,25,25,25,25,25,25,7,26,0,0],"gold":133,"neow_bonus":"RANDOM_COMMON_RELIC","is_daily":false,"chose_seed":false,"campfire_upgraded":1,"win_rate":0.0,"timestamp":1608739844,"path_taken":["M","M","?","?","M","E","R","E","T","$","R","?","?","E","R","BOSS"],"items_purchased_type":["Card"],"build_version":"2020-12-22","purchased_purges":1,"victory":false,"max_hp_per_floor":[60,60,60,61,61,61,61,62,62,62,62,62,62,64,64,64,64],"card_choices":[{"not_picked":["animator:Tyuule","animator:Mitsuba"],"picked":"animator:Gillette","floor":1.0},{"not_picked":["animator:Priestess","animator:Kuribayashi"],"picked":"animator:Shigure","floor":2.0},{"not_picked":["animator:Chung","animator:HighElfArcher"],"picked":"animator:Mikaela","floor":4},{"not_picked":["animator:Shinoa","animator:Mitsuba"],"picked":"animator:KrulTepes","floor":5},{"not_picked":["animator:Lu","animator:KrulTepes"],"picked":"animator:Chung","floor":6},{"not_picked":["animator:Ciel","animator:Shion"],"picked":"animator:Laby","floor":8},{"not_picked":["animator:IrohaTamaki","animator:Laby","animator:LizardPriest"],"picked":"Singing Bowl","floor":14}],"player_experience":2357529,"relics_obtained":[{"floor":6,"key":"FossilizedHelix"},{"floor":8,"key":"Blood Vial"},{"floor":8,"key":"Singing Bowl"},{"floor":9,"key":"Mummified Hand"},{"floor":14,"key":"The Courier"}],"event_choices":[{"damage_healed":0,"gold_gain":50,"player_choice":"Touch","damage_taken":6,"max_hp_gain":0,"max_hp_loss":0,"event_name":"FaceTrader","floor":3,"gold_loss":0},{"damage_healed":0,"gold_gain":0,"player_choice":"Ignored","damage_taken":0,"max_hp_gain":0,"max_hp_loss":0,"event_name":"Shining Light","floor":12,"gold_loss":0},{"damage_healed":0,"gold_gain":0,"player_choice":"Ignored","damage_taken":0,"max_hp_gain":0,"max_hp_loss":0,"event_name":"Liars Game","floor":13,"gold_loss":0}],"is_beta":false,"boss_relics":[],"items_purged_floors":[10],"is_endless":false,"potions_floor_spawned":[4,8,14],"killed_by":"Slime Boss","ascension_level":15}}