{"host":"mqhvlr3kpxebko0t","time":1608735076,"event":{"mods":["AchievementEnabler","BaseMod","Colored Map","Keyboard Shortcuts","Minty Spire (QoL Compilation)","StSLib","SuperFastMode"],"gold_per_floor":[119,139,152,152,37,37,50,50,100,121,121,121,121,46,46,120,120,120,138,0,0,0,0,0,0],"floor_reached":24,"playtime":326,"items_purged":["Strike_R"],"score":364,"play_id":"06b6f087-9daf-4695-ba15-52cad9378e36","local_time":"20201223235116","is_ascension_mode":true,"campfire_choices":[{"data":"Evolve","floor":6.0,"key":"SMITH"},{"data":"Pommel Strike","floor":8.0,"key":"SMITH"},{"data":"Second Wind","floor":11.0,"key":"SMITH"},{"floor":13.0,"key":"REST"},{"data":"Bash","floor":15.0,"key":"SMITH"},{"data":"Sentinel","floor":23,"key":"SMITH"}],"circlet_count":0,"master_deck":["AscendersBane","Strike_R","Defend_R","Defend_R","Bash+1","Pommel Strike+1","Pommel Strike+1","Evolve+1","Second Wind+1","Sentinel+1"],"relics":["Burning Blood","Art of War","Odd Mushroom","Empty Cage"],"acts_visited":["Exordium","TheCity"],"potions_floor_usage":[18],"damage_taken":[{"damage":7.0,"enemies":"Small Slimes","floor":1.0,"turns":3.0},{"damage":7.0,"enemies":"Cultist","floor":2.0,"turns":4.0},{"damage":7.0,"enemies":"Jaw Worm","floor":3.0,"turns":3.0},{"damage":13.0,"enemies":"Large Slime","floor":7.0,"turns":5.0},{"damage":26.0,"enemies":"The Mushroom Lair","floor":10.0,"turns":5.0},{"damage":26.0,"enemies":"Slime Boss","floor":16.0,"turns":10.0},{"damage":0,"enemies":"2 Thieves","floor":18,"turns":1},{"damage":17,"enemies":"Chosen","floor":19,"turns":5},{"damage":10,"enemies":"Gremlin Leader","floor":24,"turns":3}],"seed_played":"925484745444453011","potions_obtained":[{"floor":3.0,"key":"SmokeBomb"},{"floor":7.0,"key":"Energy Potion"},{"floor":10.0,"key":"DuplicationPotion"}],"is_trial":false,"path_per_floor":["M","M","M","?","$","R","M","R","T","?","R","?","R","$","R","B",null,"M","M","?","?","?","R","E"],"character_chosen":"IRONCLAD","items_purchased":["Pommel Strike","Evolve"],"campfire_rested":1,"item_purchase_floors":[5,5],"current_hp_per_floor":[67,66,65,65,65,65,58,58,58,38,38,31,51,51,51,31,59,65,54,54,54,35,35,25,25],"gold":0,"neow_bonus":"REMOVE_TWO","is_daily":false,"chose_seed":false,"campfire_upgraded":5,"win_rate":0.0,"timestamp":1608735076,"path_taken":["M","M","M","?","$","R","?","R","T","?","R","?","R","$","R","BOSS","M","M","?","?","?","R","E"],"items_purchased_type":["Card","Card"],"build_version":"2020-12-22","purchased_purges":1,"victory":false,"max_hp_per_floor":[68,68,68,68,68,68,68,68,68,68,68,68,68,68,68,68,68,68,68,68,68,73,73,73,73],"card_choices":[{"not_picked":["Havoc","Heavy Blade","Iron Wave"],"picked":"SKIP","floor":1.0},{"not_picked":["Thunderclap","Inflame"],"picked":"Pommel Strike","floor":2.0},{"not_picked":["Flame Barrier","Armaments","Warcry"],"picked":"SKIP","floor":3.0},{"not_picked":["Clash","Reaper"],"picked":"Second Wind","floor":7.0},{"not_picked":["True Grit","Pommel Strike"],"picked":"Sentinel","floor":19}],"player_experience":680025,"relics_obtained":[{"floor":9.0,"key":"Art of War"},{"floor":10.0,"key":"Odd Mushroom"}],"event_choices":[{"damage_healed":0.0,"max_hp_gain":0.0,"max_hp_loss":0.0,"gold_gain":0.0,"event_name":"Upgrade Shrine","player_choice":"Upgraded","floor":4.0,"gold_loss":0.0,"damage_taken":0.0,"cards_upgraded":["Pommel Strike"]},{"damage_healed":0.0,"max_hp_gain":0.0,"max_hp_loss":0.0,"gold_gain":0.0,"event_name":"Mushrooms","player_choice":"Fought Mushrooms","floor":10.0,"gold_loss":0.0,"damage_taken":0.0},{"cards_removed":["Strike_R"],"damage_healed":0.0,"max_hp_gain":0.0,"max_hp_loss":0.0,"gold_gain":0.0,"event_name":"Golden Wing","player_choice":"Card Removal","floor":12.0,"gold_loss":0.0,"damage_taken":7.0},{"damage_healed":0,"gold_gain":0,"player_choice":"Paid Fearfully","damage_taken":0,"max_hp_gain":0,"max_hp_loss":0,"event_name":"Masked Bandits","floor":20,"gold_loss":138},{"damage_healed":0,"gold_gain":0,"player_choice":"Shed Blood","damage_taken":24,"max_hp_gain":5,"max_hp_loss":0,"event_name":"Forgotten Altar","floor":22,"gold_loss":0}],"is_beta":false,"boss_relics":[{"not_picked":["SlaversCollar","Black Blood"],"picked":"Empty Cage"}],"items_purged_floors":[14],"is_endless":false,"potions_floor_spawned":[3,7,10,16],"killed_by":"Gremlin Leader","ascension_level":20}}