{"host":"7qwh44rcs0e87z6o","time":1608759223,"event":{"mods":["AchievementEnabler","BaseMod","Better-Laid Plans","Card Forge","Colored Powertips","Curses Come First","DeckTracker","Gold Saver","Minty Spire (QoL Compilation)","Quick Restart","StSLib"],"gold_per_floor":[117,117,217,233,245,278,278,311,335,349,363,373,30,44,44,145,145,156,156,175,19,35,35,35,63,63,63,74,74,103,113,113,210,210,220,239,254,110,129,163,163,196,196,221,221,221,231,231,231,231],"floor_reached":51,"playtime":2460,"items_purged":[],"score":1345,"play_id":"3018b2d3-ba3c-465f-825b-9b35f7ab584d","local_time":"20201223163343","is_ascension_mode":true,"campfire_choices":[{"floor":7,"key":"REST"},{"floor":15,"key":"REST"},{"floor":23,"key":"REST"},{"floor":27,"key":"REST"},{"floor":32,"key":"REST"},{"floor":41,"key":"REST"},{"floor":45,"key":"REST"},{"floor":49,"key":"REST"}],"circlet_count":0,"master_deck":["Defend_R+1","Defend_R+1","Defend_R+1","Defend_R+1","Barricade+1","Berserk+1","Entrench+1","Flame Barrier+1","Metallicize+1","Whirlwind+1","Barricade+1","Defend_R+1","Flame Barrier+1","Juggernaut+1","Metallicize+1","Entrench+1","Juggernaut+1","Metallicize+1","Juggernaut+1","Juggernaut+1","Metallicize+1","Flame Barrier+1","Fire Breathing+1","Seeing Red+1","Metallicize+1","Body Slam+1","Feed+1","Impervious+1","Combust+1","Seeing Red+1","Feed+1","Entrench+1","Dual Wield+1","Entrench+1","Body Slam+1"],"relics":["Burning Blood","Hammer of Thor","Seething Fire","Anvil of the Gods","Orichalcum","Lantern","Ancient Tea Set","Ice Cream","Runic Dome","Oddly Smooth Stone","Matryoshka","Frozen Egg 2","Prayer Wheel","PreservedInsect","Runic Pyramid","ClockworkSouvenir","Magic Flower","Kunai","Pantograph"],"acts_visited":["Exordium","TheCity","TheBeyond"],"potions_floor_usage":[16,39,50,50,50],"damage_taken":[{"damage":21,"enemies":"Small Slimes","floor":1,"turns":5},{"damage":18,"enemies":"2 Louse","floor":4,"turns":3},{"damage":0,"enemies":"Cultist","floor":5,"turns":4},{"damage":16,"enemies":"Gremlin Nob","floor":6,"turns":5},{"damage":12,"enemies":"Lagavulin","floor":8,"turns":6},{"damage":0,"enemies":"2 Fungi Beasts","floor":10,"turns":4},{"damage":6,"enemies":"Exordium Thugs","floor":11,"turns":4},{"damage":11,"enemies":"3 Louse","floor":12,"turns":3},{"damage":4,"enemies":"Blue Slaver","floor":14,"turns":4},{"damage":36,"enemies":"Hexaghost","floor":16,"turns":5},{"damage":13,"enemies":"2 Thieves","floor":18,"turns":3},{"damage":20,"enemies":"3 Byrds","floor":20,"turns":4},{"damage":6,"enemies":"Centurion and Healer","floor":22,"turns":5},{"damage":9,"enemies":"Gremlin Leader","floor":25,"turns":5},{"damage":0,"enemies":"Snake Plant","floor":28,"turns":2},{"damage":13,"enemies":"Slavers","floor":30,"turns":4},{"damage":2,"enemies":"Sentry and Sphere","floor":31,"turns":5},{"damage":1,"enemies":"Collector","floor":33,"turns":7},{"damage":9,"enemies":"Orb Walker","floor":35,"turns":4},{"damage":12,"enemies":"3 Darklings","floor":36,"turns":5},{"damage":23,"enemies":"Jaw Worm Horde","floor":37,"turns":3},{"damage":44,"enemies":"Transient","floor":39,"turns":5},{"damage":2,"enemies":"Giant Head","floor":40,"turns":5},{"damage":12,"enemies":"Nemesis","floor":42,"turns":5},{"damage":6,"enemies":"Giant Head","floor":44,"turns":7},{"damage":0,"enemies":"Sphere and 2 Shapes","floor":47,"turns":5},{"damage":40,"enemies":"Time Eater","floor":50,"turns":9}],"seed_played":"2796670607092347546","potions_obtained":[{"floor":6,"key":"BloodPotion"},{"floor":16,"key":"EssenceOfSteel"},{"floor":25,"key":"BloodPotion"},{"floor":44,"key":"EssenceOfSteel"},{"floor":47,"key":"BloodPotion"}],"is_trial":false,"path_per_floor":["M","?","?","M","M","E","R","E","T","M","M","M","$","M","R","B",null,"M","?","M","$","M","R","?","E","T","R","M","$","E","M","R","B",null,"M","M","M","$","M","E","R","E","T","E","R","?","M","$","R","B",null],"character_chosen":"IRONCLAD","items_purchased":["Ice Cream","Body Slam","Oddly Smooth Stone","ClockworkSouvenir"],"campfire_rested":8,"item_purchase_floors":[13,13,21,38],"current_hp_per_floor":[65,65,65,53,59,49,73,67,67,73,73,68,68,70,80,66,80,73,73,59,59,59,80,80,81,81,84,84,84,77,81,84,84,84,85,79,66,66,46,50,77,74,74,77,92,92,96,96,96,94],"gold":231,"neow_bonus":"UPGRADE_CARD","is_daily":false,"chose_seed":false,"campfire_upgraded":0,"win_rate":0.0,"timestamp":1608759223,"path_taken":["M","?","?","M","M","E","R","E","T","?","M","M","$","M","R","BOSS","M","?","M","$","M","R","?","E","T","R","?","$","E","M","R","BOSS","M","M","M","$","M","E","R","E","T","E","R","?","M","?","R","BOSS"],"items_purchased_type":["Relic","Card","Relic","Relic"],"build_version":"2020-12-22","purchased_purges":0,"victory":true,"max_hp_per_floor":[80,80,80,80,80,80,80,80,80,80,80,80,80,80,80,80,80,80,80,80,80,80,80,80,84,84,84,84,84,84,84,84,84,84,88,88,92,92,92,92,92,92,92,92,92,92,96,96,96,96],"card_choices":[{"not_picked":["Anger","Shockwave","Twin Strike"],"picked":"SKIP","floor":1},{"not_picked":["Dark Embrace","Disarm"],"picked":"Flame Barrier","floor":4},{"not_picked":["Anger","Warcry"],"picked":"Fire Breathing","floor":5},{"not_picked":["Hemokinesis","Intimidate","Pummel"],"picked":"SKIP","floor":6},{"not_picked":["Rupture","Clothesline"],"picked":"Seeing Red","floor":8},{"not_picked":["Brutality","Warcry","Rage"],"picked":"SKIP","floor":10},{"not_picked":["Flex","Iron Wave","Clash"],"picked":"SKIP","floor":11},{"not_picked":["Shrug It Off","Evolve"],"picked":"Metallicize","floor":12},{"not_picked":["Searing Blow","Ghostly Armor","Evolve"],"picked":"SKIP","floor":14},{"not_picked":["Bludgeon","Barricade"],"picked":"Feed","floor":16},{"not_picked":["Twin Strike+1","Headbutt","Hemokinesis"],"picked":"SKIP","floor":18},{"not_picked":["Havoc","Headbutt"],"picked":"Impervious","floor":20},{"not_picked":["Headbutt","Sentinel+1","Heavy Blade"],"picked":"SKIP","floor":22},{"not_picked":["Exhume","Intimidate"],"picked":"Seeing Red","floor":25},{"not_picked":["Blood for Blood+1","Thunderclap","Sword Boomerang+1"],"picked":"SKIP","floor":28},{"not_picked":["Power Through","Rampage","Disarm+1"],"picked":"SKIP","floor":28},{"not_picked":["Immolate","Thunderclap+1","Wild Strike"],"picked":"SKIP","floor":30},{"not_picked":["Clash+1","Twin Strike","True Grit"],"picked":"SKIP","floor":31},{"not_picked":["Carnage","Wild Strike+1","Anger+1"],"picked":"SKIP","floor":31},{"not_picked":["Limit Break","Exhume"],"picked":"Feed","floor":33},{"not_picked":["Twin Strike+1","Body Slam+1"],"picked":"Entrench","floor":35},{"not_picked":["Anger","Body Slam","Clothesline"],"picked":"SKIP","floor":35},{"not_picked":["Iron Wave","Ghostly Armor+1","Warcry"],"picked":"SKIP","floor":36},{"not_picked":["Headbutt+1","Carnage","Power Through"],"picked":"SKIP","floor":36},{"not_picked":["Heavy Blade+1","Bludgeon","Twin Strike"],"picked":"SKIP","floor":37},{"not_picked":["Havoc","Burning Pact","Headbutt"],"picked":"SKIP","floor":37},{"not_picked":["Clothesline","Perfected Strike"],"picked":"Dual Wield+1","floor":39},{"not_picked":["Heavy Blade","Anger","Havoc+1"],"picked":"SKIP","floor":39},{"not_picked":["Fire Breathing+1","Havoc+1","Thunderclap"],"picked":"SKIP","floor":40},{"not_picked":["Headbutt","Shrug It Off+1"],"picked":"Entrench+1","floor":42},{"not_picked":["Immolate","Cleave","True Grit+1"],"picked":"SKIP","floor":44},{"not_picked":["Heavy Blade","Cleave"],"picked":"Body Slam+1","floor":47},{"not_picked":["Havoc","Intimidate+1","Clothesline+1"],"picked":"SKIP","floor":47}],"player_experience":14703,"relics_obtained":[{"floor":6,"key":"Orichalcum"},{"floor":8,"key":"Lantern"},{"floor":9,"key":"Ancient Tea Set"},{"floor":25,"key":"Matryoshka"},{"floor":26,"key":"Frozen Egg 2"},{"floor":26,"key":"Prayer Wheel"},{"floor":30,"key":"PreservedInsect"},{"floor":40,"key":"Magic Flower"},{"floor":43,"key":"Kunai"},{"floor":43,"key":"Pantograph"}],"event_choices":[{"cards_removed":["Bash"],"damage_healed":0,"gold_gain":0,"player_choice":"Forget","damage_taken":0,"max_hp_gain":0,"max_hp_loss":0,"event_name":"Living Wall","floor":2,"gold_loss":0},{"damage_healed":0,"gold_gain":100,"player_choice":"Pray","damage_taken":0,"max_hp_gain":0,"max_hp_loss":0,"event_name":"Golden Shrine","floor":3,"gold_loss":0},{"damage_healed":0,"gold_gain":0,"player_choice":"Ignored","damage_taken":0,"max_hp_gain":0,"max_hp_loss":0,"event_name":"Vampires","floor":19,"gold_loss":0},{"damage_healed":0,"gold_gain":0,"player_choice":"Read","damage_taken":0,"max_hp_gain":0,"max_hp_loss":0,"event_name":"The Library","floor":24,"gold_loss":0,"cards_obtained":["Combust"]},{"damage_healed":0,"gold_gain":0,"player_choice":"Ignored","damage_taken":0,"max_hp_gain":0,"max_hp_loss":0,"event_name":"Tomb of Lord Red Mask","floor":46,"gold_loss":0}],"is_beta":false,"boss_relics":[{"not_picked":["Runic Cube","Astrolabe"],"picked":"Runic Dome"},{"not_picked":["Calling Bell","Busted Crown"],"picked":"Runic Pyramid"}],"items_purged_floors":[],"is_endless":false,"potions_floor_spawned":[4,6,8,14,16,20,22,25,28,35,36,39,44,47],"ascension_level":2}}