{"host":"etaq29tqikxfqxk8","time":1608763678,"event":{"mods":["AchievementEnabler","BaseMod","Better Third Choice","BetterRewards","Colored Map","Colored Powertips","Minty Spire (QoL Compilation)","Rare Cards Sparkle","Shop Mod","StSLib","The Bug Knight","yUi"],"gold_per_floor":[115,215,228,248,248,248,288,288,288,63,88,103,203,226,226,226,226],"floor_reached":16,"playtime":1276,"items_purged":[],"score":102,"play_id":"52d9537f-a086-49da-81cb-fe50e648a55b","local_time":"20201223234758","is_ascension_mode":false,"campfire_choices":[{"data":"HollowMod:FocusHealStart","floor":6,"key":"SMITH"},{"floor":8,"key":"REST"},{"floor":15,"key":"REST"}],"circlet_count":0,"master_deck":["HollowMod:NailStrikeStart","HollowMod:NailStrikeStart","HollowMod:NailStrikeStart","HollowMod:NailStrikeStart","HollowMod:QuickDashStart","HollowMod:QuickDashStart","HollowMod:QuickDashStart","HollowMod:QuickDashStart","HollowMod:FocusHealStart+1","HollowMod:PogoStrike","HollowMod:CycloneSlash","HollowMod:DesolateDive","HollowMod:DashSlash","Injury","HollowMod:SoulStrike","HollowMod:ZotesMagnificence","HollowMod:InfectedAttack","HollowMod:RecoilStrike","HollowMod:CycloneSlash","HollowMod:InfectionAssault","HollowMod:SoulShaman","HollowMod:WraithStrike","HollowMod:SharpenedNail","HollowMod:BlackTendrils"],"relics":["HollowMod:VesselMask","NeowsBlessing","Golden Idol","Bottled Flame","Smiling Mask","Orrery"],"acts_visited":["Exordium"],"potions_floor_usage":[],"damage_taken":[{"damage":0,"enemies":"Jaw Worm","floor":1,"turns":1},{"damage":0,"enemies":"Cultist","floor":3,"turns":1},{"damage":0,"enemies":"2 Louse","floor":4,"turns":1},{"damage":53,"enemies":"Lagavulin","floor":7,"turns":9},{"damage":22,"enemies":"Red Slaver","floor":11,"turns":4},{"damage":17,"enemies":"Blue Slaver","floor":12,"turns":3},{"damage":8,"enemies":"Large Slime","floor":14,"turns":4},{"damage":61,"enemies":"The Guardian","floor":16,"turns":8}],"seed_played":"-601137437090631251","potions_obtained":[{"floor":1,"key":"Fire Potion"},{"floor":3,"key":"SteroidPotion"},{"floor":11,"key":"Energy Potion"}],"is_trial":false,"path_per_floor":["M","?","M","M","?","R","E","R","T","$","M","M","?","M","R","B"],"character_chosen":"THE_BUGKNIGHT","items_purchased":["HollowMod:ZotesMagnificence","Orrery"],"campfire_rested":2,"item_purchase_floors":[10,10],"current_hp_per_floor":[75,75,75,75,75,75,32,54,54,54,38,27,27,25,47,0,0],"gold":226,"neow_bonus":"THREE_ENEMY_KILL","is_daily":false,"chose_seed":false,"campfire_upgraded":1,"win_rate":0.0,"timestamp":1608763678,"path_taken":["M","?","M","?","?","R","E","R","T","$","M","M","?","M","R","BOSS"],"items_purchased_type":["Card","Relic"],"build_version":"2020-12-22","purchased_purges":0,"victory":false,"max_hp_per_floor":[75,75,75,75,75,75,75,75,75,75,75,75,75,75,75,75,75],"card_choices":[{"not_picked":["HollowMod:Grubsong","HollowMod:InfectionAssault"],"picked":"HollowMod:CycloneSlash","floor":1},{"not_picked":["HollowMod:HeavyBlow","HollowMod:DescendingDark"],"picked":"HollowMod:DesolateDive","floor":3},{"not_picked":["HollowMod:NewJinnsSoul","HollowMod:DescendingDark"],"picked":"HollowMod:DashSlash","floor":4},{"not_picked":["HollowMod:ZotesMagnificence","HollowMod:PerfectDash"],"picked":"HollowMod:SoulStrike","floor":7},{"not_picked":["HollowMod:InfectionAssault","HollowMod:HuntersJournal"],"picked":"HollowMod:InfectedAttack","floor":10},{"not_picked":["HollowMod:HeavyBlow","HollowMod:GrimmsGift"],"picked":"HollowMod:RecoilStrike","floor":10},{"not_picked":["HollowMod:VengefulVoid","HollowMod:AbyssShriek"],"picked":"HollowMod:CycloneSlash","floor":10},{"not_picked":["HollowMod:NewGlowingWomb","HollowMod:SiblingsSouls"],"picked":"HollowMod:InfectionAssault","floor":10},{"not_picked":["HollowMod:GreatSlash","HollowMod:HowlingWraiths"],"picked":"HollowMod:SoulShaman","floor":10},{"not_picked":["HollowMod:TaintedHusks","HollowMod:SiblingsSouls"],"picked":"HollowMod:WraithStrike","floor":11},{"not_picked":["HollowMod:GoodIntentions","HollowMod:SoulEater"],"picked":"HollowMod:SharpenedNail","floor":12},{"not_picked":["HollowMod:GoodIntentions","HollowMod:SiblingsShadow"],"picked":"HollowMod:BlackTendrils","floor":14}],"player_experience":32775,"relics_obtained":[{"floor":7,"key":"Bottled Flame"},{"floor":9,"key":"Smiling Mask"}],"event_choices":[{"damage_healed":0,"gold_gain":100,"player_choice":"Gold","damage_taken":0,"max_hp_gain":0,"max_hp_loss":0,"event_name":"Wheel of Change","floor":2,"gold_loss":0},{"damage_healed":0,"gold_gain":0,"player_choice":"Take Wound","damage_taken":0,"relics_obtained":["Golden Idol"],"max_hp_gain":0,"max_hp_loss":0,"event_name":"Golden Idol","floor":5,"gold_loss":0,"cards_obtained":["Injury"]},{"damage_healed":0,"gold_gain":100,"player_choice":"Pray","damage_taken":0,"max_hp_gain":0,"max_hp_loss":0,"event_name":"Golden Shrine","floor":13,"gold_loss":0}],"is_beta":false,"boss_relics":[],"items_purged_floors":[],"is_endless":false,"potions_floor_spawned":[1,3,11],"killed_by":"The Guardian","ascension_level":0}}