{"host":"vc42n08di9czm3e7","time":1608753342,"event":{"mods":["AchievementEnabler","Act Like it!","BaseMod","Colored Powertips","Downfall","Friendly Minions","GifTheSpireLib","Jorbs\u0027s Wanderer Trilogy","Minty Spire (QoL Compilation)","Rare Cards Sparkle","StSLib","The Bug Knight"],"gold_per_floor":[99,114,129,38,50,68,122,122,222,54,64,99,99,110,122,221,221,221,237,237,237,237,237,237],"floor_reached":22,"playtime":1322,"items_purged":["Guardian:Aged"],"score":211,"play_id":"9b612a32-08f0-406c-89e8-639e6a67c967","local_time":"20201223145542","is_ascension_mode":false,"campfire_choices":[{"data":"hexamod:GhostflameInferno","floor":1,"key":"SMITH"},{"data":"hexamod:PowerFromBeyond","floor":8,"key":"SMITH"},{"data":"hexamod:GiftsFromTheDead","floor":13,"key":"SMITH"},{"floor":18,"key":"RECALL"}],"circlet_count":0,"master_deck":["hexamod:Defend","hexamod:Defend","hexamod:Defend","hexamod:Defend","hexamod:Sear","hexamod:Float","hexamod:GhostflameInferno+1","hexamod:StepThrough","hexamod:GhostLash","hexamod:PowerFromBeyond+1","hexamod:FirstSeal","hexamod:StepThrough","hexamod:WildfireWeapon","hexamod:GiftsFromTheDead+1","hexamod:Rewind","hexamod:Firestarter","hexamod:Sear","hexamod:NightmareGuise","hexamod:Haunt","hexamod:EtherealExpedition","hexamod:NightmareStrike","hexamod:ThermalTransfer","hexamod:SearingWound","hexamod:PhantomFireball+1","Bite","Bite","Bite","Bite","Bite"],"relics":["hexamod:SpiritBrand","Orichalcum","downfall:GremlinSack","Omamori","Fusion Hammer"],"acts_visited":["Exordium","TheCity"],"potions_floor_usage":[15,19,19],"damage_taken":[{"damage":0,"enemies":"Cultist","floor":2,"turns":3},{"damage":0,"enemies":"Small Slimes","floor":3,"turns":3},{"damage":4,"enemies":"downfall:FleeingMerchant","floor":4,"turns":4},{"damage":6,"enemies":"Jaw Worm","floor":5,"turns":3},{"damage":17,"enemies":"Lots of Slimes","floor":6,"turns":4},{"damage":21,"enemies":"Lots of Slimes","floor":9,"turns":4},{"damage":0,"enemies":"downfall:FleeingMerchant","floor":10,"turns":4},{"damage":7,"enemies":"2 Fungi Beasts","floor":11,"turns":3},{"damage":19,"enemies":"Lagavulin","floor":12,"turns":5},{"damage":1,"enemies":"Blue Slaver","floor":14,"turns":3},{"damage":0,"enemies":"Large Slime","floor":15,"turns":5},{"damage":22,"enemies":"downfall:Watcher","floor":16,"turns":10},{"damage":0,"enemies":"3 Byrds","floor":19,"turns":4},{"damage":59,"enemies":"3 Cultists","floor":22,"turns":6}],"seed_played":"1030090694983803551","potions_obtained":[{"floor":2,"key":"PowerPotion"},{"floor":3,"key":"Dexterity Potion"},{"floor":9,"key":"LiquidBronze"},{"floor":16,"key":"Block Potion"}],"is_trial":false,"path_per_floor":["R","M","M","$","M","M","T","R","?","$","M","E","R","M","M","B",null,"R","M","?","?","M"],"character_chosen":"THE_SPIRIT","items_purchased":["hexamod:FirstSeal","hexamod:EtherealExpedition"],"campfire_rested":0,"item_purchase_floors":[4,10],"current_hp_per_floor":[70,70,70,66,67,57,57,57,43,50,43,31,31,30,37,22,70,70,70,70,49,0,0,0],"gold":237,"neow_bonus":"ONE_RANDOM_RARE_CARD","is_daily":false,"chose_seed":false,"campfire_upgraded":3,"win_rate":0.0,"timestamp":1608753342,"path_taken":["R","M","M","$","M","?","T","R","?","$","M","E","R","M","M","BOSS","R","M","?","?","M"],"items_purchased_type":["Card","Card"],"build_version":"2020-12-13","purchased_purges":1,"victory":false,"max_hp_per_floor":[70,70,70,70,70,70,70,70,70,70,70,70,70,70,70,70,70,70,70,70,49,49,49,49],"card_choices":[{"not_picked":["hexamod:SuperheatedStrike","hexamod:BacktrackSmack"],"picked":"hexamod:StepThrough","floor":2},{"not_picked":["hexamod:GhostOfSpirePresent","hexamod:FourthSeal"],"picked":"hexamod:GhostLash","floor":3},{"not_picked":["hexamod:Hexaguard","hexamod:BacktrackSmack"],"picked":"hexamod:PowerFromBeyond","floor":4},{"not_picked":["hexamod:NightmareStrike","hexamod:GhostLash"],"picked":"hexamod:StepThrough","floor":5},{"not_picked":["hexamod:Incineration","hexamod:ThermalTransfer"],"picked":"hexamod:WildfireWeapon","floor":6},{"not_picked":["hexamod:Hexaguard","hexamod:RainOfEmbers"],"picked":"hexamod:NightmareGuise","floor":9},{"not_picked":["hexamod:FirstSeal","hexamod:RainOfEmbers"],"picked":"hexamod:Haunt","floor":10},{"not_picked":["hexamod:AdvancingGuard","hexamod:Haunt","hexamod:Again"],"picked":"SKIP","floor":11},{"not_picked":["hexamod:SwordOfDarkness","hexamod:HauntingEcho"],"picked":"hexamod:NightmareStrike","floor":12},{"not_picked":["hexamod:Hexaguard","hexamod:PhantomCloak"],"picked":"hexamod:ThermalTransfer","floor":14},{"not_picked":["hexamod:NightmareStrike","hexamod:RainOfEmbers","hexamod:Firestarter"],"picked":"SKIP","floor":15},{"not_picked":["hexamod:TurnItUp","hexamod:CrushingStance"],"picked":"hexamod:SearingWound","floor":16},{"not_picked":["hexamod:GhostLash","hexamod:SwordOfDarkness"],"picked":"hexamod:PhantomFireball+1","floor":19}],"player_experience":174297,"relics_obtained":[{"floor":7,"key":"Orichalcum"},{"floor":9,"key":"downfall:GremlinSack"},{"floor":12,"key":"Omamori"}],"event_choices":[{"damage_healed":0,"gold_gain":0,"player_choice":"Became a vampire","damage_taken":0,"max_hp_gain":0,"max_hp_loss":21,"event_name":"Vampires","floor":21,"gold_loss":0,"cards_obtained":["Bite","Bite","Bite","Bite","Bite"]}],"is_beta":false,"boss_relics":[{"not_picked":["Black Star","SlaversCollar"],"picked":"Fusion Hammer"}],"items_purged_floors":[10],"is_endless":false,"potions_floor_spawned":[2,3,9,11,12,14,16],"killed_by":"3 Cultists","ascension_level":0}}