{"host":"6999i8eg5ewbhdiq","time":1608742936,"event":{"mods":["AchievementEnabler","BaseMod","Colored Map","Colored Powertips","Highlight Path","Minty Spire (QoL Compilation)"],"gold_per_floor":[114,126,126,126,59,59,84,84,84,84,84,101,101,136,136,233,233,245,160,160,85,104,104,4,4,54,54,86,104,134,148,148,252,252,271,121,121,42,54,54,80,80,80,80,98,98,98,113,113,113],"floor_reached":51,"playtime":1912,"items_purged":["Defend_B","Defend_B"],"score":784,"play_id":"13401033-c9cd-4546-8985-93315cb12ac4","local_time":"20201223180216","is_ascension_mode":true,"campfire_choices":[{"floor":6.0,"key":"REST"},{"floor":11.0,"key":"REST"},{"data":"Darkness","floor":13.0,"key":"SMITH"},{"data":"Static Discharge","floor":15.0,"key":"SMITH"},{"data":"Darkness","floor":23.0,"key":"SMITH"},{"data":"Rainbow","floor":27.0,"key":"SMITH"},{"floor":32.0,"key":"REST"},{"data":"Creative AI","floor":40.0,"key":"SMITH"},{"floor":44.0,"key":"REST"},{"floor":46.0,"key":"REST"},{"floor":49.0,"key":"REST"}],"circlet_count":0,"master_deck":["Dualcast+1","Auto Shields+1","Darkness+1","Static Discharge+1","Rainbow+1","Darkness+1","Auto Shields+1","Darkness+1","Defragment","Creative AI+1","Fission+1","Cold Snap","Scrape","Storm"],"relics":["Cracked Core","HornCleat","Turnip","Question Card","Tiny Chest","Busted Crown","Toxic Egg 2","Cables","War Paint","Bag of Marbles","Nunchaku","Pandora\u0027s Box","Lantern","White Beast Statue","Symbiotic Virus","Calipers"],"acts_visited":["Exordium","TheCity","TheBeyond"],"potions_floor_usage":[50,50,50],"damage_taken":[{"damage":5.0,"enemies":"2 Louse","floor":1.0,"turns":3.0},{"damage":10.0,"enemies":"Small Slimes","floor":2.0,"turns":5.0},{"damage":18.0,"enemies":"Lagavulin","floor":7.0,"turns":6.0},{"damage":5.0,"enemies":"Cultist","floor":12.0,"turns":4.0},{"damage":3.0,"enemies":"Gremlin Nob","floor":14.0,"turns":4.0},{"damage":21.0,"enemies":"Hexaghost","floor":16.0,"turns":8.0},{"damage":2.0,"enemies":"3 Byrds","floor":18.0,"turns":4.0},{"damage":0.0,"enemies":"Spheric Guardian","floor":22.0,"turns":3.0},{"damage":8.0,"enemies":"Slavers","floor":28.0,"turns":5.0},{"damage":3.0,"enemies":"Chosen and Byrds","floor":29.0,"turns":4.0},{"damage":14.0,"enemies":"Book of Stabbing","floor":30.0,"turns":3.0},{"damage":0.0,"enemies":"Snecko","floor":31.0,"turns":4.0},{"damage":21.0,"enemies":"Champ","floor":33.0,"turns":9.0},{"damage":11.0,"enemies":"Orb Walker","floor":35.0,"turns":3.0},{"damage":11.0,"enemies":"3 Shapes","floor":39.0,"turns":4.0},{"damage":42.0,"enemies":"Nemesis","floor":41.0,"turns":5.0},{"damage":4.0,"enemies":"3 Darklings","floor":45.0,"turns":3.0},{"damage":4.0,"enemies":"Sphere and 2 Shapes","floor":48.0,"turns":3.0},{"damage":20,"enemies":"Time Eater","floor":50,"turns":4}],"seed_played":"5544721108662272689","potions_obtained":[{"floor":7.0,"key":"BlessingOfTheForge"},{"floor":16.0,"key":"Weak Potion"},{"floor":22.0,"key":"BlessingOfTheForge"},{"floor":29.0,"key":"AttackPotion"},{"floor":31.0,"key":"SmokeBomb"},{"floor":39.0,"key":"SkillPotion"},{"floor":41.0,"key":"DistilledChaos"},{"floor":45.0,"key":"DuplicationPotion"},{"floor":48.0,"key":"FearPotion"}],"is_trial":false,"path_per_floor":["M","M","?","?","$","R","E","?","T","?","R","M","R","E","R","B",null,"M","?","?","$","M","R","$","?","T","R","E","M","E","M","R","B",null,"M","$","T","$","M","R","E","?","T","R","M","R","?","M","R","B",null],"character_chosen":"DEFECT","items_purchased":["Static Discharge","Lantern","Storm"],"campfire_rested":6,"item_purchase_floors":[5,36,38],"current_hp_per_floor":[70,60,57,42,42,64,46,46,46,46,68,63,63,60,60,39,75,73,73,73,73,73,73,73,73,73,73,65,62,48,48,70,49,75,64,64,64,64,53,53,11,11,11,33,29,51,51,47,69,49],"gold":113,"neow_bonus":"TRANSFORM_CARD","is_daily":false,"chose_seed":false,"campfire_upgraded":5,"win_rate":0.0,"timestamp":1608742936,"path_taken":["M","M","?","?","$","R","E","?","T","?","R","?","R","E","R","BOSS","M","?","?","$","M","R","$","?","T","R","E","M","E","M","R","BOSS","M","$","?","$","M","R","E","?","T","R","?","R","?","M","R","BOSS"],"items_purchased_type":["Card","Relic","Card"],"build_version":"2020-12-22","purchased_purges":2,"victory":true,"max_hp_per_floor":[75,75,75,75,75,75,75,75,75,75,75,75,75,75,75,75,75,75,75,75,75,75,75,75,75,75,75,75,75,75,75,75,75,75,75,75,75,75,75,75,75,75,75,75,75,75,75,75,75,75],"card_choices":[{"not_picked":["Gash","Leap"],"picked":"Darkness","floor":1.0},{"not_picked":["Conserve Battery","Double Energy","Hologram"],"picked":"SKIP","floor":2.0},{"not_picked":["Capacitor","Heatsinks","Hologram"],"picked":"SKIP","floor":7.0},{"not_picked":["Auto Shields","Beam Cell","Hologram","Consume"],"picked":"SKIP","floor":12.0},{"not_picked":["Cold Snap","Turbo","Double Energy","Beam Cell"],"picked":"SKIP","floor":14.0},{"not_picked":["Multi-Cast","All For One","Machine Learning"],"picked":"Rainbow","floor":16.0},{"not_picked":["BootSequence"],"picked":"Darkness","floor":18.0},{"not_picked":["Consume+1"],"picked":"Auto Shields+1","floor":22.0},{"not_picked":["Compile Driver+1","Gash+1"],"picked":"SKIP","floor":28.0},{"not_picked":["Rebound+1"],"picked":"Defragment","floor":29.0},{"not_picked":["Go for the Eyes","Steam Power+1"],"picked":"SKIP","floor":30.0},{"not_picked":["Auto Shields+1","Coolheaded+1"],"picked":"SKIP","floor":31.0},{"not_picked":["Hello World","Chill+1"],"picked":"SKIP","floor":35.0},{"not_picked":["Cold Snap+1","Scrape+1"],"picked":"SKIP","floor":39.0},{"not_picked":["Static Discharge+1","Undo+1"],"picked":"SKIP","floor":41.0},{"not_picked":["Fusion+1","Lockon"],"picked":"SKIP","floor":45.0},{"not_picked":["Leap+1","Streamline"],"picked":"SKIP","floor":48.0}],"player_experience":97203,"relics_obtained":[{"floor":7.0,"key":"Turnip"},{"floor":9.0,"key":"Question Card"},{"floor":14.0,"key":"Tiny Chest"},{"floor":26.0,"key":"War Paint"},{"floor":28.0,"key":"Bag of Marbles"},{"floor":30.0,"key":"Nunchaku"},{"floor":37.0,"key":"White Beast Statue"},{"floor":41.0,"key":"Symbiotic Virus"},{"floor":43.0,"key":"Calipers"}],"event_choices":[{"damage_healed":0.0,"max_hp_gain":0.0,"max_hp_loss":0.0,"gold_gain":0.0,"event_name":"Scrap Ooze","player_choice":"Success","floor":3.0,"gold_loss":0.0,"damage_taken":3.0,"relics_obtained":["HornCleat"]},{"damage_healed":0.0,"max_hp_gain":0.0,"max_hp_loss":0.0,"gold_gain":0.0,"event_name":"Shining Light","player_choice":"Entered Light","floor":4.0,"gold_loss":0.0,"damage_taken":15.0,"cards_upgraded":["Strike_B","Dualcast"]},{"damage_healed":0.0,"max_hp_gain":0.0,"max_hp_loss":0.0,"gold_gain":0.0,"event_name":"Golden Idol","player_choice":"Ignored","floor":8.0,"gold_loss":0.0,"damage_taken":0.0},{"cards_removed":["Strike_B"],"damage_healed":0.0,"max_hp_gain":0.0,"max_hp_loss":0.0,"gold_gain":0.0,"event_name":"Purifier","player_choice":"Purged","floor":10.0,"gold_loss":0.0,"damage_taken":0.0},{"damage_healed":0.0,"max_hp_gain":0.0,"max_hp_loss":0.0,"gold_gain":0.0,"event_name":"Addict","player_choice":"Obtained Relic","floor":19.0,"gold_loss":85.0,"damage_taken":0.0,"relics_obtained":["Toxic Egg 2"]},{"damage_healed":0.0,"max_hp_gain":0.0,"max_hp_loss":0.0,"gold_gain":0.0,"event_name":"The Mausoleum","player_choice":"Opened","floor":20.0,"gold_loss":0.0,"damage_taken":0.0,"relics_obtained":["Cables"]},{"damage_healed":0.0,"max_hp_gain":0.0,"max_hp_loss":0.0,"gold_gain":0.0,"event_name":"The Library","player_choice":"Read","floor":25.0,"gold_loss":0.0,"damage_taken":0.0,"cards_obtained":["Darkness"]},{"cards_removed":["Zap"],"damage_healed":0.0,"max_hp_gain":0.0,"max_hp_loss":0.0,"gold_gain":0.0,"event_name":"Purifier","player_choice":"Purged","floor":42.0,"gold_loss":0.0,"damage_taken":0.0},{"damage_healed":0.0,"max_hp_gain":0.0,"max_hp_loss":0.0,"gold_gain":0.0,"event_name":"Mysterious Sphere","player_choice":"Ignored","floor":47.0,"gold_loss":0.0,"damage_taken":0.0}],"is_beta":false,"boss_relics":[{"not_picked":["Philosopher\u0027s Stone","Tiny House"],"picked":"Busted Crown"},{"not_picked":["Inserter","Runic Dome"],"picked":"Pandora\u0027s Box"}],"items_purged_floors":[21,24],"is_endless":false,"potions_floor_spawned":[7,16,22,29,31,39,41,45,48],"ascension_level":2}}