{"host":"pzjm4rhuc0ce13vz","time":1608763768,"event":{"mods":["BaseMod","BetterRewards","Colored Map","Colored Powertips","DeckTracker","Highlight Path","Marisa????????","Minty Spire (QoL Compilation)","Quick Restart","StSLib","The Hierophant","The Senshi"],"gold_per_floor":[119,119,119,127,155,155,185,211,211,234,51,87,87,87,87,53,53],"floor_reached":16,"playtime":1497,"items_purged":["hierophant:Strike_Hierophant"],"score":135,"play_id":"4ba8fc42-6875-4d7b-bc98-f67b8bff351e","local_time":"20201223234928","is_ascension_mode":false,"campfire_choices":[{"data":"hierophant:Punish","floor":6,"key":"SMITH"},{"data":"hierophant:Charity","floor":13,"key":"SMITH"},{"data":"hierophant:MorningPrayer","floor":15,"key":"SMITH"}],"circlet_count":0,"master_deck":["hierophant:Strike_Hierophant","hierophant:Strike_Hierophant","hierophant:Strike_Hierophant","hierophant:Punish+1","hierophant:Defend_Hierophant","hierophant:Defend_Hierophant","hierophant:Defend_Hierophant","hierophant:Defend_Hierophant","hierophant:ChurchCoffers","hierophant:Dazzle","hierophant:Doubloon+1","hierophant:MorningPrayer","hierophant:MintersHammer","hierophant:MorningPrayer+1","hierophant:Zeal","hierophant:DivineIntervention","hierophant:Charity+1","hierophant:Doubloon+1","hierophant:RustyCrate","hierophant:Doubloon","hierophant:Doubloon+1","hierophant:HolyVerse"],"relics":["hierophant:PropheticMaskRelic","Centennial Puzzle","Singing Bowl","Oddly Smooth Stone","Vajra","Pantograph"],"acts_visited":["Exordium"],"potions_floor_usage":[10,10,16,16],"damage_taken":[{"damage":0,"enemies":"2 Louse","floor":1,"turns":1},{"damage":1,"enemies":"Jaw Worm","floor":4,"turns":4},{"damage":0,"enemies":"Cultist","floor":5,"turns":4},{"damage":9,"enemies":"3 Sentries","floor":7,"turns":7},{"damage":0,"enemies":"Exordium Wildlife","floor":8,"turns":1},{"damage":21,"enemies":"Lagavulin","floor":10,"turns":10},{"damage":0,"enemies":"2 Fungi Beasts","floor":12,"turns":2},{"damage":77,"enemies":"Slime Boss","floor":16,"turns":9}],"seed_played":"-944302747748799068","potions_obtained":[{"floor":1,"key":"AttackPotion"},{"floor":7,"key":"SteroidPotion"},{"floor":8,"key":"Energy Potion"},{"floor":12,"key":"Explosive Potion"}],"is_trial":false,"path_per_floor":["M","?","?","M","M","R","E","M","T","E","$","M","R","T","R","B"],"character_chosen":"HIEROPHANT","items_purchased":["hierophant:Dazzle","hierophant:Charity","hierophant:RustyCrate"],"campfire_rested":0,"item_purchase_floors":[0,11,11],"current_hp_per_floor":[75,72,77,76,76,76,69,69,69,48,48,48,48,48,48,0,0],"gold":53,"neow_bonus":"","is_daily":false,"chose_seed":false,"campfire_upgraded":3,"win_rate":0.0,"timestamp":1608763768,"path_taken":["M","?","?","M","M","R","E","M","T","E","?","M","R","?","R","BOSS"],"items_purchased_type":["Card","Card","Card"],"build_version":"2020-12-22","purchased_purges":1,"victory":false,"max_hp_per_floor":[75,75,80,80,80,80,82,82,82,82,82,82,82,82,82,82,82],"card_choices":[{"not_picked":["hierophant:FieryStrike","hierophant:Encroach"],"picked":"hierophant:MorningPrayer","floor":1},{"not_picked":["hierophant:Purify","hierophant:Alms"],"picked":"hierophant:MintersHammer","floor":4},{"not_picked":["hierophant:ConvertCurrency","hierophant:Empathy"],"picked":"hierophant:MorningPrayer","floor":5},{"not_picked":["hierophant:ThreeLashes","hierophant:Prophecy","hierophant:Sermon"],"picked":"Singing Bowl","floor":7},{"not_picked":["hierophant:Sermon","hierophant:MorningPrayer"],"picked":"hierophant:Zeal","floor":8},{"not_picked":["hierophant:SealAway","hierophant:Shelter"],"picked":"hierophant:DivineIntervention","floor":10},{"not_picked":["hierophant:Doomsaying","hierophant:PassingBell"],"picked":"hierophant:HolyVerse","floor":12}],"player_experience":207909,"relics_obtained":[{"floor":7,"key":"Singing Bowl"},{"floor":9,"key":"Oddly Smooth Stone"},{"floor":10,"key":"Vajra"},{"floor":14,"key":"Pantograph"}],"event_choices":[{"damage_healed":0,"gold_gain":0,"player_choice":"Success","damage_taken":3,"relics_obtained":["Centennial Puzzle"],"max_hp_gain":0,"max_hp_loss":0,"event_name":"Scrap Ooze","floor":2,"gold_loss":0},{"damage_healed":0,"gold_gain":0,"player_choice":"Donut","damage_taken":0,"max_hp_gain":5,"max_hp_loss":0,"event_name":"Big Fish","floor":3,"gold_loss":0}],"is_beta":false,"boss_relics":[],"items_purged_floors":[11],"is_endless":false,"potions_floor_spawned":[1,7,8,12],"killed_by":"Slime Boss","ascension_level":0}}