{"host":"utqe55yv0jihe4d6","time":1608690040,"event":{"mods":["2.2 Compatiblity","AchievementEnabler","BaseMod","Block Reminder","Colored Map","Colored Powertips","Minty Spire (QoL Compilation)","Quick Restart","Rare Cards Sparkle","Relic Stats","SuperFastMode"],"gold_per_floor":[118,43,63,63,63,95,95,130,157,183,163,163,174,192,192,192,192],"floor_reached":16,"playtime":308,"items_purged":[],"score":286,"play_id":"b883e2e7-e4fb-4684-9f55-21e3e39ebeba","local_time":"20201222212040","is_ascension_mode":true,"campfire_choices":[{"data":"Neutralize","floor":7,"key":"SMITH"},{"floor":12,"key":"REST"},{"data":"Noxious Fumes","floor":15,"key":"SMITH"}],"circlet_count":0,"master_deck":["AscendersBane","Strike_G","Strike_G","Strike_G","Strike_G","Strike_G","Defend_G","Defend_G","Defend_G","Defend_G","Defend_G","Survivor","Neutralize+1","Bouncing Flask","Noxious Fumes+1","Noxious Fumes","Dagger Throw","Dagger Throw","Deadly Poison"],"relics":["Ring of the Snake","NeowsBlessing","Bronze Scales","Blue Candle","Nunchaku","Orichalcum"],"acts_visited":["Exordium"],"potions_floor_usage":[10,14,16],"damage_taken":[{"damage":0,"enemies":"2 Louse","floor":1,"turns":1},{"damage":0,"enemies":"Jaw Worm","floor":3,"turns":1},{"damage":0,"enemies":"Lagavulin","floor":6,"turns":1},{"damage":35,"enemies":"3 Sentries","floor":8,"turns":7},{"damage":21,"enemies":"Lagavulin","floor":10,"turns":7},{"damage":1,"enemies":"Small Slimes","floor":13,"turns":3},{"damage":8,"enemies":"Gremlin Gang","floor":14,"turns":4},{"damage":16,"enemies":"Slime Boss","floor":16,"turns":6}],"seed_played":"-2992423652074512007","potions_obtained":[{"floor":3,"key":"Swift Potion"},{"floor":6,"key":"GhostInAJar"},{"floor":11,"key":"GhostInAJar"},{"floor":14,"key":"GamblersBrew"}],"is_trial":false,"path_per_floor":["M","$","M","?","?","E","R","E","T","E","?","R","M","M","R","B"],"character_chosen":"THE_SILENT","items_purchased":["Bouncing Flask"],"campfire_rested":1,"item_purchase_floors":[2],"current_hp_per_floor":[59,59,59,59,59,59,59,24,24,3,3,22,21,13,13,0,0],"gold":192,"neow_bonus":"THREE_ENEMY_KILL","is_daily":false,"chose_seed":false,"campfire_upgraded":2,"win_rate":0.0,"timestamp":1608690040,"path_taken":["M","$","M","?","?","E","R","E","T","E","?","R","?","M","R","BOSS"],"items_purchased_type":["Card"],"build_version":"2020-12-13","purchased_purges":0,"victory":false,"max_hp_per_floor":[66,66,66,66,66,66,66,66,66,66,66,66,66,66,66,66,66],"relic_stats":{"Nunchaku":[2],"counters":[8,30],"Bronze Scales":[63],"Blue Candle":[0],"Orichalcum":[36],"obtain_stats":[{"Nunchaku":9,"NeowsBlessing":0,"Bronze Scales":6,"Blue Candle":8,"Orichalcum":10,"Ring of the Snake":0},{"Nunchaku":4,"NeowsBlessing":0,"Bronze Scales":3,"Blue Candle":4,"Orichalcum":5,"Ring of the Snake":0},{"Nunchaku":10,"NeowsBlessing":0,"Bronze Scales":3,"Blue Candle":10,"Orichalcum":17,"Ring of the Snake":0}],"Ring of the Snake":[16]},"card_choices":[{"not_picked":["Acrobatics","Deflect","Concentrate"],"picked":"SKIP","floor":1},{"not_picked":["Blade Dance","Infinite Blades"],"picked":"Noxious Fumes","floor":3},{"not_picked":["Dodge and Roll","Prepared","PiercingWail"],"picked":"SKIP","floor":6},{"not_picked":["Bouncing Flask","Prepared"],"picked":"Noxious Fumes","floor":8},{"not_picked":["Flechettes","Prepared"],"picked":"Dagger Throw","floor":10},{"not_picked":["Riddle With Holes","Backflip"],"picked":"Dagger Throw","floor":13},{"not_picked":["Tools of the Trade","Dagger Throw"],"picked":"Deadly Poison","floor":14}],"player_experience":2835401,"relics_obtained":[{"floor":6,"key":"Bronze Scales"},{"floor":8,"key":"Blue Candle"},{"floor":9,"key":"Nunchaku"},{"floor":10,"key":"Orichalcum"}],"event_choices":[{"damage_healed":0,"gold_gain":0,"player_choice":"Leave","damage_taken":0,"max_hp_gain":0,"max_hp_loss":0,"event_name":"The Cleric","floor":4,"gold_loss":0},{"damage_healed":0,"gold_gain":0,"player_choice":"Ignored","damage_taken":0,"max_hp_gain":0,"max_hp_loss":0,"event_name":"Liars Game","floor":5,"gold_loss":0},{"damage_healed":0,"gold_gain":0,"player_choice":"Bought 1 Potion","damage_taken":0,"max_hp_gain":0,"max_hp_loss":0,"event_name":"The Woman in Blue","floor":11,"gold_loss":0}],"is_beta":false,"boss_relics":[],"items_purged_floors":[],"is_endless":false,"potions_floor_spawned":[3,6,13,14],"killed_by":"Slime Boss","ascension_level":20}}