{"host":"cp5jenm8mmpif3zo","time":1608752164,"event":{"mods":["Act Like it!","Aspiration","BaseMod","BetterRewards","Chen","Colored Map","Conspire","Energized Spire","FTL Soundtrack","Friendly Minions","Gensokyo","Halation","Highlight Path","Hubris","Kiyohime????","Koishi","Marisa????????","Minty Spire (QoL Compilation)","Pikachu Mod","Prisma Mod","Quick Restart","Railgun Mod","Random Character Button","Replay The Spire","Shop Mod","Spikes Relics","StSLib","The IronCluck","TheHero","Yuyuko","vexMod"],"gold_per_floor":[114,114,44,55,88,88,116,26,26,26,41,41,75,1,1,104,104,114,39,54,54,64,64,64],"floor_reached":23,"playtime":1128,"items_purged":["Strike_R"],"score":215,"play_id":"279c3369-aea5-43d0-b7b2-47c4bf35d6b4","local_time":"20201223133604","is_ascension_mode":true,"campfire_choices":[{"data":"ReplayTheSpireMod:Strike From Hell","floor":6,"key":"SMITH"},{"data":"Trip","floor":10,"key":"SMITH"},{"data":"ReplayTheSpireMod:Strike From Hell","floor":12,"key":"SMITH"},{"data":"ReplayTheSpireMod:Strike From Hell","floor":15,"key":"SMITH"}],"circlet_count":0,"master_deck":["Strike_R","Strike_R","Strike_R","Strike_R+1","Defend_R","Defend_R+1","Defend_R","Defend_R","Bash","ReplayTheSpireMod:Strike From Hell+1","ReplayTheSpireMod:Strike From Hell+1","ReplayTheSpireMod:Strike From Hell+1","Trip+1","Gensokyo:LockedMedkit"],"relics":["Burning Blood","NeowsBlessing","Gensokyo:OccultBall","Self Forming Clay","hubris:IronBody","Calipers","Ornamental Fan","halation:Prosthetics","Frozen Eye"],"acts_visited":["Exordium","Gensokyo:Gensokyo"],"potions_floor_usage":[7,7,16,16,22],"damage_taken":[{"damage":0,"enemies":"Gensokyo:Gryphon","floor":1,"turns":1},{"damage":0,"enemies":"Gensokyo:2_Kodama","floor":4,"turns":1},{"damage":0,"enemies":"conspire:MimicChest","floor":5,"turns":1},{"damage":17,"enemies":"Gensokyo:Aya","floor":7,"turns":4},{"damage":5,"enemies":"Gensokyo:3_Fairies","floor":11,"turns":3},{"damage":44,"enemies":"Gensokyo:Cirno","floor":13,"turns":8},{"damage":24,"enemies":"Gensokyo:Reimu","floor":16,"turns":8},{"damage":20,"enemies":"Gensokyo:3_Dogs","floor":18,"turns":8},{"damage":2,"enemies":"Gensokyo:Chomper","floor":20,"turns":4},{"damage":16,"enemies":"Gensokyo:Wraith","floor":22,"turns":4},{"damage":30,"enemies":"Gensokyo:Koishi","floor":23,"turns":4}],"seed_played":"-6273931503747792864","potions_obtained":[{"floor":4,"key":"EntropicBrew"},{"floor":11,"key":"SpeedPotion"},{"floor":13,"key":"Energy Potion"},{"floor":18,"key":"Weak Potion"}],"is_trial":false,"path_per_floor":["M","?","?","M","?","R","E","$","T","R","M","R","E","COS","R","B",null,"M","$","M","$","M","E"],"character_chosen":"IRONCLAD","items_purchased":["Trip"],"campfire_rested":0,"item_purchase_floors":[8],"current_hp_per_floor":[80,80,80,80,80,80,69,69,69,69,70,70,32,32,32,14,45,31,31,35,35,25,0,0],"gold":64,"neow_bonus":"THREE_ENEMY_KILL","is_daily":false,"chose_seed":false,"campfire_upgraded":4,"win_rate":0.0,"timestamp":1608752164,"path_taken":["M","?","?","M","?","R","E","?","T","R","M","R","E","COS","R","BOSS","M","?","M","?","M","E"],"items_purchased_type":["Card"],"build_version":"2020-12-22","purchased_purges":1,"victory":false,"max_hp_per_floor":[80,80,80,80,80,80,80,80,80,80,80,80,80,80,80,80,45,45,45,45,45,45,45,45],"card_choices":[{"not_picked":["Headbutt","Shrug It Off"],"picked":"Clash","floor":1},{"not_picked":["Wild Strike","Pommel Strike"],"picked":"ReplayTheSpireMod:Strike From Hell","floor":4},{"not_picked":["hubris:ReadiedAction","Shrug It Off"],"picked":"ReplayTheSpireMod:Strike From Hell","floor":5},{"not_picked":["Dropkick","hubris:SharpeningStone"],"picked":"ReplayTheSpireMod:Strike From Hell","floor":7},{"not_picked":["ReplayReversal","Whirlwind","Body Slam"],"picked":"SKIP","floor":11},{"not_picked":["Replay:Undeath\u0027s Touch","conspire:ExplosiveBarrier","Pommel Strike"],"picked":"SKIP","floor":13},{"not_picked":["Heavy Blade","Iron Wave+1","Warcry"],"picked":"SKIP","floor":18},{"not_picked":["Power Through+1","Clothesline","Abandon"],"picked":"SKIP","floor":20},{"not_picked":["Rupture","Massacre","Replay:Undeath\u0027s Touch"],"picked":"SKIP","floor":22}],"player_experience":252153,"relics_obtained":[{"floor":5,"key":"Self Forming Clay"},{"floor":7,"key":"hubris:IronBody"},{"floor":9,"key":"Calipers"},{"floor":11,"key":"Gensokyo:OccultBall"},{"floor":13,"key":"Ornamental Fan"},{"floor":16,"key":"Gensokyo:OccultBall"}],"event_choices":[],"is_beta":false,"boss_relics":[{"not_picked":["Abe\u0027s Treasure","aspiration:SecretTechniqueScroll"],"picked":"halation:Prosthetics"}],"items_purged_floors":[19],"is_endless":false,"potions_floor_spawned":[4,11,13,18],"killed_by":"Gensokyo:Koishi","ascension_level":2}}