{"host":"kos1s9q8ffr8fqos","time":1608703249,"event":{"mods":["2.2 Compatiblity","AchievementEnabler","AlwaysNeverKeys","BaseMod","Bestiary","Better Altar","Better Match","Better Note","Better Sensory Stone","Better Skull","Better Third Choice","Better Vampires","Colored Map","Colored Powertips","Curses Come First","Hermit","Infinite Spire","Jorbs\u0027s Wanderer Trilogy","Minty Spire (QoL Compilation)","Quick Restart","Random Character Button","Relic Stats","Replay The Spire","StSLib","The Blue Laboratory","The Disciple","The Hierophant"],"gold_per_floor":[113,113,125,136,61,61,87,87,160,195,212,212,244,255,255,327,327,341,341,44,58,76,103,103,128,128,128,153,203,203,217,217,296,296,342,342,413,14,31,63,63,81,81,115,127,145,170,170,170,174],"floor_reached":51,"playtime":3571,"items_purged":["Strike_P","Strike_P","Strike_P"],"score":1538,"play_id":"3eed827c-628e-4cf5-8c67-31e022cafa7e","local_time":"20201223000049","is_ascension_mode":true,"campfire_choices":[{"data":"Apotheosis","floor":6,"key":"SMITH"},{"data":"TalkToTheHand","floor":8,"key":"SMITH"},{"data":"Wireheading","floor":15,"key":"SMITH"},{"floor":24,"key":"REST"},{"data":"Secret Technique","floor":30,"key":"SMITH"},{"data":"Pot Of Greed","floor":32,"key":"SMITH"},{"data":"Wish","floor":41,"key":"SMITH"},{"floor":49,"key":"DIG"}],"circlet_count":0,"master_deck":["AscendersBane","Defend_P","Defend_P","Eruption","Vigilance","stsjorbsmod:Withering","Apotheosis+1","TalkToTheHand+1","ClearTheMind","CutThroughFate+1","ThirdEye","Pot Of Greed","Pot Of Greed","Conclude","Crescendo","Replay:Anticipation","Wireheading+1","ConjureBlade","CutThroughFate+1","Pot Of Greed+1","infinitespire:Menacing","Secret Technique+1","Weave+1","CarveReality","infinitespire:TheBestDefense","Collect","Wish+1","MentalFortress","FollowUp+1","Adaptation","Scrawl+1","LikeWater+1","Pot Of Greed","Replay:Hum+1","Vault+1","SashWhip+1","Replay:ManipulateFuture+1","Vault+1"],"relics":["HolyWater","ReplayTheSpireMod:Lightbulb","Replay:Bottled Eggs","Grinning Jar","Replay:Baseball","Membership Card","Pantograph","Nunchaku","Blood Vial","infinitespire:ShieldingShard","SlaversCollar","infinitespire:PuzzleCube","Boot","Empty Cage","MawBank","Golden Egg","Question Card","infinitespire:Midas Blood","Sundial","Regal Pillow","GoldenEye","Pen Nib"],"acts_visited":["Exordium","TheCity","TheBeyond"],"potions_floor_usage":[13,16,31,40,50],"damage_taken":[{"damage":0,"enemies":"2 Louse","floor":1,"turns":1},{"damage":0,"enemies":"Jaw Worm","floor":3,"turns":4},{"damage":1,"enemies":"Small Slimes","floor":4,"turns":3},{"damage":2,"enemies":"Lagavulin","floor":7,"turns":7},{"damage":1,"enemies":"Replay:BlueRogue","floor":10,"turns":5},{"damage":2,"enemies":"Exordium Thugs","floor":11,"turns":2},{"damage":2,"enemies":"3 Sentries","floor":13,"turns":3},{"damage":0,"enemies":"Exordium Wildlife","floor":14,"turns":3},{"damage":13,"enemies":"The Guardian","floor":16,"turns":7},{"damage":0,"enemies":"Spheric Guardian","floor":18,"turns":3},{"damage":1,"enemies":"3 Byrds","floor":21,"turns":4},{"damage":8,"enemies":"Snake Plant","floor":22,"turns":3},{"damage":10,"enemies":"Gremlin Leader","floor":23,"turns":4},{"damage":0,"enemies":"Replay:Snechameleon","floor":28,"turns":4},{"damage":8,"enemies":"Centurion and Healer","floor":31,"turns":5},{"damage":0,"enemies":"Champ","floor":33,"turns":5},{"damage":0,"enemies":"3 Shapes","floor":35,"turns":4},{"damage":0,"enemies":"3 Darklings","floor":39,"turns":4},{"damage":11,"enemies":"Reptomancer","floor":40,"turns":5},{"damage":0,"enemies":"Transient","floor":42,"turns":5},{"damage":0,"enemies":"Nemesis","floor":44,"turns":6},{"damage":0,"enemies":"Sphere and 2 Shapes","floor":45,"turns":4},{"damage":10,"enemies":"Jaw Worm Horde","floor":46,"turns":5},{"damage":0,"enemies":"Mind Bloom Boss Battle","floor":47,"turns":5},{"damage":18,"enemies":"Donu and Deca","floor":50,"turns":7}],"seed_played":"-685567421984395919","potions_obtained":[{"floor":1,"key":"Toxic Potion"},{"floor":4,"key":"blueLaboratory:AbyssPotion"},{"floor":7,"key":"SpeedPotion"},{"floor":11,"key":"DistilledChaos"},{"floor":16,"key":"SteroidPotion"},{"floor":21,"key":"GamblersBrew"},{"floor":31,"key":"GamblersBrew"},{"floor":42,"key":"SteroidPotion"},{"floor":45,"key":"blueLaboratory:FrostheartPotion"}],"is_trial":false,"path_per_floor":["M","?","M","M","?","R","E","R","T","E","M","?","E","M","R","B",null,"M","?","$","M","M","E","R","T","T","AVR","E","T","R","M","R","B",null,"M","?","?","$","M","E","R","M","T","E","M","M","?","?","R_BF","B",null],"character_chosen":"WATCHER","items_purchased":["Membership Card","Secret Technique","Golden Egg","Question Card","Scrawl"],"campfire_rested":1,"item_purchase_floors":[20,20,38,38,38],"current_hp_per_floor":[61,66,66,65,65,65,63,63,63,62,60,42,40,40,40,27,62,62,62,62,61,53,43,64,64,64,64,66,66,66,60,60,73,73,73,73,73,73,73,62,62,64,64,66,68,60,73,73,73,55],"gold":174,"neow_bonus":"RANDOM_COLORLESS_2","is_daily":false,"chose_seed":false,"campfire_upgraded":6,"win_rate":0.0,"timestamp":1608703249,"path_taken":["M","?","M","M","?","R","E","R","T","E","M","?","E","M","R","BOSS","M","?","$","M","?","E","R","?","T","AVR","E","?","R","M","R","BOSS","M","?","?","$","M","E","R","M","T","E","?","?","?","?","R_BF","BOSS"],"items_purchased_type":["Relic","Card","Relic","Relic","Card"],"build_version":"2020-12-22","purchased_purges":3,"victory":true,"max_hp_per_floor":[68,73,73,73,73,73,73,73,73,73,73,73,73,73,73,73,73,73,73,73,73,73,73,73,73,73,73,73,73,73,73,73,73,73,73,73,73,73,73,73,73,73,73,73,73,73,73,73,73,73],"relic_stats":{"Blood Vial":16,"Nunchaku":[15],"Regal Pillow":0,"counters":[25,108],"Sundial":[2],"Pantograph":22,"Pen Nib":[2],"Boot":[43],"MawBank":12,"Question Card":10,"GoldenEye":[22],"obtain_stats":[{"Golden Egg":38,"Regal Pillow":44,"Pen Nib":49,"Boot":29,"Empty Cage":34,"MawBank":37,"Question Card":38,"GoldenEye":47,"Blood Vial":26,"SlaversCollar":27,"Replay:Baseball":13,"Nunchaku":25,"infinitespire:ShieldingShard":27,"Sundial":43,"Pantograph":23,"HolyWater":17,"Membership Card":20,"PureWater":0,"Replay:Bottled Eggs":9,"Grinning Jar":10,"ReplayTheSpireMod:Lightbulb":7,"infinitespire:PuzzleCube":28,"infinitespire:Midas Blood":40},{"Golden Egg":17,"Regal Pillow":21,"Pen Nib":24,"Boot":14,"Empty Cage":16,"MawBank":17,"Question Card":17,"GoldenEye":24,"Blood Vial":13,"SlaversCollar":13,"Replay:Baseball":7,"Nunchaku":13,"infinitespire:ShieldingShard":13,"Sundial":20,"Pantograph":13,"HolyWater":9,"Membership Card":10,"PureWater":0,"Replay:Bottled Eggs":4,"Grinning Jar":5,"ReplayTheSpireMod:Lightbulb":4,"infinitespire:PuzzleCube":14,"infinitespire:Midas Blood":19},{"Golden Egg":67,"Regal Pillow":87,"Pen Nib":101,"Boot":53,"Empty Cage":63,"MawBank":67,"Question Card":67,"GoldenEye":101,"Blood Vial":49,"SlaversCollar":49,"Replay:Baseball":25,"Nunchaku":49,"infinitespire:ShieldingShard":49,"Sundial":81,"Pantograph":49,"HolyWater":35,"Membership Card":38,"PureWater":0,"Replay:Bottled Eggs":15,"Grinning Jar":20,"ReplayTheSpireMod:Lightbulb":15,"infinitespire:PuzzleCube":53,"infinitespire:Midas Blood":76}]},"card_choices":[{"not_picked":["Replay:Dark Deal","ReplayTheSpireMod:Brewmster"],"picked":"Apotheosis","floor":0},{"not_picked":["Nirvana","Protect"],"picked":"TalkToTheHand","floor":1},{"not_picked":["Perseverance","Evaluate"],"picked":"ClearTheMind","floor":3},{"not_picked":["EmptyFist","PathToVictory"],"picked":"CutThroughFate","floor":4},{"not_picked":["EmptyBody","Halt"],"picked":"ThirdEye","floor":7},{"not_picked":["Adaptation","Prostrate"],"picked":"Conclude","floor":10},{"not_picked":["FlyingSleeves","SashWhip"],"picked":"Crescendo","floor":11},{"not_picked":["infinitespire:Fortify","ReplayTheSpireMod:??????????????????????"],"picked":"ReplayTheSpireMod:Chaos Vortex","floor":12},{"not_picked":["Halt","Replay:AtTheReady"],"picked":"Replay:Anticipation","floor":13},{"not_picked":["PathToVictory","Halt"],"picked":"Wireheading","floor":14},{"not_picked":["Vault","DeusExMachina"],"picked":"ConjureBlade","floor":16},{"not_picked":["SandsOfTime","Collect"],"picked":"CutThroughFate","floor":18},{"not_picked":["Fasting2","Replay:Vibes"],"picked":"Weave+1","floor":21},{"not_picked":["Replay:Battleflow+1","EmptyBody","Replay:AtTheReady"],"picked":"SKIP","floor":22},{"not_picked":["Pray","BowlingBash"],"picked":"CarveReality","floor":23},{"not_picked":["ReachHeaven","Tantrum"],"picked":"Collect","floor":28},{"not_picked":["EmptyBody","Indignation","Replay:AtTheReady"],"picked":"SKIP","floor":31},{"not_picked":["Vault","Replay:AllIn"],"picked":"Wish","floor":33},{"not_picked":["Swivel","EmptyMind+1"],"picked":"MentalFortress","floor":35},{"not_picked":["MentalFortress","Sanctity"],"picked":"FollowUp+1","floor":37},{"not_picked":["Replay:BluntJabs","EmptyBody"],"picked":"Adaptation","floor":37},{"not_picked":["EmptyBody","FlurryOfBlows+1","EmptyFist"],"picked":"LikeWater+1","floor":39},{"not_picked":["Perseverance","Weave","Halt","Adaptation"],"picked":"SKIP","floor":40},{"not_picked":["Meditate","CutThroughFate","Wish"],"picked":"Replay:Hum+1","floor":42},{"not_picked":["Replay:Anticipation","FollowUp+1","WindmillStrike"],"picked":"Vault","floor":44},{"not_picked":["FlyingSleeves+1","Indignation+1","EmptyBody"],"picked":"SashWhip+1","floor":45},{"not_picked":["ThirdEye","CutThroughFate","Sanctity"],"picked":"Replay:ManipulateFuture+1","floor":46},{"not_picked":["SignatureMove","EmptyFist","Tantrum"],"picked":"Vault","floor":47}],"player_experience":1251343,"relics_obtained":[{"floor":7,"key":"ReplayTheSpireMod:Lightbulb"},{"floor":9,"key":"Replay:Bottled Eggs"},{"floor":10,"key":"Grinning Jar"},{"floor":13,"key":"Replay:Baseball"},{"floor":23,"key":"Pantograph"},{"floor":25,"key":"Nunchaku"},{"floor":26,"key":"Blood Vial"},{"floor":28,"key":"infinitespire:PuzzleCube"},{"floor":29,"key":"Boot"},{"floor":37,"key":"MawBank"},{"floor":40,"key":"infinitespire:Midas Blood"},{"floor":43,"key":"Sundial"},{"floor":44,"key":"Regal Pillow"},{"floor":47,"key":"GoldenEye"},{"floor":49,"key":"Pen Nib"}],"event_choices":[{"damage_healed":0,"gold_gain":0,"player_choice":"Donut","damage_taken":0,"max_hp_gain":5,"max_hp_loss":0,"event_name":"Big Fish","floor":2,"gold_loss":0},{"cards_removed":["Strike_R"],"damage_healed":0,"gold_gain":0,"player_choice":"Card Removal","damage_taken":0,"max_hp_gain":0,"max_hp_loss":0,"event_name":"The Cleric","floor":5,"gold_loss":75},{"damage_healed":0,"gold_gain":0,"cards_transformed":["ReplayTheSpireMod:Chaos Vortex"],"player_choice":"Transformed","damage_taken":0,"max_hp_gain":0,"max_hp_loss":0,"event_name":"Transmorgrifier","floor":19,"gold_loss":0,"cards_obtained":["infinitespire:Menacing"]},{"damage_healed":0,"gold_gain":0,"player_choice":"Fight","damage_taken":0,"max_hp_gain":0,"max_hp_loss":0,"event_name":"MindBloom","floor":47,"gold_loss":0},{"cards_removed":["Defend_P"],"damage_healed":0,"gold_gain":0,"player_choice":"Purged","damage_taken":0,"max_hp_gain":0,"max_hp_loss":0,"event_name":"Purifier","floor":48,"gold_loss":0}],"is_beta":false,"boss_relics":[{"not_picked":["Philosopher\u0027s Stone","Snecko Eye"],"picked":"HolyWater"},{"not_picked":["Kintsugi","Runic Pyramid"],"picked":"Empty Cage"}],"items_purged_floors":[20,27,38],"is_endless":false,"potions_floor_spawned":[1,4,7,11,16,21,23,31,35,42,45,46],"ascension_level":16}}