{"host":"6s2g4ctvxbrgoc4e","time":1608731555,"event":{"mods":["BaseMod","Minty Spire (QoL Compilation)"],"gold_per_floor":[116,116,41,41,51,51,61,79,79,79,79,92,106,119,119,218,218,229,229,246,263,64,92,110,143,143,53,13,13,29,39,39,138,138,154,54,65,0,26,74,74,74,74,116,128,140,171,210,222,234],"floor_reached":51,"playtime":3350,"items_purged":["Strike_R","Defend_R"],"score":787,"play_id":"56344aca-7be8-4446-a199-5af459a42d28","local_time":"20201223145235","is_ascension_mode":false,"campfire_choices":[{"data":"Spot Weakness","floor":6,"key":"SMITH"},{"data":"Brutality","floor":11,"key":"SMITH"},{"data":"Blood for Blood","floor":15,"key":"SMITH"},{"data":"Heavy Blade","floor":29,"key":"SMITH"},{"data":"Strike_R","floor":32,"key":"SMITH"},{"data":"Reaper","floor":41,"key":"SMITH"},{"data":"Strike_R","floor":45,"key":"SMITH"},{"data":"Defend_R","floor":49,"key":"SMITH"}],"circlet_count":0,"master_deck":["Strike_R+1","Strike_R+1","Defend_R","Defend_R","Defend_R+1","Bash+1","Brutality+1","Spot Weakness+1","Shrug It Off+1","Armaments+1","Disarm+1","Shrug It Off+1","Blood for Blood+1","Entrench+1","Double Tap+1","Infernal Blade+1","Battle Trance+1","Heavy Blade+1","Shrug It Off+1","Flex+1","Flex+1","Power Through+1","Heavy Blade+1","Double Tap+1","Reaper+1","Dual Wield+1","Flex+1","Disarm+1","Finesse+1","Master of Strategy+1","Ghostly Armor+1","Flex+1","Disarm+1"],"relics":["Burning Blood","Toxic Egg 2","Meat on the Bone","Black Star","PreservedInsect","Tiny Chest","Eternal Feather","Ornamental Fan","InkBottle","Pear","Matryoshka","Philosopher\u0027s Stone","Red Mask","White Beast Statue","Boot","Champion Belt","MawBank","Paper Frog","Darkstone Periapt","Orichalcum","Gremlin Horn","Smiling Mask"],"acts_visited":["Exordium","TheCity","TheBeyond"],"potions_floor_usage":[16,23,24,33,33,48,50,50],"damage_taken":[{"damage":5,"enemies":"Cultist","floor":1,"turns":5},{"damage":7,"enemies":"Jaw Worm","floor":5,"turns":4},{"damage":3,"enemies":"Small Slimes","floor":7,"turns":4},{"damage":8,"enemies":"Red Slaver","floor":8,"turns":5},{"damage":22,"enemies":"Lots of Slimes","floor":12,"turns":5},{"damage":5,"enemies":"2 Fungi Beasts","floor":13,"turns":5},{"damage":12,"enemies":"Exordium Thugs","floor":14,"turns":4},{"damage":12,"enemies":"Hexaghost","floor":16,"turns":8},{"damage":19,"enemies":"Spheric Guardian","floor":18,"turns":5},{"damage":13,"enemies":"Shell Parasite","floor":20,"turns":7},{"damage":13,"enemies":"Snecko","floor":21,"turns":6},{"damage":5,"enemies":"Book of Stabbing","floor":23,"turns":5},{"damage":7,"enemies":"Centurion and Healer","floor":24,"turns":6},{"damage":27,"enemies":"Slavers","floor":25,"turns":4},{"damage":25,"enemies":"Cultist and Chosen","floor":30,"turns":5},{"damage":13,"enemies":"Chosen and Byrds","floor":31,"turns":4},{"damage":72,"enemies":"Collector","floor":33,"turns":9},{"damage":12,"enemies":"3 Shapes","floor":35,"turns":5},{"damage":18,"enemies":"3 Darklings","floor":37,"turns":5},{"damage":62,"enemies":"2 Orb Walkers","floor":40,"turns":5},{"damage":22,"enemies":"Giant Head","floor":44,"turns":4},{"damage":8,"enemies":"Transient","floor":47,"turns":5},{"damage":36,"enemies":"Nemesis","floor":48,"turns":5},{"damage":69,"enemies":"Donu and Deca","floor":50,"turns":6}],"seed_played":"148237427190582168","potions_obtained":[{"floor":7,"key":"SpeedPotion"},{"floor":8,"key":"BlessingOfTheForge"},{"floor":10,"key":"Block Potion"},{"floor":10,"key":"Energy Potion"},{"floor":10,"key":"Ancient Potion"},{"floor":16,"key":"Fruit Juice"},{"floor":23,"key":"BloodPotion"},{"floor":25,"key":"GamblersBrew"},{"floor":31,"key":"DistilledChaos"},{"floor":37,"key":"DuplicationPotion"},{"floor":40,"key":"GamblersBrew"},{"floor":47,"key":"SkillPotion"},{"floor":48,"key":"FearPotion"}],"is_trial":false,"path_per_floor":["M","T","$","?","M","R","M","M","T","?","R","M","M","M","R","B",null,"M","T","M","M","$","E","M","E","T","?","$","R","M","M","R","B",null,"M","$","M","?","T","?","R","?","T","E","R","?","M","E","R","B",null],"character_chosen":"IRONCLAD","items_purchased":["Tiny Chest","Shrug It Off+1","Power Through+1"],"campfire_rested":0,"item_purchase_floors":[22,22,28],"current_hp_per_floor":[80,80,80,73,72,72,75,73,73,73,73,57,58,52,52,63,85,72,72,65,58,58,59,58,59,59,59,59,71,64,57,72,37,95,95,95,95,95,95,65,80,70,70,95,95,95,93,63,81,58],"gold":246,"neow_bonus":"ONE_RANDOM_RARE_CARD","is_daily":false,"chose_seed":false,"campfire_upgraded":8,"win_rate":0.0,"timestamp":1608731555,"path_taken":["M","?","$","?","M","R","M","M","T","?","R","M","M","M","R","BOSS","M","?","?","M","$","E","M","E","T","?","?","R","M","M","R","BOSS","M","$","M","?","?","?","R","?","T","E","R","?","M","E","R","BOSS"],"items_purchased_type":["Relic","Card","Card"],"build_version":"2020-12-22","purchased_purges":2,"victory":true,"max_hp_per_floor":[80,80,80,80,80,80,80,80,80,80,80,80,80,80,80,85,85,85,85,85,85,85,85,85,95,95,95,95,95,95,95,95,95,95,95,95,95,95,95,95,95,95,95,95,95,95,95,95,95,95],"card_choices":[{"not_picked":["Thunderclap","Clothesline"],"picked":"Spot Weakness","floor":1},{"not_picked":["Ghostly Armor+1","Flex+1"],"picked":"Shrug It Off+1","floor":5},{"not_picked":["Twin Strike","Anger"],"picked":"Armaments+1","floor":7},{"not_picked":["Sever Soul","Dropkick"],"picked":"Disarm+1","floor":8},{"not_picked":["True Grit+1","Dark Embrace"],"picked":"Shrug It Off+1","floor":12},{"not_picked":["Body Slam","Twin Strike"],"picked":"Blood for Blood","floor":13},{"not_picked":["Infernal Blade+1","Clothesline"],"picked":"Entrench+1","floor":14},{"not_picked":["Berserk","Demon Form"],"picked":"Double Tap+1","floor":16},{"not_picked":["Whirlwind","Warcry+1"],"picked":"Infernal Blade+1","floor":18},{"not_picked":["Pommel Strike","Headbutt+1"],"picked":"Battle Trance+1","floor":20},{"not_picked":["Burning Pact+1","Cleave"],"picked":"Heavy Blade","floor":21},{"not_picked":["Headbutt","Carnage","Thunderclap+1"],"picked":"SKIP","floor":23},{"not_picked":["Reckless Charge+1","Anger+1"],"picked":"Flex+1","floor":24},{"not_picked":["Iron Wave","Warcry+1"],"picked":"Flex+1","floor":25},{"not_picked":["Sword Boomerang+1","True Grit+1"],"picked":"Heavy Blade+1","floor":30},{"not_picked":["Armaments+1","Anger"],"picked":"Double Tap+1","floor":31},{"not_picked":["Offering+1","Fiend Fire"],"picked":"Reaper","floor":33},{"not_picked":["Shrug It Off+1","Seeing Red+1"],"picked":"Dual Wield+1","floor":35},{"not_picked":["Armaments+1","Iron Wave"],"picked":"Flex+1","floor":37},{"not_picked":["Pommel Strike+1","Twin Strike+1"],"picked":"Disarm+1","floor":40},{"not_picked":["HandOfGreed","Sadistic Nature"],"picked":"Finesse+1","floor":42},{"not_picked":["Dark Shackles+1","Transmutation+1"],"picked":"Finesse+1","floor":42},{"not_picked":["Deep Breath+1","Violence+1"],"picked":"Master of Strategy+1","floor":42},{"not_picked":["Clothesline","Twin Strike"],"picked":"Ghostly Armor+1","floor":44},{"not_picked":["Anger","Dark Embrace"],"picked":"Flex+1","floor":47},{"not_picked":["Sever Soul+1","Shrug It Off+1"],"picked":"Disarm+1","floor":48}],"player_experience":22742,"relics_obtained":[{"floor":2,"key":"Toxic Egg 2"},{"floor":9,"key":"Meat on the Bone"},{"floor":19,"key":"PreservedInsect"},{"floor":23,"key":"Eternal Feather"},{"floor":23,"key":"Ornamental Fan"},{"floor":25,"key":"InkBottle"},{"floor":25,"key":"Pear"},{"floor":26,"key":"Matryoshka"},{"floor":39,"key":"White Beast Statue"},{"floor":39,"key":"Boot"},{"floor":40,"key":"Champion Belt"},{"floor":43,"key":"MawBank"},{"floor":43,"key":"Paper Frog"},{"floor":44,"key":"Darkstone Periapt"},{"floor":44,"key":"Orichalcum"},{"floor":48,"key":"Gremlin Horn"},{"floor":48,"key":"Smiling Mask"}],"event_choices":[{"cards_removed":["Strike_R"],"damage_healed":0,"gold_gain":0,"player_choice":"Card Removal","damage_taken":7,"max_hp_gain":0,"max_hp_loss":0,"event_name":"Golden Wing","floor":4,"gold_loss":0},{"damage_healed":0,"gold_gain":0,"player_choice":"Got Potions","damage_taken":0,"max_hp_gain":0,"max_hp_loss":0,"event_name":"Lab","floor":10,"gold_loss":0},{"cards_removed":["Strike_R"],"damage_healed":0,"gold_gain":0,"player_choice":"Upgrade and Remove","damage_taken":0,"max_hp_gain":0,"max_hp_loss":0,"event_name":"Designer","floor":27,"gold_loss":90,"cards_upgraded":["Bash"]},{"damage_healed":0,"gold_gain":0,"player_choice":"Paid","damage_taken":0,"relics_obtained":["Red Mask"],"max_hp_gain":0,"max_hp_loss":0,"event_name":"Tomb of Lord Red Mask","floor":38,"gold_loss":65},{"damage_healed":0,"gold_gain":0,"player_choice":"Fight","damage_taken":0,"max_hp_gain":0,"max_hp_loss":0,"event_name":"Mysterious Sphere","floor":40,"gold_loss":0},{"damage_healed":0,"gold_gain":0,"player_choice":"Memory 3","damage_taken":10,"max_hp_gain":0,"max_hp_loss":0,"event_name":"SensoryStone","floor":42,"gold_loss":0},{"cards_removed":["Finesse"],"damage_healed":0,"gold_gain":0,"player_choice":"Removed Skill","damage_taken":0,"max_hp_gain":0,"max_hp_loss":0,"event_name":"Falling","floor":46,"gold_loss":0}],"is_beta":false,"boss_relics":[{"not_picked":["Fusion Hammer","Empty Cage"],"picked":"Black Star"},{"not_picked":["Cursed Key","Coffee Dripper"],"picked":"Philosopher\u0027s Stone"}],"items_purged_floors":[3,36],"is_endless":false,"potions_floor_spawned":[7,8,13,16,23,25,31,37,40,44,47,48],"ascension_level":0}}