{"host":"28p8ce41sjwa6lzf","time":1608751289,"event":{"mods":["BaseMod","Colored Map","Colored Powertips","Highlight Path","Minty Spire (QoL Compilation)","Permanent Neow","Quick Restart","Random Character Button","Rare Cards Sparkle","Relic Stats","StSLib","Unceasing Turn Reminder"],"gold_per_floor":[118,135,145,164,181,216,216,230,230,230,248,261,261,273,273,347,347,305,31,31,50,50,50,77,89,101,129,166,178,208,240,252,343,355,385,409,421,433,445,445],"floor_reached":39,"playtime":4680,"items_purged":["Strike_R"],"score":954,"play_id":"b47fe843-82cd-4b82-81aa-9d6ccb10419b","local_time":"20201223132129","is_ascension_mode":true,"campfire_choices":[{"floor":7.0,"key":"REST"},{"data":"Armaments","floor":10.0,"key":"SMITH"},{"data":"Barricade","floor":13.0,"key":"SMITH"},{"floor":15.0,"key":"REST"},{"data":"Offering","floor":23.0,"key":"SMITH"},{"data":"Entrench","floor":25.0,"key":"SMITH"},{"data":"True Grit","floor":29.0,"key":"SMITH"},{"floor":32.0,"key":"REST"}],"circlet_count":0,"master_deck":["AscendersBane","Strike_R","Strike_R","Strike_R","Strike_R","Defend_R","Defend_R","Defend_R","Defend_R","Bash","Barricade+1","Body Slam","Armaments+1","Entrench+1","True Grit","Body Slam","True Grit+1","Burning Pact","Clothesline","Offering+1","Seeing Red","Dual Wield","Shrug It Off","Exhume+1"],"relics":["Burning Blood","Oddly Smooth Stone","Red Skull","Busted Crown","Nloth\u0027s Gift","MawBank","Paper Frog","Toxic Egg 2","Sozu"],"acts_visited":["Exordium","TheCity","TheBeyond"],"potions_floor_usage":[35,36],"damage_taken":[{"damage":4.0,"enemies":"Jaw Worm","floor":1.0,"turns":5.0},{"damage":12.0,"enemies":"Cultist","floor":2.0,"turns":4.0},{"damage":3.0,"enemies":"Small Slimes","floor":3.0,"turns":5.0},{"damage":12.0,"enemies":"Gremlin Gang","floor":4.0,"turns":4.0},{"damage":13.0,"enemies":"Red Slaver","floor":5.0,"turns":3.0},{"damage":44.0,"enemies":"Lagavulin","floor":6.0,"turns":11.0},{"damage":14.0,"enemies":"Blue Slaver","floor":8.0,"turns":4.0},{"damage":8.0,"enemies":"Lots of Slimes","floor":11.0,"turns":5.0},{"damage":6.0,"enemies":"Red Slaver","floor":12.0,"turns":8.0},{"damage":11.0,"enemies":"2 Fungi Beasts","floor":14.0,"turns":7.0},{"damage":37.0,"enemies":"The Guardian","floor":16.0,"turns":12.0},{"damage":22.0,"enemies":"2 Thieves","floor":18.0,"turns":5.0},{"damage":6.0,"enemies":"Spheric Guardian","floor":21.0,"turns":3.0},{"damage":6.0,"enemies":"Book of Stabbing","floor":24.0,"turns":4.0},{"damage":17.0,"enemies":"Centurion and Healer","floor":27.0,"turns":7.0},{"damage":27.0,"enemies":"Gremlin Leader","floor":28.0,"turns":10.0},{"damage":6.0,"enemies":"Snecko","floor":30.0,"turns":6.0},{"damage":21.0,"enemies":"Shelled Parasite and Fungi","floor":31.0,"turns":6.0},{"damage":30.0,"enemies":"Champ","floor":33.0,"turns":12.0},{"damage":39,"enemies":"3 Darklings","floor":35,"turns":9},{"damage":6,"enemies":"Orb Walker","floor":36,"turns":3},{"damage":30,"enemies":"Transient","floor":39,"turns":3}],"seed_played":"7463606137445199066","potions_obtained":[{"floor":1.0,"key":"EntropicBrew"},{"floor":3.0,"key":"Strength Potion"},{"floor":12.0,"key":"ColorlessPotion"},{"floor":14.0,"key":"FearPotion"},{"floor":16.0,"key":"Swift Potion"},{"floor":18.0,"key":"BloodPotion"},{"floor":28.0,"key":"Explosive Potion"},{"floor":33.0,"key":"Energy Potion"}],"is_trial":false,"path_per_floor":["M","M","M","M","M","E","R","M","T","R","M","M","R","M","R","B",null,"M","$","?","M","?","R","E","R","T","M","E","R","M","M","R","B",null,"M","M","?","?","M"],"character_chosen":"IRONCLAD","items_purchased":["HeartOfIron","Dual Wield"],"campfire_rested":3,"item_purchase_floors":[19,19],"current_hp_per_floor":[70,64,67,61,54,16,38,30,30,30,28,28,28,23,45,14,60,44,59,59,59,59,59,59,59,59,48,27,27,27,12,34,10,59,26,26,26,26,0,0],"gold":445,"neow_bonus":"ONE_RANDOM_RARE_CARD","is_daily":false,"chose_seed":false,"campfire_upgraded":5,"win_rate":0.0,"timestamp":1608751289,"path_taken":["M","M","M","M","M","E","R","M","T","R","M","M","R","M","R","BOSS","M","$","?","?","?","R","E","R","T","?","E","R","M","M","R","BOSS","M","M","?","?","M"],"items_purchased_type":["Potion","Card"],"build_version":"2020-12-22","purchased_purges":1,"victory":false,"max_hp_per_floor":[75,75,75,75,75,75,75,75,75,75,75,75,75,75,75,75,75,75,75,75,75,75,75,75,75,75,75,75,75,75,75,75,75,75,75,75,75,75,75,75],"relic_stats":{"Sozu":2,"Busted Crown":22,"counters":[22,136],"Nloth\u0027s Gift":0,"MawBank":180,"obtain_stats":[{"Sozu":34,"Busted Crown":17,"Oddly Smooth Stone":6,"Molten Egg 2":20,"Nloth\u0027s Gift":22,"Toxic Egg 2":28,"MawBank":24,"Burning Blood":0,"Red Skull":9,"Paper Frog":26},{"Sozu":19,"Busted Crown":11,"Oddly Smooth Stone":6,"Molten Egg 2":12,"Nloth\u0027s Gift":13,"Toxic Egg 2":16,"MawBank":14,"Burning Blood":0,"Red Skull":7,"Paper Frog":14},{"Sozu":121,"Busted Crown":68,"Oddly Smooth Stone":32,"Molten Egg 2":73,"Nloth\u0027s Gift":76,"Toxic Egg 2":97,"MawBank":80,"Burning Blood":0,"Red Skull":36,"Paper Frog":80}],"Burning Blood":126},"card_choices":[{"not_picked":["Battle Trance","Cleave"],"picked":"Body Slam","floor":1.0},{"not_picked":["Sword Boomerang","Inflame","Twin Strike"],"picked":"SKIP","floor":2.0},{"not_picked":["Warcry","Clash"],"picked":"Armaments","floor":3.0},{"not_picked":["Twin Strike","Carnage"],"picked":"Entrench","floor":4.0},{"not_picked":["Pommel Strike","Sever Soul"],"picked":"True Grit","floor":5.0},{"not_picked":["Brutality","Sever Soul"],"picked":"Body Slam","floor":6.0},{"not_picked":["Dark Embrace","Armaments","Sword Boomerang"],"picked":"SKIP","floor":8.0},{"not_picked":["Anger","Wild Strike"],"picked":"True Grit","floor":11.0},{"not_picked":["Seeing Red","Thunderclap"],"picked":"Burning Pact","floor":12.0},{"not_picked":["Pommel Strike","Bludgeon"],"picked":"Clothesline","floor":14.0},{"not_picked":["Limit Break","Demon Form"],"picked":"Offering","floor":16.0},{"not_picked":[],"picked":"Seeing Red","floor":18.0},{"not_picked":[],"picked":"Shrug It Off","floor":21.0},{"not_picked":["Cleave+1"],"picked":"SKIP","floor":24.0},{"not_picked":["Iron Wave"],"picked":"SKIP","floor":27.0},{"not_picked":["Sever Soul"],"picked":"SKIP","floor":28.0},{"not_picked":["Anger"],"picked":"SKIP","floor":30.0},{"not_picked":["Sword Boomerang"],"picked":"SKIP","floor":31.0},{"not_picked":[],"picked":"Exhume+1","floor":33.0},{"not_picked":["Bloodletting+1"],"picked":"SKIP","floor":35},{"not_picked":["Armaments+1"],"picked":"SKIP","floor":36}],"player_experience":1032179,"relics_obtained":[{"floor":6.0,"key":"Oddly Smooth Stone"},{"floor":9.0,"key":"Red Skull"},{"floor":24.0,"key":"MawBank"},{"floor":26.0,"key":"Paper Frog"},{"floor":28.0,"key":"Toxic Egg 2"}],"event_choices":[{"damage_healed":0.0,"max_hp_gain":0.0,"max_hp_loss":0.0,"gold_gain":0.0,"event_name":"WeMeetAgain","player_choice":"Gave Potion","floor":20.0,"gold_loss":0.0,"damage_taken":0.0,"relics_obtained":["Molten Egg 2"]},{"damage_healed":0.0,"max_hp_gain":0.0,"max_hp_loss":0.0,"gold_gain":0.0,"event_name":"N\u0027loth","player_choice":"Traded Relic","floor":22.0,"relics_lost":["Molten Egg 2"],"gold_loss":0.0,"damage_taken":0.0,"relics_obtained":["Nloth\u0027s Gift"]},{"damage_healed":0,"gold_gain":0,"player_choice":"Ignored","damage_taken":0,"max_hp_gain":0,"max_hp_loss":0,"event_name":"The Moai Head","floor":37,"gold_loss":0},{"damage_healed":0,"gold_gain":0,"player_choice":"Memory 1","damage_taken":0,"max_hp_gain":0,"max_hp_loss":0,"event_name":"SensoryStone","floor":38,"gold_loss":0}],"is_beta":false,"boss_relics":[{"not_picked":["SacredBark","Pandora\u0027s Box"],"picked":"Busted Crown"},{"not_picked":["Empty Cage","Velvet Choker"],"picked":"Sozu"}],"items_purged_floors":[19],"is_endless":false,"potions_floor_spawned":[1,3,12,14,16,18,28,33,35,36],"killed_by":"Transient","ascension_level":20}}