{"host":"q8tqju4nyh10krg5","time":1608749600,"event":{"mods":["Act Like it!","BaseMod","Gensokyo","Minty Spire (QoL Compilation)","Pale of the Ancients","Slay the Relics Exporter","StSLib","The Vixen","thorton"],"gold_per_floor":[114,64,64,80,80,115,140,140,140,140,182,194,230,282,294,410,422,460,472,484,376,388,439,477,514,578,590,641,680,708,680,692,811,823,849,887,899,911,950,992,1028,1074,1086,1098,1110,1159,1180,1235,1247,1259,1282,1294,1306,698,698,724,724,86,86,86],"floor_reached":61,"playtime":4715,"items_purged":["TheVixenMod:Psyshock"],"score":1756,"play_id":"94ffca4c-4828-4de8-8eb4-e8677b22d058","local_time":"20201223195320","is_ascension_mode":true,"campfire_choices":[{"data":"TheVixenMod:SynergyBurst","floor":8.0,"key":"SMITH"},{"data":"TheVixenMod:SunnyDay","floor":10.0,"key":"SMITH"},{"data":"TheVixenMod:FlameBurst","floor":12.0,"key":"SMITH"},{"data":"TheVixenMod:FlameWheel","floor":15.0,"key":"SMITH"},{"data":"TheVixenMod:Strike_TheVixen","floor":27.0,"key":"PURGE"},{"data":"TheVixenMod:Defend_TheVixen","floor":32.0,"key":"PURGE"},{"floor":49.0,"key":"RECALL"},{"data":"TheVixenMod:Guts","floor":55,"key":"SMITH"},{"floor":57,"key":"REST"}],"circlet_count":0,"master_deck":["TheVixenMod:Strike_TheVixen","TheVixenMod:Defend_TheVixen+1","TheVixenMod:Defend_TheVixen+1","TheVixenMod:SunnyDay+1","TheVixenMod:Ember","TheVixenMod:FlameBurst+1","TheVixenMod:SynergyBurst+1","TheVixenMod:FlameWheel+1","TheVixenMod:Defiant","TheVixenMod:ClearSky","TheVixenMod:FlameWheel+1","TheVixenMod:Disable+1","TheVixenMod:LavaPlume+1","TheVixenMod:Blaze+1","TheVixenMod:LightScreen+1","TheVixenMod:Inferno+1","TheVixenMod:LavaPlume+1","TheVixenMod:Agility+1","TheVixenMod:FlameWheel+1","TheVixenMod:Guts+1","TheVixenMod:TailWhip+1","TheVixenMod:WonderRoom","TheVixenMod:CalmMind+1","TheVixenMod:Facade"],"relics":["TheVixenMod:BurningStick","NeowsBlessing","Gensokyo:OccultBall","CaptainsWheel","CeramicFish","War Paint","TungstenRod","MawBank","Mercury Hourglass","Dead Branch","Sozu","Gensokyo:MaskOfHope","Omamori","Peace Pipe","Pen Nib","TheVixenMod:SereneGrace","Black Star","Mango","Prayer Wheel","PreservedInsect","Gambling Chip","Vajra","Happy Flower","TheVixenMod:OranBerry","paleoftheancients:Timepiece","paleoftheancients:KeyRelic","Bronze Scales","Spirit Poop","OrangePellets","Oddly Smooth Stone","StrikeDummy","paleoftheancients:SoulOfTheShrineMaiden","White Beast Statue","Ornamental Fan","HandDrill"],"acts_visited":["Gensokyo:Gensokyo","Gensokyo:Gensokyoer","Gensokyo:Gensokyoest","paleoftheancients:PaleOfTheAncients"],"potions_floor_usage":[56,60],"damage_taken":[{"damage":0.0,"enemies":"Gensokyo:Python","floor":1.0,"turns":1.0},{"damage":0.0,"enemies":"Gensokyo:2_Kodama","floor":4.0,"turns":1.0},{"damage":0.0,"enemies":"Gensokyo:Mamizou","floor":6.0,"turns":2.0},{"damage":10.0,"enemies":"Gensokyo:Aya","floor":11.0,"turns":5.0},{"damage":0.0,"enemies":"Gensokyo:Gryphon","floor":13.0,"turns":3.0},{"damage":0.0,"enemies":"Gensokyo:Cirno","floor":14.0,"turns":5.0},{"damage":2.0,"enemies":"Gensokyo:Reimu","floor":16.0,"turns":7.0},{"damage":0.0,"enemies":"Gensokyo:Chomper","floor":18.0,"turns":4.0},{"damage":3.0,"enemies":"Gensokyo:Koishi","floor":23.0,"turns":4.0},{"damage":1.0,"enemies":"Gensokyo:2_Gloops","floor":24.0,"turns":3.0},{"damage":5.0,"enemies":"Gensokyo:Tenshi","floor":25.0,"turns":3.0},{"damage":0.0,"enemies":"Gensokyo:Reisen","floor":28.0,"turns":4.0},{"damage":0.0,"enemies":"Gensokyo:Slime_Group","floor":29.0,"turns":4.0},{"damage":0.0,"enemies":"Gensokyo:Chomper_and_Gloop","floor":30.0,"turns":2.0},{"damage":19.0,"enemies":"Gensokyo:Kaguya","floor":33.0,"turns":7.0},{"damage":4.0,"enemies":"Gensokyo:3_Boulders","floor":35.0,"turns":5.0},{"damage":0.0,"enemies":"Gensokyo:AncientGuardian","floor":36.0,"turns":4.0},{"damage":0.0,"enemies":"Gensokyo:Rafflesia","floor":39.0,"turns":2.0},{"damage":3.0,"enemies":"Gensokyo:Kasen","floor":40.0,"turns":5.0},{"damage":0.0,"enemies":"Gensokyo:Kasen","floor":41.0,"turns":2.0},{"damage":0.0,"enemies":"Gensokyo:Doremy","floor":42.0,"turns":3.0},{"damage":0.0,"enemies":"Gensokyo:SeedOfUnknown","floor":46.0,"turns":4.0},{"damage":0.0,"enemies":"Gensokyo:Kasen","floor":48.0,"turns":4.0},{"damage":11.0,"enemies":"Gensokyo:Yuyuko","floor":50.0,"turns":6.0},{"damage":16.0,"enemies":"Gensokyo:Yuyuko","floor":51.0,"turns":8.0},{"damage":0,"enemies":"","floor":52,"turns":1},{"damage":57,"enemies":"","floor":56,"turns":18},{"damage":9,"enemies":"paleoftheancients:N","floor":60,"turns":7}],"seed_played":"-399602265603528372","potions_obtained":[{"floor":6.0,"key":"PowerPotion"},{"floor":16.0,"key":"PowerPotion"}],"is_trial":false,"path_per_floor":["M","COS","?","M","?","E","T","R","T","R","E","R","M","E","R","B",null,"M","$","?","?","?","E","M","E","T","R","E","M","M","?","R","B",null,"M","M","$","?","M","E","R","E","T","?","?","M","?","E","R","B","M","M","?","$","R","M","R","$","?","B",null],"character_chosen":"THE_VIXEN","items_purchased":["OrangePellets","Oddly Smooth Stone","StrikeDummy","White Beast Statue","Ornamental Fan","HandDrill"],"campfire_rested":1,"item_purchase_floors":[54,54,54,58,58,58],"current_hp_per_floor":[70,70,70,70,56,56,56,56,56,56,46,46,46,46,46,44,70,70,70,70,70,70,67,66,61,61,61,61,61,61,61,61,42,70,66,66,66,53,53,50,50,50,50,50,50,50,50,50,50,84,76,78,78,78,78,18,43,43,43,45],"gold":86,"neow_bonus":"THREE_ENEMY_KILL","is_daily":false,"chose_seed":false,"campfire_upgraded":5,"win_rate":0.0,"timestamp":1608749600,"path_taken":["M","COS","?","M","?","E","?","R","T","R","E","R","M","E","R","BOSS","M","?","?","?","?","E","?","E","T","R","E","M","M","?","R","BOSS","M","M","$","?","M","E","R","E","T","?","?","M","?","E","R","BOSS","M","M","?","$","R","M","R","$","?","BOSS"],"items_purchased_type":["Relic","Relic","Relic","Relic","Relic","Relic"],"build_version":"2020-12-22","purchased_purges":1,"victory":true,"max_hp_per_floor":[70,70,70,70,70,70,70,70,70,70,70,70,70,70,70,70,70,70,70,70,70,70,70,70,70,70,70,70,70,70,70,70,70,70,70,70,70,84,84,84,84,84,84,84,84,84,84,84,84,84,84,84,84,84,84,84,84,84,84,84],"card_choices":[{"not_picked":["TheVixenMod:CADC","TheVixenMod:PerishSong"],"picked":"TheVixenMod:TailWhip","floor":1.0},{"not_picked":["TheVixenMod:Psyshock","TheVixenMod:Extrasensory"],"picked":"TheVixenMod:FlameBurst","floor":4.0},{"not_picked":["TheVixenMod:FirePunch","TheVixenMod:FlareBlitz"],"picked":"TheVixenMod:SynergyBurst","floor":6.0},{"not_picked":["TheVixenMod:Barrier","TheVixenMod:LavaPlume"],"picked":"TheVixenMod:FlameWheel","floor":11.0},{"not_picked":["TheVixenMod:Barrier","TheVixenMod:FirePunch"],"picked":"TheVixenMod:HeatWave","floor":13.0},{"not_picked":["TheVixenMod:Extrasensory","TheVixenMod:FlameBody"],"picked":"TheVixenMod:Defiant","floor":14.0},{"not_picked":["TheVixenMod:PsychUp","TheVixenMod:PsychoShift"],"picked":"TheVixenMod:ClearSky","floor":16.0},{"not_picked":["TheVixenMod:Defiant","TheVixenMod:Overheat"],"picked":"TheVixenMod:FlameWheel","floor":18.0},{"not_picked":["TheVixenMod:FlameCharge+1","TheVixenMod:CADC+1"],"picked":"TheVixenMod:Disable+1","floor":23.0},{"not_picked":["TheVixenMod:FlameCharge","TheVixenMod:Flamethrower"],"picked":"TheVixenMod:LavaPlume+1","floor":24.0},{"not_picked":["TheVixenMod:Swagger","TheVixenMod:Psychic","TheVixenMod:Guts"],"picked":"SKIP","floor":25.0},{"not_picked":["TheVixenMod:Protect","TheVixenMod:FlameCharge"],"picked":"TheVixenMod:Blaze+1","floor":28.0},{"not_picked":["TheVixenMod:Overheat","TheVixenMod:HeatWave"],"picked":"TheVixenMod:LightScreen+1","floor":29.0},{"not_picked":["TheVixenMod:Barrier","TheVixenMod:FlameBurst","TheVixenMod:Hypnosis"],"picked":"SKIP","floor":30.0},{"not_picked":["TheVixenMod:Guts","TheVixenMod:PsychUp"],"picked":"TheVixenMod:Inferno","floor":33.0},{"not_picked":["TheVixenMod:FlameBurst+1","TheVixenMod:Overheat+1","TheVixenMod:HeatWave"],"picked":"SKIP","floor":35.0},{"not_picked":["TheVixenMod:Flamethrower","TheVixenMod:Overheat"],"picked":"TheVixenMod:LavaPlume+1","floor":36.0},{"not_picked":["TheVixenMod:Dazzling","TheVixenMod:FlameBody"],"picked":"TheVixenMod:Agility+1","floor":39.0},{"not_picked":["TheVixenMod:FireBlast","TheVixenMod:FlameBurst+1","TheVixenMod:TrumpCard"],"picked":"SKIP","floor":40.0},{"not_picked":["TheVixenMod:FlareBlitz+1","TheVixenMod:TailWhip","TheVixenMod:Extrasensory+1"],"picked":"SKIP","floor":41.0},{"not_picked":["TheVixenMod:Swagger+1","TheVixenMod:FlameWheel+1","TheVixenMod:Psybeam+1"],"picked":"SKIP","floor":41.0},{"not_picked":["TheVixenMod:Swagger+1","TheVixenMod:Psybeam+1"],"picked":"TheVixenMod:FlameWheel+1","floor":41.0},{"not_picked":["TheVixenMod:FlareBlitz+1","TheVixenMod:TailWhip","TheVixenMod:Extrasensory+1"],"picked":"SKIP","floor":41.0},{"not_picked":["TheVixenMod:Amnesia","TheVixenMod:LavaPlume+1"],"picked":"TheVixenMod:Guts","floor":42.0},{"not_picked":["TheVixenMod:Wish+1","TheVixenMod:FlameBurst+1"],"picked":"TheVixenMod:Psyshock","floor":46.0},{"not_picked":["TheVixenMod:CalmMind+1","TheVixenMod:Flamethrower"],"picked":"TheVixenMod:TailWhip+1","floor":46.0},{"not_picked":["TheVixenMod:Psyshock+1","TheVixenMod:TrumpCard+1"],"picked":"TheVixenMod:CalmMind+1","floor":48.0},{"not_picked":["TheVixenMod:FlameCharge+1","TheVixenMod:Psychic","TheVixenMod:TailWhip+1"],"picked":"SKIP","floor":51.0},{"not_picked":["TheVixenMod:TailWhip+1","TheVixenMod:Flamethrower","TheVixenMod:LightScreen+1"],"picked":"SKIP","floor":51.0},{"not_picked":["TheVixenMod:CalmMind","TheVixenMod:Wish+1","TheVixenMod:Barrier"],"picked":"SKIP","floor":52},{"not_picked":["TheVixenMod:FireFang+1","TheVixenMod:FirePledge","TheVixenMod:FlameBurst+1"],"picked":"SKIP","floor":52},{"not_picked":["TheVixenMod:Confusion+1","TheVixenMod:Hypnosis+1"],"picked":"TheVixenMod:Facade","floor":56},{"not_picked":["TheVixenMod:Magician","TheVixenMod:FireFang+1","TheVixenMod:FlameBurst"],"picked":"SKIP","floor":56}],"player_experience":549179,"relics_obtained":[{"floor":6.0,"key":"CeramicFish"},{"floor":7.0,"key":"War Paint"},{"floor":9.0,"key":"TungstenRod"},{"floor":11.0,"key":"Gensokyo:OccultBall"},{"floor":11.0,"key":"Mercury Hourglass"},{"floor":13.0,"key":"Gensokyo:OccultBall"},{"floor":14.0,"key":"Dead Branch"},{"floor":16.0,"key":"Gensokyo:OccultBall"},{"floor":18.0,"key":"Gensokyo:OccultBall"},{"floor":23.0,"key":"Gensokyo:OccultBall"},{"floor":23.0,"key":"Omamori"},{"floor":25.0,"key":"Peace Pipe"},{"floor":26.0,"key":"Pen Nib"},{"floor":28.0,"key":"TheVixenMod:SereneGrace"},{"floor":33.0,"key":"Gensokyo:OccultBall"},{"floor":40.0,"key":"Prayer Wheel"},{"floor":40.0,"key":"PreservedInsect"},{"floor":41.0,"key":"Gensokyo:OccultBall"},{"floor":42.0,"key":"Gambling Chip"},{"floor":42.0,"key":"Vajra"},{"floor":48.0,"key":"Happy Flower"},{"floor":48.0,"key":"TheVixenMod:OranBerry"},{"floor":56,"key":"paleoftheancients:SoulOfTheShrineMaiden"}],"event_choices":[{"damage_healed":0,"gold_gain":0,"player_choice":"Upgraded","damage_taken":0,"max_hp_gain":0,"max_hp_loss":0,"event_name":"Upgrade Shrine","floor":53,"gold_loss":0,"cards_upgraded":["TheVixenMod:Inferno"]}],"is_beta":false,"boss_relics":[{"not_picked":["SacredBark","Calling Bell"],"picked":"Sozu"},{"not_picked":["Fusion Hammer","Pandora\u0027s Box"],"picked":"Black Star"}],"items_purged_floors":[54],"is_endless":false,"potions_floor_spawned":[6,16,24,25,29,30,36,39,42,46,56],"ascension_level":4}}