{"host":"18wi9kpcl4eah7pe","time":1608711615,"event":{"mods":["BaseMod","Colored Powertips","Downfall","Minty Spire (QoL Compilation)","StSLib"],"gold_per_floor":[99,99,161,336,410,410,410,410,436,466,484,247,264,280,297,401,401,176,192,192,22,22,7,7,24,24,36,65,65,65],"floor_reached":29,"playtime":1436,"items_purged":[],"score":289,"play_id":"d36eac25-0095-4792-a97b-e8988591b646","local_time":"20201223022015","is_ascension_mode":false,"campfire_choices":[{"floor":1,"key":"RECALL"},{"data":"sneckomod:TrashToTreasure","floor":18,"key":"SMITH"},{"floor":26,"key":"REST"}],"circlet_count":0,"master_deck":["sneckomod:Strike","sneckomod:Strike","sneckomod:Strike","sneckomod:Defend","sneckomod:Defend","sneckomod:Defend","sneckomod:TailWhip","sneckomod:SnekBite","sneckomod:Unknown","sneckomod:Unknown","sneckomod:WideSting","sneckomod:UnknownCommonAttack","sneckomod:CheapStock+1","sneckomod:UnknownClassTHE_CHAMP_GRAY","sneckomod:MorePower+1","sneckomod:QuickMove","sneckomod:UnknownUncommonPower+1","sneckomod:Unknown2Cost","sneckomod:UnknownUncommonPower+1","sneckomod:UnknownStrike+1","sneckomod:SnakeSap","sneckomod:UnknownRarePower+1","sneckomod:UnknownVulnerable","sneckomod:TrashToTreasure+1","sneckomod:UnknownBlock+1","sneckomod:UnknownRarePower+1","sneckomod:Unknown1Cost+1","sneckomod:UnknownClassGUARDIAN","RitualDagger","sneckomod:UnknownClassRED+1","sneckomod:UnknownClassGREEN","sneckomod:UnknownClassPURPLE","sneckomod:UnknownRarePower+1","sneckomod:IronFang+1","sneckomod:DiceBlock","sneckomod:SnekBeam","sneckomod:UnknownClassRED+1","sneckomod:UnknownClassRED+1"],"relics":["sneckomod:SneckoSoul","downfall:HeartsMalice","WingedGreaves","Frozen Egg 2","Odd Mushroom","Omamori","Lantern","downfall:HeartBlessingRed","downfall:HeartBlessingGreen","downfall:HeartBlessingBlue","Bag of Marbles","Letter Opener","Toy Ornithopter"],"acts_visited":["Exordium","TheCity"],"potions_floor_usage":[8,10,10,12,25,25,25,27,28],"damage_taken":[{"damage":0,"enemies":"Jaw Worm","floor":2,"turns":1},{"damage":0,"enemies":"3 Sentries","floor":3,"turns":1},{"damage":0,"enemies":"Small Slimes","floor":8,"turns":1},{"damage":14,"enemies":"The Mushroom Lair","floor":9,"turns":3},{"damage":16,"enemies":"Lagavulin","floor":10,"turns":8},{"damage":7,"enemies":"2 Louse","floor":11,"turns":2},{"damage":0,"enemies":"downfall:FleeingMerchant","floor":12,"turns":4},{"damage":2,"enemies":"2 Fungi Beasts","floor":13,"turns":4},{"damage":18,"enemies":"Exordium Wildlife","floor":14,"turns":4},{"damage":13,"enemies":"Gremlin Gang","floor":15,"turns":3},{"damage":12,"enemies":"downfall:Watcher","floor":16,"turns":5},{"damage":16,"enemies":"Spheric Guardian","floor":19,"turns":6},{"damage":0,"enemies":"downfall:FleeingMerchant","floor":21,"turns":4},{"damage":15,"enemies":"downfall:FleeingMerchant","floor":23,"turns":4},{"damage":20,"enemies":"3 Byrds","floor":25,"turns":2},{"damage":23,"enemies":"Snecko","floor":27,"turns":4},{"damage":73,"enemies":"Book of Stabbing","floor":28,"turns":8},{"damage":39,"enemies":"3 Cultists","floor":29,"turns":4}],"seed_played":"7699100513311521026","potions_obtained":[{"floor":3,"key":"EntropicBrew"},{"floor":11,"key":"LiquidMemories"},{"floor":13,"key":"SteroidPotion"},{"floor":15,"key":"Fire Potion"},{"floor":16,"key":"BlessingOfTheForge"},{"floor":25,"key":"sneckomod:DiceRollPotion"}],"is_trial":false,"path_per_floor":["R","M","?","?","T","?","T","M","?","E","M","$","M","M","M","B",null,"R","M","?","$","?","$","T","M","R","M","E","M"],"character_chosen":"THE_SNECKO","items_purchased":["sneckomod:UnknownUncommonPower+1","Lantern","Bag of Marbles"],"campfire_rested":1,"item_purchase_floors":[12,12,21],"current_hp_per_floor":[90,90,91,91,91,91,91,91,78,62,55,58,57,41,38,28,100,110,96,90,92,93,79,79,68,102,84,13,0,0],"gold":65,"neow_bonus":"THREE_ENEMY_KILL","is_daily":false,"chose_seed":false,"campfire_upgraded":1,"win_rate":0.0,"timestamp":1608711615,"path_taken":["R","M","?","?","?","?","T","M","?","E","M","$","M","M","M","BOSS","R","M","?","$","?","?","T","?","R","M","E","M"],"items_purchased_type":["Card","Relic","Relic"],"build_version":"2020-12-22","purchased_purges":0,"victory":false,"max_hp_per_floor":[90,90,91,91,91,91,91,91,92,92,92,95,96,98,98,100,100,110,112,112,114,115,116,116,116,116,116,118,118,118],"card_choices":[{"not_picked":["sneckomod:UnknownVulnerable","sneckomod:UnknownBlock"],"picked":"sneckomod:WideSting","floor":2},{"not_picked":["sneckomod:QuickMove","sneckomod:UnknownVulnerable"],"picked":"sneckomod:UnknownCommonAttack","floor":3},{"not_picked":["sneckomod:DefensiveFlair","sneckomod:Cheat"],"picked":"sneckomod:CheapStock+1","floor":8},{"not_picked":["sneckomod:UnknownStrike","sneckomod:UnknownWeak"],"picked":"sneckomod:UnknownClassTHE_CHAMP_GRAY","floor":9},{"not_picked":["sneckomod:UnknownCommonAttack","sneckomod:RainOfDice"],"picked":"sneckomod:MorePower+1","floor":10},{"not_picked":["sneckomod:QuickBite","sneckomod:WideSting"],"picked":"sneckomod:QuickMove","floor":11},{"not_picked":["sneckomod:UnknownClassGREEN+1","sneckomod:Unknown2Cost+1"],"picked":"sneckomod:UnknownUncommonPower+1","floor":12},{"not_picked":["sneckomod:Rotation","sneckomod:QuickMove"],"picked":"sneckomod:Unknown2Cost","floor":12},{"not_picked":["sneckomod:Unknown1Cost+1","sneckomod:UnknownEthereal+1"],"picked":"sneckomod:UnknownStrike+1","floor":13},{"not_picked":["sneckomod:TrashToTreasure","sneckomod:DiceBlock"],"picked":"sneckomod:SnakeSap","floor":13},{"not_picked":["sneckomod:UnknownRareSkill+1","sneckomod:UnknownColorless+1"],"picked":"sneckomod:UnknownRarePower+1","floor":14},{"not_picked":["sneckomod:QuickBite","sneckomod:UnknownUncommonPower+1"],"picked":"sneckomod:UnknownVulnerable","floor":14},{"not_picked":["sneckomod:UnknownVulnerable","sneckomod:UnknownCommonSkill"],"picked":"sneckomod:TrashToTreasure","floor":15},{"not_picked":["sneckomod:UnknownStrike+1","sneckomod:UnknownClassHEXA_GHOST_PURPLE+1"],"picked":"sneckomod:UnknownBlock+1","floor":16},{"not_picked":["sneckomod:UnknownRareAttack","sneckomod:Unknown3Cost"],"picked":"sneckomod:UnknownRarePower+1","floor":16},{"not_picked":["sneckomod:UnknownUncommonAttack+1","sneckomod:Unknown2Cost+1"],"picked":"sneckomod:Unknown1Cost+1","floor":19},{"not_picked":["sneckomod:UnknownUncommonPower+1","sneckomod:WideSting"],"picked":"sneckomod:UnknownClassGUARDIAN","floor":19},{"not_picked":["sneckomod:Unknown+1","sneckomod:Unknown1Cost+1"],"picked":"sneckomod:UnknownClassRED+1","floor":21},{"not_picked":["sneckomod:Unknown1Cost","sneckomod:UnknownCommonSkill+1"],"picked":"sneckomod:UnknownClassGREEN","floor":21},{"not_picked":["sneckomod:UnknownEthereal+1","sneckomod:Unknown+1"],"picked":"sneckomod:UnknownRarePower+1","floor":23},{"not_picked":["sneckomod:SoulDraw","sneckomod:UnknownCommonSkill"],"picked":"sneckomod:IronFang+1","floor":23},{"not_picked":["sneckomod:QuickMove","sneckomod:Unknown1Cost"],"picked":"sneckomod:DiceBlock","floor":25},{"not_picked":["sneckomod:UnknownVulnerable+1","sneckomod:UnknownClassPURPLE"],"picked":"sneckomod:SnekBeam","floor":27},{"not_picked":["sneckomod:UnknownColorless+1","sneckomod:UnknownClassTHE_CHAMP_GRAY+1"],"picked":"sneckomod:UnknownClassRED+1","floor":28},{"not_picked":["sneckomod:UnknownStrike+1","sneckomod:SoulRoll"],"picked":"sneckomod:UnknownClassRED+1","floor":28}],"player_experience":840349,"relics_obtained":[{"floor":3,"key":"WingedGreaves"},{"floor":5,"key":"Frozen Egg 2"},{"floor":9,"key":"Odd Mushroom"},{"floor":10,"key":"Omamori"},{"floor":24,"key":"Letter Opener"},{"floor":28,"key":"Toy Ornithopter"}],"event_choices":[{"cards_removed":["Doubt"],"damage_healed":0,"gold_gain":0,"player_choice":"Card Removal","damage_taken":0,"max_hp_gain":0,"max_hp_loss":0,"event_name":"The Cleric","floor":6,"gold_loss":0},{"damage_healed":0,"gold_gain":0,"player_choice":"Fought Mushrooms","damage_taken":0,"max_hp_gain":0,"max_hp_loss":0,"event_name":"Mushrooms","floor":9,"gold_loss":0},{"damage_healed":0,"gold_gain":0,"player_choice":"Read","damage_taken":0,"max_hp_gain":0,"max_hp_loss":0,"event_name":"The Library","floor":22,"gold_loss":0,"cards_obtained":["sneckomod:UnknownClassPURPLE"]}],"is_beta":false,"boss_relics":[{"not_picked":["Astrolabe","Cursed Key","Runic Pyramid"]}],"items_purged_floors":[],"is_endless":false,"potions_floor_spawned":[3,9,11,13,15,16,25],"killed_by":"3 Cultists","ascension_level":0}}