{"host":"3ek78t4i81ecmdy1","time":1608709869,"event":{"mods":["2.2 Compatiblity","AchievementEnabler","BaseMod","Colored Map","DeckTracker","Filter the Spire","Keyboard Shortcuts","Minty Spire (QoL Compilation)","Permanent Neow","Quick Restart","SuperFastMode","everything is the same but u backflip on backflip"],"gold_per_floor":[115,115,132,132,132,166,166,177,177,190,190,202,228,228,228,327,327,338,35,35,55,68,95,95,129,178,65,80,107,124,124,124,223,223,237,250,250,250,266,599,599,632,658,690,208,238,248,259,259,259,259,259,37,63,63,63],"floor_reached":55,"playtime":3030,"items_purged":["Defend_G","Defend_G","Strike_G"],"score":810,"play_id":"f6a22786-2f29-4ab9-876b-b824402daf63","local_time":"20201223165109","is_ascension_mode":false,"campfire_choices":[{"data":"Apotheosis","floor":7.0,"key":"SMITH"},{"floor":11.0,"key":"REST"},{"data":"Neutralize","floor":15.0,"key":"SMITH"},{"data":"Adrenaline","floor":24.0,"key":"SMITH"},{"data":"Sucker Punch","floor":32.0,"key":"SMITH"},{"floor":41.0,"key":"REST"},{"floor":49,"key":"RECALL"},{"data":"Terror","floor":52,"key":"SMITH"}],"circlet_count":0,"master_deck":["Strike_G+1","Defend_G","Defend_G","Survivor","Neutralize+1","Apotheosis+1","Reflex+1","Catalyst","Sucker Punch+1","Unload","Backstab","Terror+1","Dodge and Roll","Backflip","Adrenaline+1","Underhanded Strike","Deflect","Bouncing Flask","Footwork","Acrobatics+1","Bane","Calculated Gamble","Adrenaline","PiercingWail+1","Slice+1","Cloak And Dagger+1","Noxious Fumes","Heel Hook","Mind Blast"],"relics":["Ring of the Snake","Gremlin Horn","Lantern","Boot","HoveringKite","Tough Bandages","Happy Flower","Art of War","Bag of Preparation","Black Star","Ginger","Old Coin","Bottled Flame","Potion Belt","Nunchaku","Ancient Tea Set","The Specimen","Anchor","Cauldron","Bronze Scales","Letter Opener","Oddly Smooth Stone","HornCleat"],"acts_visited":["Exordium","TheCity","TheBeyond","TheEnding"],"potions_floor_usage":[46,46,50,50,50,50,50,50,50,55],"damage_taken":[{"damage":0.0,"enemies":"Cultist","floor":1.0,"turns":3.0},{"damage":0.0,"enemies":"Small Slimes","floor":3.0,"turns":5.0},{"damage":19.0,"enemies":"Gremlin Nob","floor":6.0,"turns":5.0},{"damage":0.0,"enemies":"2 Louse","floor":8.0,"turns":1.0},{"damage":0.0,"enemies":"Red Slaver","floor":10.0,"turns":3.0},{"damage":0.0,"enemies":"Looter","floor":12.0,"turns":3.0},{"damage":9.0,"enemies":"3 Sentries","floor":13.0,"turns":6.0},{"damage":13.0,"enemies":"The Guardian","floor":16.0,"turns":11.0},{"damage":0.0,"enemies":"Chosen","floor":18.0,"turns":4.0},{"damage":7.0,"enemies":"3 Byrds","floor":21.0,"turns":6.0},{"damage":0.0,"enemies":"Sentry and Sphere","floor":22.0,"turns":4.0},{"damage":16.0,"enemies":"Slavers","floor":25.0,"turns":6.0},{"damage":4.0,"enemies":"3 Cultists","floor":28.0,"turns":5.0},{"damage":1.0,"enemies":"Gremlin Leader","floor":29.0,"turns":6.0},{"damage":0.0,"enemies":"Centurion and Healer","floor":30.0,"turns":5.0},{"damage":6.0,"enemies":"Automaton","floor":33.0,"turns":10.0},{"damage":0.0,"enemies":"Orb Walker","floor":35.0,"turns":2.0},{"damage":19.0,"enemies":"3 Darklings","floor":36.0,"turns":5.0},{"damage":22.0,"enemies":"Spire Growth","floor":39.0,"turns":3.0},{"damage":6.0,"enemies":"Giant Head","floor":40.0,"turns":7.0},{"damage":19,"enemies":"Reptomancer","floor":42,"turns":7},{"damage":16,"enemies":"Nemesis","floor":44,"turns":6},{"damage":2,"enemies":"Reptomancer","floor":46,"turns":5},{"damage":0,"enemies":"Maw","floor":47,"turns":4},{"damage":0,"enemies":"4 Shapes","floor":48,"turns":3},{"damage":33,"enemies":"Time Eater","floor":50,"turns":8},{"damage":69,"enemies":"Shield and Spear","floor":54,"turns":6},{"damage":1,"enemies":"The Heart","floor":55,"turns":3}],"seed_played":"-9028447530005807858","potions_obtained":[{"floor":3.0,"key":"BlessingOfTheForge"},{"floor":8.0,"key":"PowerPotion"},{"floor":12.0,"key":"SmokeBomb"},{"floor":16.0,"key":"LiquidMemories"},{"floor":20.0,"key":"PowerPotion"},{"floor":20.0,"key":"SkillPotion"},{"floor":28.0,"key":"DistilledChaos"},{"floor":30.0,"key":"Block Potion"},{"floor":33.0,"key":"CultistPotion"},{"floor":35.0,"key":"Block Potion"},{"floor":42,"key":"CunningPotion"},{"floor":44,"key":"EntropicBrew"},{"floor":45,"key":"Regen Potion"},{"floor":45,"key":"Strength Potion"},{"floor":45,"key":"LiquidMemories"},{"floor":45,"key":"Strength Potion"},{"floor":54,"key":"Fire Potion"}],"is_trial":false,"path_per_floor":["M","?","M","?","?","E","R","M","T","M","R","M","E","?","R","B",null,"M","$","?","M","M","T","R","E","T","$","M","E","M","?","R","B",null,"M","M","?","?","M","E","R","E","T","E","$","E","M","M","R","B",null,"R","$","E","B"],"character_chosen":"THE_SILENT","items_purchased":["Tough Bandages","Footwork","Anchor","Noxious Fumes","Cauldron","Mind Blast"],"campfire_rested":2,"item_purchase_floors":[19,27,45,45,45,53],"current_hp_per_floor":[49,49,49,35,35,16,16,16,16,16,37,37,28,28,28,15,70,70,70,70,63,63,63,63,47,47,47,43,42,42,42,42,36,70,70,51,51,70,48,42,63,44,44,28,28,41,41,41,41,8,70,70,70,1,0,0],"gold":63,"neow_bonus":"RANDOM_COLORLESS_2","is_daily":false,"chose_seed":false,"campfire_upgraded":5,"win_rate":0.0,"timestamp":1608709869,"path_taken":["M","?","?","?","?","E","R","M","T","?","R","M","E","?","R","BOSS","M","$","?","?","M","?","R","E","T","$","M","E","M","?","R","BOSS","M","M","?","?","M","E","R","E","T","E","$","E","M","M","R","BOSS","R","$","E","BOSS"],"items_purchased_type":["Relic","Card","Relic","Card","Relic","Card"],"build_version":"2020-12-22","purchased_purges":3,"victory":false,"max_hp_per_floor":[70,70,70,70,70,70,70,70,70,70,70,70,70,70,70,70,70,70,70,70,70,70,70,70,70,70,70,70,70,70,70,70,70,70,70,70,70,70,70,70,70,70,70,70,70,70,70,70,70,70,70,70,70,70,70,70],"card_choices":[{"not_picked":["Metamorphosis","Violence"],"picked":"Apotheosis","floor":0.0},{"not_picked":["PiercingWail","Leg Sweep"],"picked":"Reflex","floor":1.0},{"not_picked":["Quick Slash","Prepared"],"picked":"Sucker Punch","floor":3.0},{"not_picked":["Sucker Punch","Distraction"],"picked":"Unload","floor":6.0},{"not_picked":["Acrobatics","Underhanded Strike"],"picked":"Backstab","floor":8.0},{"not_picked":["Eviscerate","Sucker Punch"],"picked":"Terror","floor":10.0},{"not_picked":["Quick Slash","PiercingWail"],"picked":"Dodge and Roll","floor":12.0},{"not_picked":["Phantasmal Killer","PiercingWail"],"picked":"Backflip","floor":13.0},{"not_picked":["Tools of the Trade","Glass Knife"],"picked":"Adrenaline","floor":16.0},{"not_picked":["Deflect","Dodge and Roll+1"],"picked":"Underhanded Strike","floor":18.0},{"not_picked":["Dodge and Roll+1","Masterful Stab","Terror+1"],"picked":"SKIP","floor":21.0},{"not_picked":["Caltrops","Flying Knee"],"picked":"Deflect","floor":22.0},{"not_picked":["Poisoned Stab","A Thousand Cuts"],"picked":"Bouncing Flask","floor":25.0},{"not_picked":["Heel Hook","Dagger Spray"],"picked":"Acrobatics+1","floor":28.0},{"not_picked":["Dagger Throw+1","Blade Dance"],"picked":"Bane","floor":29.0},{"not_picked":["Riddle With Holes+1","Escape Plan","Leg Sweep"],"picked":"SKIP","floor":30.0},{"not_picked":["Glass Knife","Bullet Time"],"picked":"Adrenaline","floor":33.0},{"not_picked":["Deadly Poison","Predator+1","Quick Slash+1"],"picked":"SKIP","floor":35.0},{"not_picked":["Cloak And Dagger","Blade Dance+1","Dagger Throw"],"picked":"SKIP","floor":36.0},{"not_picked":["Deadly Poison","Underhanded Strike"],"picked":"PiercingWail+1","floor":39.0},{"not_picked":["Bullet Time","Skewer"],"picked":"Slice+1","floor":40.0},{"not_picked":["Expertise+1","Infinite Blades","Cloak And Dagger"],"picked":"SKIP","floor":42},{"not_picked":["Dodge and Roll","Blur"],"picked":"Cloak And Dagger+1","floor":44},{"not_picked":["All Out Attack+1","Caltrops+1"],"picked":"Heel Hook","floor":46},{"not_picked":["Quick Slash","Riddle With Holes","Choke"],"picked":"SKIP","floor":47},{"not_picked":["Dagger Throw","Acrobatics+1","Flying Knee+1"],"picked":"SKIP","floor":48},{"not_picked":["Poisoned Stab","Night Terror","Backflip+1"],"picked":"SKIP","floor":54}],"player_experience":22865,"relics_obtained":[{"floor":6.0,"key":"Gremlin Horn"},{"floor":9.0,"key":"Lantern"},{"floor":13.0,"key":"Boot"},{"floor":25.0,"key":"Happy Flower"},{"floor":26.0,"key":"Art of War"},{"floor":29.0,"key":"Bag of Preparation"},{"floor":40.0,"key":"Ginger"},{"floor":40.0,"key":"Old Coin"},{"floor":42,"key":"Bottled Flame"},{"floor":42,"key":"Potion Belt"},{"floor":43,"key":"Nunchaku"},{"floor":44,"key":"Ancient Tea Set"},{"floor":44,"key":"The Specimen"},{"floor":46,"key":"Bronze Scales"},{"floor":46,"key":"Letter Opener"},{"floor":54,"key":"Oddly Smooth Stone"},{"floor":54,"key":"HornCleat"}],"event_choices":[{"damage_healed":0.0,"max_hp_gain":0.0,"max_hp_loss":0.0,"gold_gain":0.0,"cards_transformed":["Defend_G"],"event_name":"Transmorgrifier","player_choice":"Transformed","floor":2.0,"gold_loss":0.0,"damage_taken":0.0,"cards_obtained":["Catalyst"]},{"damage_healed":0.0,"max_hp_gain":0.0,"max_hp_loss":0.0,"gold_gain":0.0,"event_name":"Shining Light","player_choice":"Entered Light","floor":4.0,"gold_loss":0.0,"damage_taken":14.0,"cards_upgraded":["Reflex","Strike_G"]},{"cards_removed":["Strike_G"],"damage_healed":0.0,"max_hp_gain":0.0,"max_hp_loss":0.0,"gold_gain":0.0,"event_name":"Bonfire Elementals","player_choice":"Offered Basic","floor":5.0,"gold_loss":0.0,"damage_taken":0.0},{"cards_removed":["Strike_G"],"damage_healed":0.0,"max_hp_gain":0.0,"max_hp_loss":0.0,"gold_gain":0.0,"event_name":"Purifier","player_choice":"Purged","floor":14.0,"gold_loss":0.0,"damage_taken":0.0},{"damage_healed":0.0,"max_hp_gain":0.0,"max_hp_loss":0.0,"gold_gain":0.0,"event_name":"Lab","player_choice":"Got Potions","floor":20.0,"gold_loss":0.0,"damage_taken":0.0},{"damage_healed":0.0,"max_hp_gain":0.0,"max_hp_loss":0.0,"gold_gain":0.0,"event_name":"The Library","player_choice":"Read","floor":31.0,"gold_loss":0.0,"damage_taken":0.0,"cards_obtained":["Calculated Gamble"]},{"cards_removed":["Strike_G"],"damage_healed":0.0,"max_hp_gain":0.0,"max_hp_loss":0.0,"gold_gain":0.0,"event_name":"Falling","player_choice":"Removed Attack","floor":37.0,"gold_loss":0.0,"damage_taken":0.0},{"damage_healed":19.0,"max_hp_gain":0.0,"max_hp_loss":0.0,"gold_gain":0.0,"event_name":"Wheel of Change","player_choice":"Full Heal","floor":38.0,"gold_loss":0.0,"damage_taken":0.0}],"is_beta":false,"boss_relics":[{"not_picked":["Pandora\u0027s Box","Runic Dome"],"picked":"HoveringKite"},{"not_picked":["Sozu","Ring of the Serpent"],"picked":"Black Star"}],"items_purged_floors":[27,45,53],"is_endless":false,"potions_floor_spawned":[3,8,12,16,22,28,30,33,35,42,44,54],"killed_by":"The Heart","ascension_level":0}}