{"host":"tpbmol9dayg75a5s","time":1608739033,"event":{"mods":["2.2 Compatiblity","Act Like it!","BaseMod","Bestiary","Block Reminder","Colored Powertips","Downfall","Minty Spire (QoL Compilation)","Relic Stats","StSLib"],"gold_per_floor":[115,131,143,53,13,13,47,47,47,66,127,127,146,146,146],"floor_reached":14,"playtime":1087,"items_purged":[],"score":167,"play_id":"0992fcb5-018f-4163-ba27-aec60fafbb59","local_time":"20201223125713","is_ascension_mode":true,"campfire_choices":[{"data":"Envenom","floor":6,"key":"SMITH"},{"floor":8,"key":"REST"},{"floor":12,"key":"REST"}],"circlet_count":0,"master_deck":["AscendersBane","Strike_G","Strike_G","Strike_G","Strike_G","Strike_G","Defend_G","Defend_G","Defend_G","Defend_G","Defend_G","Survivor","Neutralize","Footwork","Dagger Spray","Envenom+1","Bullet Time","expansioncontent:Collect","Cloak And Dagger","Catalyst","Flechettes","Caltrops"],"relics":["Ring of the Snake","Bottled Lightning","Meat on the Bone"],"acts_visited":["Exordium"],"potions_floor_usage":[10,11,13,13],"damage_taken":[{"damage":2,"enemies":"Jaw Worm","floor":1,"turns":6},{"damage":0,"enemies":"Small Slimes","floor":2,"turns":5},{"damage":0,"enemies":"Cultist","floor":3,"turns":4},{"damage":1,"enemies":"Looter","floor":5,"turns":4},{"damage":36,"enemies":"Gremlin Nob","floor":7,"turns":5},{"damage":9,"enemies":"3 Louse","floor":10,"turns":2},{"damage":15,"enemies":"Lagavulin Event","floor":11,"turns":5},{"damage":0,"enemies":"Lots of Slimes","floor":13,"turns":2},{"damage":43,"enemies":"Lagavulin","floor":14,"turns":8}],"seed_played":"-3479821850563696924","potions_obtained":[{"floor":1,"key":"Explosive Potion"},{"floor":7,"key":"FearPotion"},{"floor":10,"key":"LiquidBronze"},{"floor":11,"key":"Strength Potion"},{"floor":13,"key":"Fruit Juice"}],"is_trial":false,"path_per_floor":["M","M","M","$","M","R","E","R","T","M","?","R","M","E"],"character_chosen":"THE_SILENT","items_purchased":["expansioncontent:Collect"],"campfire_rested":2,"item_purchase_floors":[4],"current_hp_per_floor":[57,57,57,57,56,56,20,39,39,30,15,34,39,0,0],"gold":146,"neow_bonus":"THREE_CARDS","is_daily":false,"chose_seed":false,"campfire_upgraded":1,"win_rate":0.0,"timestamp":1608739033,"path_taken":["M","M","M","$","M","R","E","R","T","M","?","R","M","E"],"items_purchased_type":["Card"],"build_version":"2020-12-22","purchased_purges":0,"victory":false,"max_hp_per_floor":[66,66,66,66,66,66,66,66,66,66,66,66,71,71,71],"relic_stats":{"counters":[9,41],"obtain_stats":[{"Bottled Lightning":7,"Ring of the Snake":0,"Meat on the Bone":11},{"Bottled Lightning":5,"Ring of the Snake":0,"Meat on the Bone":7},{"Bottled Lightning":24,"Ring of the Snake":0,"Meat on the Bone":31}],"Ring of the Snake":[18],"Meat on the Bone":0},"card_choices":[{"not_picked":["Leg Sweep","Dagger Spray"],"picked":"Footwork","floor":0},{"not_picked":["Acrobatics","Dagger Throw"],"picked":"Dagger Spray","floor":1},{"not_picked":["Blade Dance","Cloak And Dagger"],"picked":"Envenom","floor":2},{"not_picked":["Setup","Dodge and Roll"],"picked":"Bullet Time","floor":3},{"not_picked":["Poisoned Stab","Prepared"],"picked":"Cloak And Dagger","floor":5},{"not_picked":["Choke","Distraction"],"picked":"Catalyst","floor":7},{"not_picked":["Masterful Stab","Flying Knee"],"picked":"Flechettes","floor":10},{"not_picked":["Backstab","Acrobatics"],"picked":"Caltrops","floor":11},{"not_picked":["Quick Slash","Envenom","Backstab"],"picked":"SKIP","floor":13}],"player_experience":964605,"relics_obtained":[{"floor":7,"key":"Bottled Lightning"},{"floor":11,"key":"Meat on the Bone"}],"event_choices":[{"damage_healed":0,"gold_gain":0,"player_choice":"Searched \u00272\u0027 times","damage_taken":0,"max_hp_gain":0,"max_hp_loss":0,"event_name":"Dead Adventurer","floor":11,"gold_loss":0}],"is_beta":false,"boss_relics":[],"items_purged_floors":[],"is_endless":false,"potions_floor_spawned":[1,7,10,11,13],"killed_by":"Lagavulin","ascension_level":17}}