{"host":"mwsmbxdngw43p4je","time":1608755620,"event":{"mods":["BaseMod","Better Third Choice","Colored Map","Colored Powertips","DeckTracker","Downfall","Minty Spire (QoL Compilation)","Permanent Neow","Quick Restart","Relic Stats","Replay The Spire","StSLib"],"gold_per_floor":[349,364,374,394,409,420,420,420,123,123,8,19,4,4,23,122,122,122],"floor_reached":16,"playtime":1458,"items_purged":["hexamod:Strike","hexamod:Strike"],"score":151,"play_id":"685d0a05-f90b-4d5a-a1a3-5e25e5e51cd8","local_time":"20201223143340","is_ascension_mode":true,"campfire_choices":[{"floor":1,"key":"REST"}],"circlet_count":0,"master_deck":["hexamod:Strike","hexamod:Strike","hexamod:Defend","hexamod:Defend","hexamod:Defend","hexamod:Defend","hexamod:Sear","hexamod:Float","hexamod:BurningTouch","hexamod:StepThrough","hexamod:ExtraCrispy","hexamod:PhantomCloak","hexamod:InspiringFlames","hexamod:Rewind","hexamod:Firestarter","hexamod:ShieldOfDarkness","Doubt","Dodge and Roll"],"relics":["hexamod:SpiritBrand","Strawberry","hexamod:MatchstickCase","PrismaticShard"],"acts_visited":["Exordium"],"potions_floor_usage":[],"damage_taken":[{"damage":0,"enemies":"Cultist","floor":2,"turns":3},{"damage":0,"enemies":"Small Slimes","floor":3,"turns":3},{"damage":0,"enemies":"Jaw Worm","floor":4,"turns":3},{"damage":0,"enemies":"3 Louse","floor":5,"turns":3},{"damage":7,"enemies":"Blue Slaver","floor":6,"turns":3},{"damage":0,"enemies":"downfall:FleeingMerchant","floor":9,"turns":4},{"damage":0,"enemies":"downfall:FleeingMerchant","floor":11,"turns":4},{"damage":6,"enemies":"Large Slime","floor":12,"turns":4},{"damage":7,"enemies":"downfall:FleeingMerchant","floor":13,"turns":4},{"damage":2,"enemies":"3 Louse","floor":15,"turns":4},{"damage":8,"enemies":"downfall:Watcher","floor":16,"turns":9}],"seed_played":"-5680633398475990106","potions_obtained":[{"floor":4,"key":"Fire Potion"},{"floor":6,"key":"hexamod:EctoCoolerPotion"},{"floor":15,"key":"LiquidBronze"}],"is_trial":false,"path_per_floor":["R","M","M","M","M","M","T","?","$","?","$","M","$","?","M","B"],"character_chosen":"THE_SPIRIT","items_purchased":["hexamod:Firestarter","Strawberry"],"campfire_rested":1,"item_purchase_floors":[9,9],"current_hp_per_floor":[70,70,70,70,70,63,63,68,75,68,68,62,55,55,53,45,45,45],"gold":122,"neow_bonus":"TWO_FIFTY_GOLD","is_daily":false,"chose_seed":false,"campfire_upgraded":0,"win_rate":0.0,"timestamp":1608755620,"path_taken":["R","M","M","M","?","M","T","?","$","?","$","M","$","?","M","BOSS"],"items_purchased_type":["Card","Relic"],"build_version":"2020-12-22","purchased_purges":2,"victory":false,"max_hp_per_floor":[70,70,70,70,70,70,70,75,82,82,82,82,82,82,82,82,82,82],"relic_stats":{"counters":[11,44],"obtain_stats":[{"Strawberry":9,"PrismaticShard":14,"hexamod:SpiritBrand":0,"hexamod:MatchstickCase":10},{"Strawberry":6,"PrismaticShard":9,"hexamod:SpiritBrand":0,"hexamod:MatchstickCase":6},{"Strawberry":19,"PrismaticShard":31,"hexamod:SpiritBrand":0,"hexamod:MatchstickCase":19}]},"card_choices":[{"not_picked":["hexamod:Hexaguard","hexamod:NightmareGuise"],"picked":"hexamod:BurningTouch","floor":2},{"not_picked":["hexamod:Rewind","hexamod:SwordOfDarkness"],"picked":"hexamod:StepThrough","floor":3},{"not_picked":["hexamod:BurningTouch","hexamod:BacktrackSmack"],"picked":"hexamod:ExtraCrispy","floor":4},{"not_picked":["hexamod:SwordOfDarkness","hexamod:EmpoweredFlame"],"picked":"hexamod:PhantomCloak","floor":5},{"not_picked":["hexamod:SpectralAdrenaline","hexamod:Haunt"],"picked":"hexamod:InspiringFlames","floor":6},{"not_picked":["hexamod:PowerFromBeyond","hexamod:TimeOfNeed"],"picked":"hexamod:Rewind","floor":9},{"not_picked":["hexamod:NightmareGuise","hexamod:SwordOfDarkness"],"picked":"hexamod:ShieldOfDarkness","floor":11},{"not_picked":["hexamod:ParanormalForm","hexamod:GhostShield","hexamod:NecessarySacrifice"],"picked":"SKIP","floor":12},{"not_picked":["hexamod:HauntingEcho","hexamod:GhostShield","hexamod:FastForward"],"picked":"SKIP","floor":13},{"not_picked":["Sneak Up","Headbutt"],"picked":"Dodge and Roll","floor":15}],"player_experience":418837,"relics_obtained":[],"event_choices":[{"damage_healed":0,"gold_gain":0,"player_choice":"Donut","damage_taken":0,"max_hp_gain":5,"max_hp_loss":0,"event_name":"Big Fish","floor":8,"gold_loss":0},{"damage_healed":0,"gold_gain":0,"player_choice":"Relic ","damage_taken":7,"max_hp_gain":0,"max_hp_loss":0,"event_name":"betterThird:BetterScrap","floor":10,"gold_loss":0,"cards_obtained":["Tactician"]}],"is_beta":false,"boss_relics":[],"items_purged_floors":[9,11],"is_endless":false,"potions_floor_spawned":[4,6,15,16],"killed_by":"downfall:Watcher","ascension_level":1}}