{"host":"gn4zoccfnie4id9c","time":1608766956,"event":{"mods":["AchievementEnabler","BaseMod","Colored Map","Minty Spire (QoL Compilation)"],"gold_per_floor":[113,128,203,219,235,269,269,269,269,280,315,123,123,140,140,244,244,260,273,47,75,24,24,34,48,71,71,33,33,47,81,81,177,177,194,194,217,227,82,82,82,82],"floor_reached":41,"playtime":4025,"items_purged":[],"score":471,"play_id":"fc9ddd94-5c29-42d1-b47a-41140a9a2aee","local_time":"20201223184236","is_ascension_mode":false,"campfire_choices":[{"floor":7,"key":"REST"},{"floor":15,"key":"REST"},{"floor":23,"key":"REST"},{"data":"Eruption","floor":27,"key":"SMITH"},{"data":"BattleHymn","floor":29,"key":"SMITH"},{"floor":32,"key":"REST"},{"floor":40,"key":"REST"}],"circlet_count":0,"master_deck":["Strike_P","Strike_P","Strike_P","Strike_P","Defend_P","Defend_P","Defend_P","Eruption+1","Vigilance","CrushJoints","ClearTheMind","CutThroughFate","BattleHymn+1","Perseverance","Halt","Vengeance","PathToVictory","WreathOfFlame","Establishment","ThirdEye+1","EmptyBody+1","FearNoEvil","LikeWater","SashWhip","JustLucky","JustLucky+1","DeceiveReality","Protect","Crescendo","ConjureBlade","WindmillStrike+1","Madness","Madness","Doubt","FollowUp"],"relics":["HolyWater","Kunai","Unceasing Top","FossilizedHelix","Eternal Feather","Vajra","Strange Spoon","Red Mask","Potion Belt","Bottled Lightning","Cursed Key","Oddly Smooth Stone","Art of War"],"acts_visited":["Exordium","TheCity","TheBeyond"],"potions_floor_usage":[11,16,18,21,21,24,31,33,41],"damage_taken":[{"damage":1,"enemies":"Jaw Worm","floor":1,"turns":3},{"damage":1,"enemies":"2 Louse","floor":2,"turns":2},{"damage":1,"enemies":"Cultist","floor":4,"turns":3},{"damage":15,"enemies":"Looter","floor":5,"turns":3},{"damage":31,"enemies":"Gremlin Nob","floor":6,"turns":4},{"damage":19,"enemies":"Exordium Thugs","floor":10,"turns":4},{"damage":0,"enemies":"3 Sentries","floor":11,"turns":8},{"damage":2,"enemies":"Blue Slaver","floor":14,"turns":3},{"damage":22,"enemies":"The Guardian","floor":16,"turns":7},{"damage":24,"enemies":"3 Byrds","floor":18,"turns":6},{"damage":0,"enemies":"Spheric Guardian","floor":19,"turns":3},{"damage":26,"enemies":"Masked Bandits","floor":21,"turns":6},{"damage":11,"enemies":"Centurion and Healer","floor":24,"turns":7},{"damage":15,"enemies":"Snake Plant","floor":25,"turns":6},{"damage":28,"enemies":"Shelled Parasite and Fungi","floor":30,"turns":3},{"damage":23,"enemies":"Book of Stabbing","floor":31,"turns":6},{"damage":16,"enemies":"Champ","floor":33,"turns":10},{"damage":3,"enemies":"Orb Walker","floor":35,"turns":3},{"damage":41,"enemies":"3 Darklings","floor":38,"turns":8},{"damage":78,"enemies":"Reptomancer","floor":41,"turns":5}],"seed_played":"-1612208897619589743","potions_obtained":[{"floor":1,"key":"DistilledChaos"},{"floor":5,"key":"SpeedPotion"},{"floor":14,"key":"Energy Potion"},{"floor":16,"key":"ColorlessPotion"},{"floor":18,"key":"Energy Potion"},{"floor":19,"key":"BottledMiracle"},{"floor":30,"key":"PowerPotion"},{"floor":31,"key":"Weak Potion"},{"floor":38,"key":"StancePotion"}],"is_trial":false,"path_per_floor":["M","M","?","M","M","E","R","?","T","M","E","$","?","M","R","B",null,"M","M","$","?","$","R","M","M","T","R","$","R","M","E","R","B",null,"M","?","T","M","$","R","E"],"character_chosen":"WATCHER","items_purchased":["Vajra","PathToVictory","Strange Spoon","FearNoEvil","SashWhip","DeceiveReality","Art of War"],"campfire_rested":5,"item_purchase_floors":[12,12,20,20,22,28,39],"current_hp_per_floor":[78,77,66,65,50,19,42,30,30,11,11,11,11,9,41,19,79,55,55,55,29,29,64,53,38,38,53,53,68,40,17,55,39,79,76,66,66,25,25,69,0,0],"gold":82,"neow_bonus":"TEN_PERCENT_HP_BONUS","is_daily":false,"chose_seed":false,"campfire_upgraded":2,"win_rate":0.0,"timestamp":1608766956,"path_taken":["M","M","?","M","M","E","R","?","T","M","E","$","?","M","R","BOSS","M","?","$","?","?","R","M","M","T","R","$","R","M","E","R","BOSS","M","?","?","M","$","R","E"],"items_purchased_type":["Relic","Card","Relic","Card","Card","Card","Relic"],"build_version":"2020-12-22","purchased_purges":0,"victory":false,"max_hp_per_floor":[79,79,79,79,79,79,79,79,79,79,79,79,79,79,79,79,79,79,79,79,79,79,79,79,79,79,79,79,79,79,79,79,79,79,79,79,79,79,79,79,79,79],"card_choices":[{"not_picked":["WaveOfTheHand","Study"],"picked":"CrushJoints","floor":1},{"not_picked":["ThirdEye","InnerPeace"],"picked":"ClearTheMind","floor":2},{"not_picked":["ClearTheMind","LikeWater"],"picked":"CutThroughFate","floor":4},{"not_picked":["Crescendo","MasterReality"],"picked":"BattleHymn","floor":5},{"not_picked":["Ragnarok","CarveReality"],"picked":"Perseverance","floor":6},{"not_picked":["Worship","PathToVictory"],"picked":"Halt","floor":10},{"not_picked":["TalkToTheHand","Evaluate"],"picked":"Vengeance","floor":11},{"not_picked":["Evaluate","EmptyBody"],"picked":"WreathOfFlame","floor":14},{"not_picked":["MasterReality","ConjureBlade"],"picked":"Establishment","floor":16},{"not_picked":["EmptyFist","WreathOfFlame"],"picked":"ThirdEye+1","floor":18},{"not_picked":["Consecrate","WindmillStrike"],"picked":"EmptyBody+1","floor":19},{"not_picked":["EmptyFist+1","WheelKick+1"],"picked":"LikeWater","floor":21},{"not_picked":["Study","FollowUp"],"picked":"JustLucky","floor":24},{"not_picked":["ClearTheMind","SashWhip"],"picked":"JustLucky+1","floor":25},{"not_picked":["BattleHymn","SashWhip"],"picked":"Protect","floor":30},{"not_picked":["Ragnarok","JustLucky"],"picked":"Crescendo","floor":31},{"not_picked":["LessonLearned","DeusExMachina"],"picked":"ConjureBlade","floor":33},{"not_picked":["FlyingSleeves+1","EmptyBody+1"],"picked":"WindmillStrike+1","floor":35},{"not_picked":["EmptyBody","EmptyFist+1"],"picked":"FollowUp","floor":38}],"player_experience":102650,"relics_obtained":[{"floor":6,"key":"Kunai"},{"floor":9,"key":"FossilizedHelix"},{"floor":11,"key":"Eternal Feather"},{"floor":21,"key":"Red Mask"},{"floor":26,"key":"Potion Belt"},{"floor":31,"key":"Bottled Lightning"},{"floor":37,"key":"Oddly Smooth Stone"}],"event_choices":[{"damage_healed":0,"gold_gain":75,"player_choice":"Gather Gold","damage_taken":11,"max_hp_gain":0,"max_hp_loss":0,"event_name":"World of Goop","floor":3,"gold_loss":0},{"damage_healed":0,"gold_gain":0,"player_choice":"Success","damage_taken":12,"relics_obtained":["Unceasing Top"],"max_hp_gain":0,"max_hp_loss":0,"event_name":"Scrap Ooze","floor":8,"gold_loss":0},{"cards_removed":["Defend_P"],"damage_healed":0,"gold_gain":0,"player_choice":"Purged","damage_taken":0,"max_hp_gain":0,"max_hp_loss":0,"event_name":"Purifier","floor":13,"gold_loss":0},{"damage_healed":0,"gold_gain":0,"player_choice":"Fought Bandits","damage_taken":0,"max_hp_gain":0,"max_hp_loss":0,"event_name":"Masked Bandits","floor":21,"gold_loss":0},{"damage_healed":0,"gold_gain":0,"player_choice":"Embrace Madness","damage_taken":10,"max_hp_gain":0,"max_hp_loss":0,"event_name":"Winding Halls","floor":36,"gold_loss":0,"cards_obtained":["Madness","Madness"]}],"is_beta":false,"boss_relics":[{"not_picked":["Pandora\u0027s Box","Velvet Choker"],"picked":"HolyWater"},{"not_picked":["Sozu","Empty Cage"],"picked":"Cursed Key"}],"items_purged_floors":[],"is_endless":false,"potions_floor_spawned":[1,5,14,16,18,19,30,31,38],"killed_by":"Reptomancer","ascension_level":0}}