{"host":"qw1m3zcvi888b4j7","time":1608703842,"event":{"mods":["AchievementEnabler","Act Like it!","BaseMod","Block Reminder","Colored Map","Colored Powertips","Curses Come First","DeckTracker","Hermit","Highlight Path","Hubris","Minty Spire (QoL Compilation)","Quick Restart","Rare Cards Sparkle","Relic Sorter","Relic Stats","Replay The Spire","StSLib","SuperFastMode","The Blue Laboratory","The Cursed","The Servant 0.9.4","everything is the same but u backflip on backflip"],"gold_per_floor":[219,231,231,231,26,26,71,99,99,61,61,88,88,106,106,210,210,238,15,15,15,15,15,45,45,93,135,160,179,179,179,179,195,195],"floor_reached":33,"playtime":1092,"items_purged":["hubris:Sloth"],"score":299,"play_id":"c00b8af8-f43d-430f-bed4-cfa511e9bdc4","local_time":"20201223071042","is_ascension_mode":true,"campfire_choices":[{"floor":6,"key":"RECALL"},{"data":"Spot Weakness","floor":11,"key":"SMITH"},{"data":"hubris:ReadiedAction","floor":13,"key":"SMITH"},{"data":"Anger","floor":15,"key":"SMITH"},{"data":"Ghostly","floor":23,"key":"SMITH"},{"floor":25,"key":"REST"},{"data":"Bludgeon","floor":30,"key":"SMITH"},{"data":"Combust","floor":32,"key":"SMITH"}],"circlet_count":0,"master_deck":["Strike_R","Strike_R","Strike_R+1","Strike_R","Strike_R","Defend_R","Defend_R","Defend_R","Defend_R+1","Bash","Cleave+1","Spot Weakness+1","Massacre+1","Sentinel","Anger+1","Shockwave","hubris:ReadiedAction+1","Combust+1","Eclipse","Massacre+1","Ghostly+1","Ghostly","Ghostly","Ghostly","Ghostly","Shame","Clash+1","Heavy Blade","Rupture","Bludgeon+1"],"relics":["Burning Blood","hubris:Icosahedron","Replay:Bandana","Mirror","Sundial","ReplayTheSpireMod:CursedCoin","Blood Vial","Runic Cube","Simple Rune","PreservedInsect","InkBottle","Ginger","Boot","Red Mask","hubris:BottledHeart"],"acts_visited":["Exordium","TheCity"],"potions_floor_usage":[7,16,24,33],"damage_taken":[{"damage":12,"enemies":"Small Slimes","floor":1,"turns":4},{"damage":7,"enemies":"2 Louse","floor":2,"turns":3},{"damage":24,"enemies":"Gremlin Nob","floor":7,"turns":4},{"damage":6,"enemies":"Jaw Worm","floor":8,"turns":3},{"damage":0,"enemies":"3 Louse","floor":12,"turns":3},{"damage":7,"enemies":"Exordium Wildlife","floor":14,"turns":2},{"damage":62,"enemies":"Slime Boss","floor":16,"turns":11},{"damage":9,"enemies":"Chosen","floor":18,"turns":5},{"damage":32,"enemies":"Book of Stabbing","floor":24,"turns":6},{"damage":4,"enemies":"Masked Bandits","floor":27,"turns":4},{"damage":8,"enemies":"3 Byrds","floor":28,"turns":3},{"damage":8,"enemies":"Centurion and Healer","floor":29,"turns":6},{"damage":3,"enemies":"Pondfish","floor":33,"turns":7}],"seed_played":"2805659799706345053","potions_obtained":[{"floor":1,"key":"Fire Potion"},{"floor":2,"key":"blueLaboratory:FruitPreserves"},{"floor":16,"key":"BlessingOfTheForge"},{"floor":27,"key":"Dexterity Potion"}],"is_trial":false,"path_per_floor":["M","M","?","?","$","R","E","M","T","$","R","M","R","M","R","B",null,"M","$","?","?","?","R","E","R","T","?","M","M","R","?","R","B"],"character_chosen":"IRONCLAD","items_purchased":["Replay:Bandana","Massacre+1","ReplayTheSpireMod:CursedCoin","Blood Vial","Shockwave","Simple Rune"],"campfire_rested":1,"item_purchase_floors":[5,5,10,10,10,19],"current_hp_per_floor":[74,73,73,73,73,73,55,55,55,55,55,63,63,64,64,45,80,77,77,40,40,40,40,14,26,26,30,30,30,30,1,1,0,0],"gold":195,"neow_bonus":"HUNDRED_GOLD","is_daily":false,"chose_seed":false,"campfire_upgraded":6,"win_rate":0.0,"timestamp":1608703842,"path_taken":["M","M","?","?","?","R","E","?","T","$","R","M","R","M","R","BOSS","M","$","?","?","?","R","E","R","T","?","M","M","R","?","R","BOSS"],"items_purchased_type":["Relic","Card","Relic","Relic","Card","Relic"],"build_version":"2020-12-13","purchased_purges":1,"victory":false,"max_hp_per_floor":[80,80,80,80,80,80,80,80,80,80,80,80,80,80,80,80,80,80,80,40,40,40,40,40,40,40,40,40,40,40,1,1,1,1],"relic_stats":{"Blood Vial":12,"counters":[13,61],"Sundial":[4],"PreservedInsect":52,"Ginger":[2],"Boot":[13],"obtain_stats":[{"ReplayTheSpireMod:CursedCoin":10,"PreservedInsect":21,"Ginger":24,"Boot":26,"Burning Blood":0,"Blood Vial":10,"Replay:Bandana":5,"hubris:Icosahedron":4,"Sundial":9,"hubris:BottledHeart":31,"Simple Rune":19,"Red Mask":27,"Mirror":7,"InkBottle":22,"Runic Cube":17},{"ReplayTheSpireMod:CursedCoin":4,"PreservedInsect":8,"Ginger":9,"Boot":9,"Burning Blood":0,"Blood Vial":4,"Replay:Bandana":2,"hubris:Icosahedron":2,"Sundial":4,"hubris:BottledHeart":12,"Simple Rune":8,"Red Mask":10,"Mirror":3,"InkBottle":8,"Runic Cube":7},{"ReplayTheSpireMod:CursedCoin":14,"PreservedInsect":35,"Ginger":41,"Boot":41,"Burning Blood":0,"Blood Vial":14,"Replay:Bandana":7,"hubris:Icosahedron":7,"Sundial":14,"hubris:BottledHeart":54,"Simple Rune":35,"Red Mask":45,"Mirror":11,"InkBottle":35,"Runic Cube":30}],"Burning Blood":72,"InkBottle":[10],"Runic Cube":[41]},"card_choices":[{"not_picked":["Wild Strike","Run Through"],"picked":"Cleave","floor":1},{"not_picked":["Feel No Pain","Whirlwind"],"picked":"Spot Weakness","floor":2},{"not_picked":["Dual Wield","Shrug It Off"],"picked":"Sentinel","floor":7},{"not_picked":["Warcry","Thunderclap"],"picked":"Anger","floor":8},{"not_picked":["Shockwave","Armaments"],"picked":"hubris:ReadiedAction","floor":12},{"not_picked":["Wild Strike","Anger"],"picked":"Combust","floor":14},{"not_picked":["Impervious","Corruption"],"picked":"Eclipse","floor":16},{"not_picked":["Rampage","Uppercut"],"picked":"Massacre+1","floor":18},{"not_picked":["Dark Embrace","Dual Wield"],"picked":"Clash+1","floor":24},{"not_picked":["Iron Wave","Whirlwind+1"],"picked":"Heavy Blade","floor":27},{"not_picked":["ReplayReversal","Run Through"],"picked":"Rupture","floor":28},{"not_picked":["Warcry+1","Shrug It Off"],"picked":"Bludgeon","floor":29}],"player_experience":126172,"relics_obtained":[{"floor":7,"key":"Mirror"},{"floor":9,"key":"Sundial"},{"floor":24,"key":"Ginger"},{"floor":26,"key":"Boot"},{"floor":27,"key":"Red Mask"}],"event_choices":[{"damage_healed":0,"gold_gain":0,"player_choice":"Grow","damage_taken":0,"max_hp_gain":0,"max_hp_loss":0,"event_name":"Living Wall","floor":3,"gold_loss":0,"cards_upgraded":["Cleave"]},{"damage_healed":0,"gold_gain":0,"player_choice":"Became a Ghost","damage_taken":0,"max_hp_gain":0,"max_hp_loss":40,"event_name":"Ghosts","floor":20,"gold_loss":0,"cards_obtained":["Ghostly","Ghostly","Ghostly","Ghostly","Ghostly"]},{"damage_healed":0,"gold_gain":0,"player_choice":"Opened","damage_taken":0,"relics_obtained":["PreservedInsect"],"max_hp_gain":0,"max_hp_loss":0,"event_name":"The Mausoleum","floor":21,"gold_loss":0},{"damage_healed":0,"gold_gain":0,"player_choice":"Stole Relic","damage_taken":0,"relics_obtained":["InkBottle"],"max_hp_gain":0,"max_hp_loss":0,"event_name":"Addict","floor":22,"gold_loss":0,"cards_obtained":["Shame"]},{"damage_healed":0,"gold_gain":0,"player_choice":"Fought Bandits","damage_taken":0,"max_hp_gain":0,"max_hp_loss":0,"event_name":"Masked Bandits","floor":27,"gold_loss":0}],"is_beta":false,"boss_relics":[{"not_picked":["Coffee Dripper","Replay:Ancient Bell"],"picked":"Runic Cube"}],"items_purged_floors":[19],"is_endless":false,"potions_floor_spawned":[1,2,16,27],"killed_by":"Pondfish","ascension_level":1}}