{"host":"xm0mz9ddset2ui4e","time":1608716072,"event":{"mods":["2.2 Compatiblity","AchievementEnabler","Act Like it!","Astrologer","BaseMod","CapriCore","Colored Powertips","Downfall","Elementarium","Gensokyo","GifTheSpireLib","Hallownest","Hermit","Highlight Path","HololiveMod","Jorbs\u0027s Wanderer Trilogy","Koishi","Lobotomy","LobotomyExtend","Marisa????????","Minty Spire (QoL Compilation)","Remilia??????","Replay The Spire","Shade Mod","StSLib","Td1madao Mod","The Animator","The Bug Knight","The Cursed","The Hierophant","The Immortal","The Runesmith","The Servant 0.9.4","The Wild Card","TheBandit"],"gold_per_floor":[0,14,24,34,51,71,71,71,71,88,88,88,100,130,150,250,250,175,187,204,223,238,238,263,282,124,124,124,157,82,96,114,217,217,217,237,30,47,61,91,91,91,91,16,42,62,74,87,101,101,101,101],"floor_reached":50,"playtime":6269,"items_purged":["hexamod:Strike","hexamod:SecondSeal"],"score":634,"play_id":"e3655deb-3c61-4ee8-b6cc-f00a141c2462","local_time":"20201223033432","is_ascension_mode":true,"campfire_choices":[{"data":"hexamod:Float","floor":1,"key":"SMITH"},{"floor":8,"key":"REST"},{"floor":12,"key":"RECALL"},{"data":"hexamod:CrushingStance","floor":18,"key":"SMITH"},{"data":"hexamod:RecurringNightmare","floor":30,"key":"SMITH"},{"data":"hexamod:CrushingStance","floor":35,"key":"SMITH"},{"data":"hexamod:GhostLash","floor":44,"key":"SMITH"}],"circlet_count":0,"master_deck":["hexamod:Strike+1","hexamod:Defend+1","hexamod:Defend","hexamod:Defend+1","hexamod:Sear","hexamod:Float+1","hexamod:RetreatToShadows","hexamod:PowerFromBeyond","hexamod:RecurringNightmare+1","hexamod:Hexaguard","hexamod:GhostShield","hexamod:Haunt","hexamod:NightmareGuise","hexamod:RecurringNightmare+1","hexamod:SpectersWail","hexamod:CrushingStance+1","AbeCurse","hexamod:NightmareStrike","hexamod:GhostLash+1","hexamod:FlamesFromBeyond","hexamod:Incineration","Sloth_TH","hexamod:SpectersWail+1","hexamod:CrushingStance+1","hexamod:TimeOfNeed+1","hexamod:RainOfEmbers+1","hexamod:GhostLash","hexamod:GhostLash+1","hexamod:ExtraCrispy","hexamod:Incineration","hexamod:GhostLash+1","hexamod:NightmareGuise+1"],"relics":["hexamod:SpiritBrand","LetterFromLob","Oddly Smooth Stone","hexamod:TheBrokenSeal","Gremlin Food","Abe\u0027s Treasure","downfall:HeartBlessingRed","Shuriken","downfall:HeartBlessingBlue","Astrolabe","Replay:Wax Seal","Regal Pillow","War Paint","Ancient Tea Set","Snack Pack","downfall:HeartBlessingGreen","Chameleon Ring"],"acts_visited":["Exordium","TheCity","TheBeyond"],"potions_floor_usage":[6,29,29,33,33,37,39,40,45,47],"damage_taken":[{"damage":0,"enemies":"Small Slimes","floor":2,"turns":4},{"damage":4,"enemies":"Cultist","floor":3,"turns":4},{"damage":11,"enemies":"2 Louse","floor":4,"turns":3},{"damage":12,"enemies":"2 Fungi Beasts","floor":5,"turns":6},{"damage":22,"enemies":"Blue Slaver","floor":6,"turns":8},{"damage":20,"enemies":"3 Louse","floor":10,"turns":9},{"damage":0,"enemies":"2 Fungi Beasts","floor":13,"turns":5},{"damage":4,"enemies":"Lagavulin","floor":14,"turns":9},{"damage":0,"enemies":"Large Slime","floor":15,"turns":4},{"damage":12,"enemies":"downfall:Watcher","floor":16,"turns":10},{"damage":0,"enemies":"Spheric Guardian","floor":19,"turns":4},{"damage":0,"enemies":"Chosen","floor":20,"turns":4},{"damage":9,"enemies":"Snake Plant","floor":21,"turns":3},{"damage":0,"enemies":"Centurion and Healer","floor":22,"turns":5},{"damage":12,"enemies":"Shelled Parasite and Fungi","floor":25,"turns":4},{"damage":2,"enemies":"downfall:FleeingMerchant","floor":26,"turns":4},{"damage":12,"enemies":"Slavers","floor":29,"turns":5},{"damage":7,"enemies":"Snake Plant","floor":31,"turns":4},{"damage":0,"enemies":"Centurion and Healer","floor":32,"turns":4},{"damage":33,"enemies":"downfall:Defect","floor":33,"turns":8},{"damage":0,"enemies":"Orb Walker","floor":36,"turns":2},{"damage":5,"enemies":"downfall:FleeingMerchant","floor":37,"turns":4},{"damage":0,"enemies":"downfall:FleeingMerchant","floor":38,"turns":3},{"damage":11,"enemies":"3 Darklings","floor":39,"turns":5},{"damage":11,"enemies":"HollowMod:StalkingDevout","floor":40,"turns":7},{"damage":23,"enemies":"Nemesis","floor":45,"turns":5},{"damage":3,"enemies":"Maw","floor":46,"turns":6},{"damage":7,"enemies":"Jaw Worm Horde","floor":47,"turns":4},{"damage":5,"enemies":"Sphere and 2 Shapes","floor":48,"turns":3},{"damage":32,"enemies":"Spire Growth","floor":49,"turns":4},{"damage":5,"enemies":"downfall:Silent","floor":50,"turns":2}],"seed_played":"1036745522083555880","potions_obtained":[{"floor":2,"key":"Languid Potion"},{"floor":6,"key":"GamblersBrew"},{"floor":13,"key":"Explosive Potion"},{"floor":14,"key":"FearPotion"},{"floor":15,"key":"Toxic Potion"},{"floor":28,"key":"LazyBrew"},{"floor":28,"key":"LazyBrew"},{"floor":28,"key":"LazyBrew"},{"floor":29,"key":"Adrenaline Potion"},{"floor":36,"key":"champ:CounterPotion"},{"floor":39,"key":"FearPotion"},{"floor":40,"key":"Weak Potion"},{"floor":45,"key":"BlessingOfTheForge"},{"floor":47,"key":"Swift Potion"}],"is_trial":false,"path_per_floor":["R","M","M","M","M","M","T","R","?","M","M","R","M","E","M","B",null,"R","M","M","M","M","?","T","M","$","?","?","E","R","M","M","B",null,"R","M","?","$","M","E","T","?","?","R","E","M","M","M","M","B"],"character_chosen":"THE_SPIRIT","items_purchased":["hexamod:Incineration","Replay:Wax Seal","Regal Pillow","War Paint","hexamod:ExtraCrispy"],"campfire_rested":1,"item_purchase_floors":[26,37,37,38,38],"current_hp_per_floor":[70,70,66,55,50,35,35,56,56,80,80,80,80,76,76,64,80,80,80,80,71,71,71,71,59,57,57,57,45,55,48,48,15,90,90,90,85,85,74,63,63,63,63,63,42,41,36,33,3,0,0,0],"gold":101,"neow_bonus":"THREE_RARE_CARDS","is_daily":false,"chose_seed":false,"campfire_upgraded":5,"win_rate":0.0,"timestamp":1608716072,"path_taken":["R","M","M","M","M","M","T","R","?","?","M","R","M","E","M","BOSS","R","M","M","M","M","?","T","M","$","?","?","E","R","M","M","BOSS","R","M","?","$","M","E","T","?","?","R","E","M","M","M","M","BOSS"],"items_purchased_type":["Card","Relic","Relic","Relic","Card"],"build_version":"2020-12-22","purchased_purges":2,"victory":false,"max_hp_per_floor":[70,70,70,70,70,70,70,70,70,80,80,80,80,80,80,80,80,80,80,80,80,80,80,80,80,80,80,80,80,90,90,90,90,90,90,90,90,90,90,90,90,90,90,90,90,90,90,90,90,90,90,90],"card_choices":[{"not_picked":["hexamod:TimeWarp","hexamod:GhostflameInferno"],"picked":"hexamod:FifthSeal","floor":0},{"not_picked":["hexamod:RainOfEmbers","hexamod:RecurringNightmare"],"picked":"hexamod:RetreatToShadows","floor":2},{"not_picked":["hexamod:SecondSeal","hexamod:FourthSeal"],"picked":"hexamod:ThirdSeal","floor":3},{"not_picked":["hexamod:Rewind","hexamod:RainOfEmbers"],"picked":"hexamod:FirstSeal","floor":3},{"not_picked":["hexamod:ThirdSeal","hexamod:FirstSeal"],"picked":"hexamod:SixthSeal","floor":4},{"not_picked":["hexamod:SpectersWail","hexamod:HeatCrush"],"picked":"hexamod:PowerFromBeyond","floor":4},{"not_picked":["hexamod:EmpoweredFlame","hexamod:SwordOfDarkness"],"picked":"hexamod:RecurringNightmare","floor":4},{"not_picked":["hexamod:SixthSeal","hexamod:SecondSeal"],"picked":"hexamod:FourthSeal","floor":5},{"not_picked":["hexamod:Haunt","hexamod:ThermalTransfer"],"picked":"hexamod:Hexaguard","floor":5},{"not_picked":["hexamod:SkipABeat","hexamod:BurningTouch","hexamod:GhostflameInferno"],"picked":"SKIP","floor":5},{"not_picked":["hexamod:FirstSeal","hexamod:FourthSeal"],"picked":"hexamod:SecondSeal","floor":6},{"not_picked":["hexamod:AdvancingGuard","hexamod:SpectersWail"],"picked":"hexamod:GhostShield","floor":6},{"not_picked":["hexamod:AdvancingGuard","hexamod:HauntingEcho","hexamod:ThermalTransfer"],"picked":"SKIP","floor":6},{"not_picked":["hexamod:Firestarter","hexamod:GhostOfSpireFuture"],"picked":"hexamod:NightmareGuise","floor":10},{"not_picked":["hexamod:Firestarter","hexamod:SwordOfDarkness"],"picked":"hexamod:RecurringNightmare","floor":10},{"not_picked":["hexamod:HauntingEcho","hexamod:RecurringNightmare","hexamod:GhostOfSpirePresent"],"picked":"SKIP","floor":13},{"not_picked":["hexamod:NightmareGuise","hexamod:EmpoweringStance"],"picked":"hexamod:SpectersWail","floor":14},{"not_picked":["hexamod:ThermalTransfer","hexamod:BurningTouch","hexamod:AdvancingGuard"],"picked":"SKIP","floor":15},{"not_picked":["hexamod:SixthSeal","hexamod:EmpoweringStance"],"picked":"hexamod:CrushingStance","floor":16},{"not_picked":["hexamod:FastForward","hexamod:SwordOfDarkness"],"picked":"hexamod:NightmareStrike","floor":19},{"not_picked":["hexamod:SpectralAdrenaline","hexamod:Incineration"],"picked":"hexamod:GhostLash","floor":20},{"not_picked":["hexamod:Hexaguard","hexamod:PhantomFireball","hexamod:GhostOfSpireFuture"],"picked":"SKIP","floor":21},{"not_picked":["hexamod:ThermalTransfer","hexamod:PowerFromBeyond","hexamod:GhostOfSpireFuture"],"picked":"SKIP","floor":22},{"not_picked":["hexamod:Hexaguard","hexamod:RainOfEmbers+1","hexamod:PhantomCloak+1"],"picked":"SKIP","floor":25},{"not_picked":["hexamod:WildfireWeapon","hexamod:DynamicBlow+1"],"picked":"hexamod:FlamesFromBeyond","floor":26},{"not_picked":["hexamod:RetreatToShadows","hexamod:HauntingEcho","hexamod:PhantomFireball"],"picked":"SKIP","floor":29},{"not_picked":["hexamod:RetreatToShadows","hexamod:HauntingEcho","hexamod:PhantomFireball"],"picked":"SKIP","floor":29},{"not_picked":["hexamod:SkipABeat","hexamod:RainOfEmbers","hexamod:AdvancingGuard"],"picked":"SKIP","floor":31},{"not_picked":["hexamod:BacktrackSmack","hexamod:Haunt"],"picked":"hexamod:SpectersWail+1","floor":32},{"not_picked":["hexamod:FifthSeal","hexamod:HexaLevel"],"picked":"hexamod:CrushingStance","floor":33},{"not_picked":["hexamod:HeatCrush+1","hexamod:Firestarter+1","hexamod:InspiringFlames+1"],"picked":"SKIP","floor":36},{"not_picked":["hexamod:SwordOfDarkness","hexamod:HauntingEcho+1"],"picked":"hexamod:GhostLash","floor":37},{"not_picked":["hexamod:SecondSeal","hexamod:GhostShield"],"picked":"hexamod:GhostLash+1","floor":38},{"not_picked":["hexamod:HeatCrush+1","hexamod:NecessarySacrifice+1","hexamod:BurningTouch+1"],"picked":"SKIP","floor":39},{"not_picked":["hexamod:FirstSeal","hexamod:TimeOfNeed","hexamod:BurningTouch+1"],"picked":"SKIP","floor":40},{"not_picked":["hexamod:FastForward+1","hexamod:GhostShield","hexamod:Incineration"],"picked":"SKIP","floor":45},{"not_picked":["hexamod:FastForward+1","hexamod:GhostShield"],"picked":"hexamod:Incineration","floor":45},{"not_picked":["hexamod:NecessarySacrifice+1","hexamod:Firestarter","hexamod:ChargedBarrage"],"picked":"SKIP","floor":46},{"not_picked":["hexamod:RainOfEmbers","hexamod:BurningTouch+1"],"picked":"hexamod:GhostLash+1","floor":47},{"not_picked":["hexamod:BurningTouch","hexamod:InspiringFlames"],"picked":"hexamod:NightmareGuise+1","floor":48},{"not_picked":["hexamod:RainOfEmbers","hexamod:GhostflameInferno","hexamod:ShieldOfDarkness"],"picked":"SKIP","floor":49}],"player_experience":663618,"relics_obtained":[{"floor":2,"key":"LetterFromLob"},{"floor":7,"key":"Oddly Smooth Stone"},{"floor":14,"key":"Gremlin Food"},{"floor":29,"key":"Shuriken"},{"floor":40,"key":"Ancient Tea Set"},{"floor":41,"key":"Snack Pack"},{"floor":45,"key":"Chameleon Ring"}],"event_choices":[{"damage_healed":0,"gold_gain":0,"player_choice":"Ignored","damage_taken":0,"max_hp_gain":0,"max_hp_loss":0,"event_name":"Vampires","floor":27,"gold_loss":0}],"is_beta":false,"boss_relics":[{"not_picked":["Snecko Eye","Fusion Hammer"],"picked":"Abe\u0027s Treasure"},{"not_picked":["Runesmith:UraniumAnvil","Black Star"],"picked":"Astrolabe"}],"items_purged_floors":[26,38],"is_endless":false,"potions_floor_spawned":[2,13,14,15,19,21,29,31,32,36,39,40,45,47],"killed_by":"downfall:Silent","ascension_level":1}}