{"host":"kh6fvhxn285ncg0o","time":1608687157,"event":{"mods":["Act Like it!","BaseMod","Colored Map","Friendly Minions","Keyboard Shortcuts","Minty Spire (QoL Compilation)","Quick Restart","Relic Stats","StSLib","SuperFastMode"],"gold_per_floor":[11,28,28,44,44,44,194,35,35,62,111,111,158,118,118,217,244,273,293,321,344,87,129,129,44,68,108,132,141,176,199,199,294,294,317,650,679,527,527,556,592,407,453,453,478,303,303,323,323,343,343,343,343,57,86,86],"floor_reached":57,"playtime":1961,"items_purged":["Doubt","Searing Blow","Headbutt","Dropkick+1","Bash+1","Reaper+1"],"score":3477,"play_id":"748989f1-183f-4e8a-80f4-efade3b6f534","local_time":"20201223103237","is_ascension_mode":true,"campfire_choices":[{"data":"Bash","floor":6.0,"key":"SMITH"},{"floor":12.0,"key":"REST"},{"data":"Juggernaut","floor":15.0,"key":"SMITH"},{"data":"Offering","floor":24.0,"key":"SMITH"},{"data":"Rage","floor":32.0,"key":"SMITH"},{"data":"Evolve","floor":47,"key":"SMITH"},{"floor":49,"key":"RECALL"},{"data":"Body Slam","floor":53,"key":"SMITH"}],"circlet_count":0,"master_deck":["AscendersBane","Defend_R","Defend_R","Defend_R","Defend_R","Disarm","Disarm","Offering+1","Shrug It Off","Reckless Charge","Juggernaut+1","Fiend Fire+1","Burning Pact+1","Shrug It Off+1","Rage+1","Second Wind","Feel No Pain","Barricade","Battle Trance","Seeing Red","Power Through","Evolve+1","Body Slam+1","Dark Embrace"],"relics":["Burning Blood","Bag of Marbles","CeramicFish","Question Card","Orichalcum","Astrolabe","Toolbox","Bottled Lightning","Sundial","Happy Flower","HornCleat","Whetstone","Mark of Pain","Regal Pillow","Lantern","Ornamental Fan","Red Skull"],"acts_visited":["Exordium","TheCity","TheBeyond","TheEnding"],"potions_floor_usage":[50,55,56],"damage_taken":[{"damage":7.0,"enemies":"Jaw Worm","floor":1.0,"turns":6.0},{"damage":5.0,"enemies":"Small Slimes","floor":2.0,"turns":4.0},{"damage":3.0,"enemies":"2 Louse","floor":4.0,"turns":3.0},{"damage":6.0,"enemies":"Looter","floor":10.0,"turns":1.0},{"damage":13.0,"enemies":"3 Sentries","floor":11.0,"turns":4.0},{"damage":16.0,"enemies":"Lagavulin","floor":13.0,"turns":6.0},{"damage":6.0,"enemies":"Hexaghost","floor":16.0,"turns":9.0},{"damage":36.0,"enemies":"Spheric Guardian","floor":18.0,"turns":6.0},{"damage":0.0,"enemies":"3 Byrds","floor":19.0,"turns":7.0},{"damage":39.0,"enemies":"Sentry and Sphere","floor":20.0,"turns":8.0},{"damage":13.0,"enemies":"Book of Stabbing","floor":23.0,"turns":6.0},{"damage":6.0,"enemies":"Slavers","floor":27.0,"turns":3.0},{"damage":6.0,"enemies":"Chosen and Byrds","floor":28.0,"turns":3.0},{"damage":6.0,"enemies":"Book of Stabbing","floor":30.0,"turns":5.0},{"damage":6.0,"enemies":"Snecko","floor":31.0,"turns":6.0},{"damage":6.0,"enemies":"Automaton","floor":33.0,"turns":9.0},{"damage":6.0,"enemies":"3 Darklings","floor":35.0,"turns":4.0},{"damage":6.0,"enemies":"3 Shapes","floor":37.0,"turns":2.0},{"damage":6.0,"enemies":"Reptomancer","floor":40.0,"turns":6.0},{"damage":6.0,"enemies":"Maw","floor":41.0,"turns":9.0},{"damage":6,"enemies":"Giant Head","floor":45,"turns":5},{"damage":6,"enemies":"3 Darklings","floor":48,"turns":2},{"damage":6,"enemies":"Time Eater","floor":50,"turns":7},{"damage":6,"enemies":"Donu and Deca","floor":51,"turns":7},{"damage":6,"enemies":"Shield and Spear","floor":55,"turns":3},{"damage":6,"enemies":"The Heart","floor":56,"turns":6}],"seed_played":"4127582699079793955","potions_obtained":[{"floor":1.0,"key":"PowerPotion"},{"floor":2.0,"key":"LiquidMemories"},{"floor":10.0,"key":"PowerPotion"},{"floor":11.0,"key":"Weak Potion"},{"floor":14.0,"key":"EssenceOfSteel"},{"floor":14.0,"key":"FearPotion"},{"floor":18.0,"key":"Dexterity Potion"},{"floor":20.0,"key":"AttackPotion"},{"floor":27.0,"key":"SteroidPotion"},{"floor":30.0,"key":"LiquidMemories"},{"floor":33.0,"key":"GamblersBrew"},{"floor":35.0,"key":"SpeedPotion"},{"floor":48,"key":"Swift Potion"}],"is_trial":false,"path_per_floor":["M","M","?","M","?","R","?","$","T","M","E","R","E","?","R","B",null,"M","M","M","T","$","E","R","?","T","E","M","?","E","M","R","B",null,"M","?","M","$","?","E","M","$","T","?","E","$","R","M","R","B","B",null,"R","$","E","B",null],"character_chosen":"IRONCLAD","items_purchased":["Offering","Toolbox","Power Through","Evolve","Dark Embrace","Swift Potion"],"campfire_rested":1,"item_purchase_floors":[8,22,38,42,54,54],"current_hp_per_floor":[67,68,68,68,23,23,23,23,23,23,16,36,26,26,26,26,58,35,47,14,14,14,14,14,14,14,35,41,41,46,53,53,60,66,68,68,68,68,65,65,65,65,65,65,65,65,65,65,65,65,65,65,65,65,65,65],"gold":86,"neow_bonus":"TRANSFORM_TWO_CARDS","is_daily":false,"chose_seed":false,"campfire_upgraded":6,"win_rate":0.0,"timestamp":1608687157,"path_taken":["M","M","?","M","?","R","?","$","T","M","E","R","E","?","R","BOSS","M","M","?","?","$","E","R","?","T","E","M","?","E","?","R","BOSS","M","?","M","$","?","E","M","$","T","?","E","?","R","M","R","BOSS","BOSS","R","$","E","BOSS"],"items_purchased_type":["Card","Relic","Card","Card","Card","Potion"],"build_version":"2020-12-13","purchased_purges":6,"victory":true,"max_hp_per_floor":[75,75,68,68,68,68,68,68,68,68,68,68,68,68,68,68,68,68,68,68,68,68,68,68,68,68,68,68,68,68,68,68,68,68,68,68,68,68,65,65,65,65,65,65,65,65,65,65,65,65,65,65,65,65,65,65],"relic_stats":{"Regal Pillow":0,"Happy Flower":[25],"counters":[26,137],"Sundial":[68],"Ornamental Fan":[20],"CeramicFish":153,"Astrolabe":["Burning Pact","Reaper","Shrug It Off"],"Whetstone":["Fiend Fire","Dropkick"],"Orichalcum":[132],"Question Card":18,"obtain_stats":[{"Regal Pillow":40,"Lantern":43,"Happy Flower":26,"Golden Idol":3,"CeramicFish":9,"Astrolabe":17,"Whetstone":30,"Orichalcum":13,"Question Card":11,"Burning Blood":0,"HornCleat":27,"Sundial":25,"Ornamental Fan":45,"Toolbox":22,"Mark of Pain":34,"Bag of Marbles":5,"Bottled Lightning":23,"Red Skull":55},{"Regal Pillow":19,"Lantern":20,"Happy Flower":11,"Golden Idol":2,"CeramicFish":3,"Astrolabe":7,"Whetstone":14,"Orichalcum":6,"Question Card":5,"Burning Blood":0,"HornCleat":12,"Sundial":11,"Ornamental Fan":21,"Toolbox":10,"Mark of Pain":16,"Bag of Marbles":3,"Bottled Lightning":11,"Red Skull":25},{"Regal Pillow":98,"Lantern":107,"Happy Flower":60,"Golden Idol":10,"CeramicFish":13,"Astrolabe":33,"Whetstone":71,"Orichalcum":24,"Question Card":18,"Burning Blood":0,"HornCleat":63,"Sundial":60,"Ornamental Fan":112,"Toolbox":54,"Mark of Pain":86,"Bag of Marbles":13,"Bottled Lightning":60,"Red Skull":131}],"Burning Blood":115},"card_choices":[{"not_picked":["True Grit","Sword Boomerang"],"picked":"Disarm","floor":1.0},{"not_picked":["Clothesline","Burning Pact"],"picked":"Headbutt","floor":2.0},{"not_picked":["Blood for Blood","Pommel Strike"],"picked":"Dropkick","floor":4.0},{"not_picked":["Burning Pact","Pommel Strike"],"picked":"Shrug It Off","floor":10.0},{"not_picked":["Heavy Blade","Reaper"],"picked":"Reckless Charge","floor":11.0},{"not_picked":["Pummel","Flame Barrier","Entrench"],"picked":"Juggernaut","floor":13.0},{"not_picked":["Exhume","Double Tap","Barricade"],"picked":"Fiend Fire","floor":16.0},{"not_picked":["Heavy Blade","Fire Breathing","Anger+1"],"picked":"Rage","floor":18.0},{"not_picked":["Hemokinesis+1","Iron Wave","Clothesline","Headbutt"],"picked":"SKIP","floor":19.0},{"not_picked":["Wild Strike+1","Cleave","True Grit"],"picked":"Second Wind","floor":20.0},{"not_picked":["Searing Blow","Body Slam","Flex+1","Feel No Pain"],"picked":"SKIP","floor":23.0},{"not_picked":["Searing Blow","Body Slam","Flex+1"],"picked":"Feel No Pain","floor":23.0},{"not_picked":["Sentinel","Body Slam","Shrug It Off+1"],"picked":"Barricade","floor":27.0},{"not_picked":["Headbutt","Shrug It Off","Searing Blow","Armaments"],"picked":"SKIP","floor":28.0},{"not_picked":["Warcry","Sever Soul","Wild Strike","Demon Form"],"picked":"SKIP","floor":30.0},{"not_picked":["Havoc","Thunderclap","Body Slam","Metallicize"],"picked":"SKIP","floor":31.0},{"not_picked":["Clash+1","Clothesline","Heavy Blade","Sword Boomerang"],"picked":"SKIP","floor":35.0},{"not_picked":["Clash","Flex","Whirlwind"],"picked":"Seeing Red","floor":37.0},{"not_picked":["Iron Wave","Inflame","Clothesline+1","Sword Boomerang"],"picked":"SKIP","floor":40.0},{"not_picked":["Inflame+1","Disarm","Twin Strike","Headbutt"],"picked":"SKIP","floor":41.0},{"not_picked":["Twin Strike","Perfected Strike+1","Armaments","Feel No Pain+1"],"picked":"SKIP","floor":45},{"not_picked":["Shrug It Off","Battle Trance+1","Uppercut"],"picked":"Body Slam","floor":48},{"not_picked":["Spot Weakness+1","Headbutt","Twin Strike","Flex"],"picked":"SKIP","floor":55}],"player_experience":3210883,"relics_obtained":[{"floor":9.0,"key":"CeramicFish"},{"floor":11.0,"key":"Question Card"},{"floor":13.0,"key":"Orichalcum"},{"floor":23.0,"key":"Bottled Lightning"},{"floor":26.0,"key":"Happy Flower"},{"floor":27.0,"key":"HornCleat"},{"floor":30.0,"key":"Whetstone"},{"floor":40.0,"key":"Regal Pillow"},{"floor":43.0,"key":"Lantern"},{"floor":45,"key":"Ornamental Fan"},{"floor":55,"key":"Red Skull"}],"event_choices":[{"damage_healed":0.0,"max_hp_gain":0.0,"max_hp_loss":7.0,"gold_gain":0.0,"event_name":"Golden Idol","player_choice":"Lose Max HP","floor":3.0,"gold_loss":0.0,"damage_taken":0.0,"relics_obtained":["Golden Idol"]},{"damage_healed":0.0,"max_hp_gain":0.0,"max_hp_loss":0.0,"gold_gain":0.0,"event_name":"Scrap Ooze","player_choice":"Success","floor":5.0,"gold_loss":0.0,"damage_taken":45.0,"relics_obtained":["Bag of Marbles"]},{"damage_healed":0.0,"max_hp_gain":0.0,"max_hp_loss":0.0,"gold_gain":150.0,"event_name":"Liars Game","player_choice":"AGREE","floor":7.0,"gold_loss":0.0,"damage_taken":0.0,"cards_obtained":["Doubt"]},{"damage_healed":0.0,"max_hp_gain":0.0,"max_hp_loss":0.0,"gold_gain":0.0,"event_name":"The Woman in Blue","player_choice":"Bought 3 Potions","floor":14.0,"gold_loss":0.0,"damage_taken":0.0},{"damage_healed":0.0,"max_hp_gain":0.0,"max_hp_loss":0.0,"gold_gain":0.0,"event_name":"Addict","player_choice":"Obtained Relic","floor":25.0,"gold_loss":85.0,"damage_taken":0.0,"relics_obtained":["Sundial"]},{"damage_healed":0.0,"max_hp_gain":0.0,"max_hp_loss":0.0,"gold_gain":0.0,"event_name":"The Library","player_choice":"Read","floor":29.0,"gold_loss":0.0,"damage_taken":0.0,"cards_obtained":["Battle Trance"]},{"damage_healed":0.0,"max_hp_gain":0.0,"max_hp_loss":0.0,"gold_gain":333.0,"event_name":"The Moai Head","player_choice":"Gave Idol","floor":36.0,"relics_lost":["Golden Idol"],"gold_loss":0.0,"damage_taken":0.0},{"damage_healed":0.0,"max_hp_gain":0.0,"max_hp_loss":3.0,"gold_gain":0.0,"event_name":"Winding Halls","player_choice":"Max HP","floor":39.0,"gold_loss":0.0,"damage_taken":0.0},{"damage_healed":0.0,"max_hp_gain":0.0,"max_hp_loss":0.0,"gold_gain":0.0,"event_name":"Tomb of Lord Red Mask","player_choice":"Ignored","floor":44.0,"gold_loss":0.0,"damage_taken":0.0}],"is_beta":false,"boss_relics":[{"not_picked":["Calling Bell","Runic Dome"],"picked":"Astrolabe"},{"not_picked":["Snecko Eye","Fusion Hammer"],"picked":"Mark of Pain"}],"items_purged_floors":[8,22,38,42,46,54],"is_endless":false,"potions_floor_spawned":[1,2,10,11,18,20,27,30,33,35,37,48],"ascension_level":20}}