{"host":"z9grmtg2w0nmz8n1","time":1608687685,"event":{"mods":["Aspiration","Bard","BaseMod","Beaked The Cultist","Better Altar","Better Match","Better Note","Better Sensory Stone","Better Skull","Better Third Choice","BetterRewards","CCEM","Colored Map","Conspire","Downfall","GifTheSpireLib","Googly Eyes","Halation","Hermit","Highlight Path","Hubris","Hunter ??","Jedi Mod","Jorbs\u0027s Wanderer Trilogy","Mad Scientist","Marisa????????","Minty Spire (QoL Compilation)","Permanent Neow","Replay The Spire","Shade Mod","Shop Mod","Spicy Shops","StSLib","Stuff the Spire","The Bug Knight","The Construct","The Necromancer","The Runesmith","The Witch"],"gold_per_floor":[119,119,44,44,44,74,74,84,163,163,174,174,189,204,232,329,329,299,315,315,315,315,340,357,370,370,388,388,388],"floor_reached":28,"playtime":1523,"items_purged":["Runesmith:Strike_RS"],"score":240,"play_id":"aa2b5f58-db96-44c3-a32c-9c789b004017","local_time":"20201222234125","is_ascension_mode":false,"campfire_choices":[{"floor":7,"key":"RECALL"},{"data":"Runesmith:CraftMagma","floor":10,"key":"SMITH"},{"data":"Runesmith:Attraction","floor":12,"key":"SMITH"}],"circlet_count":0,"master_deck":["Runesmith:Strike_RS","Runesmith:Strike_RS","Runesmith:Strike_RS","Runesmith:Defend_RS","Runesmith:Defend_RS","Runesmith:Defend_RS","Runesmith:Defend_RS","Runesmith:CraftFirestone+1","Runesmith:Fortify+1","Runesmith:Attraction+1","Runesmith:CraftMagma+1","Runesmith:EarthShield","Runesmith:Firewall+1","Runesmith:Grindstone+1","Runesmith:PoweredAnvil","Runesmith:CraftIncendium","Runesmith:ChiselStab+1"],"relics":["Runesmith:BrokenRuby","Oddly Smooth Stone","halation:PinkSoulGem","Replay:Bottled Snecko","halation:Trompette","conspire:SlowCooker","Mirror","PreservedInsect","HornCleat"],"acts_visited":["Exordium","TheCity"],"potions_floor_usage":[16,19,23],"damage_taken":[{"damage":0,"enemies":"2 Louse","floor":1,"turns":3},{"damage":2,"enemies":"Lagavulin","floor":6,"turns":7},{"damage":1,"enemies":"Small Slimes","floor":8,"turns":2},{"damage":0,"enemies":"Jaw Worm","floor":11,"turns":3},{"damage":0,"enemies":"Looter","floor":13,"turns":3},{"damage":0,"enemies":"3 Louse","floor":14,"turns":3},{"damage":2,"enemies":"conspire:MimicChest","floor":15,"turns":7},{"damage":25,"enemies":"Fading Forest","floor":16,"turns":11},{"damage":24,"enemies":"2 Thieves","floor":18,"turns":5},{"damage":0,"enemies":"3 Byrds","floor":19,"turns":4},{"damage":30,"enemies":"Book of Stabbing","floor":23,"turns":8},{"damage":6,"enemies":"Shelled Parasite and Fungi","floor":24,"turns":8},{"damage":13,"enemies":"Snake Plant","floor":25,"turns":5},{"damage":0,"enemies":"Snecko","floor":27,"turns":7},{"damage":12,"enemies":"3 Cultists","floor":28,"turns":3}],"seed_played":"5077228638470827361","potions_obtained":[{"floor":6,"key":"Regen Potion"},{"floor":13,"key":"Cursed Concoction"},{"floor":18,"key":"Explosive Potion"}],"is_trial":false,"path_per_floor":["M","?","$","?","?","E","R","M","T","R","M","R","M","M","R_BF","B",null,"M","M","?","?","T","E","M","M","T","M","M"],"character_chosen":"RUNESMITH_CLASS","items_purchased":[],"campfire_rested":0,"item_purchase_floors":[],"current_hp_per_floor":[70,70,70,70,70,68,68,67,67,67,67,67,67,67,65,50,70,46,46,46,46,46,31,25,12,12,12,0,0],"gold":388,"neow_bonus":"RANDOM_COMMON_RELIC","is_daily":false,"chose_seed":false,"campfire_upgraded":2,"win_rate":0.0,"timestamp":1608687685,"path_taken":["M","?","$","?","?","E","R","?","T","R","M","R","M","M","R_BF","BOSS","M","?","?","?","?","E","M","M","T","M","?"],"items_purchased_type":[],"build_version":"2020-12-13","purchased_purges":1,"victory":false,"max_hp_per_floor":[70,70,70,70,70,70,70,70,70,70,70,70,70,70,70,70,70,70,70,70,70,70,70,70,70,70,70,70,70],"card_choices":[{"not_picked":["Runesmith:MakeshiftArmor","Runesmith:Terraform","Runesmith:ChargedHammer"],"picked":"SKIP","floor":1},{"not_picked":["Runesmith:Discharge","Runesmith:Refine"],"picked":"Runesmith:Attraction","floor":6},{"not_picked":["Runesmith:ShiftingStrike","Runesmith:Terraform"],"picked":"Runesmith:CraftMagma","floor":8},{"not_picked":["Runesmith:HammerThrow","Runesmith:BackupBattery","Runesmith:ShiftingStrike"],"picked":"SKIP","floor":11},{"not_picked":["Runesmith:MakeshiftArmor","Runesmith:ChiselStab"],"picked":"Runesmith:EarthShield","floor":13},{"not_picked":["Runesmith:Discharge","Runesmith:Refine","Runesmith:EnergizedChisel"],"picked":"SKIP","floor":14},{"not_picked":["Runesmith:BackupBattery","Runesmith:HeatedChisel"],"picked":"Runesmith:Firewall+1","floor":18},{"not_picked":["Runesmith:RuneHurl","Runesmith:Overpower"],"picked":"Runesmith:Grindstone+1","floor":19},{"not_picked":["Runesmith:CraftIncendium","Runesmith:HammerThrow"],"picked":"Runesmith:PoweredAnvil","floor":23},{"not_picked":["Runesmith:ChiselStab+1","Runesmith:Retool+1","Runesmith:EarthShield+1"],"picked":"SKIP","floor":24},{"not_picked":["Runesmith:CraftMagma","Runesmith:Repurpose"],"picked":"Runesmith:CraftIncendium","floor":25},{"not_picked":["Runesmith:Prism+1","Runesmith:RuneHurl"],"picked":"Runesmith:ChiselStab+1","floor":27}],"player_experience":627582,"relics_obtained":[{"floor":6,"key":"Replay:Bottled Snecko"},{"floor":15,"key":"halation:Trompette"},{"floor":22,"key":"Mirror"},{"floor":23,"key":"PreservedInsect"},{"floor":26,"key":"HornCleat"}],"event_choices":[{"damage_healed":0,"gold_gain":0,"player_choice":"Grow","damage_taken":0,"max_hp_gain":0,"max_hp_loss":0,"event_name":"Living Wall","floor":2,"gold_loss":0,"cards_upgraded":["Runesmith:CraftFirestone"]},{"cards_removed":["Runesmith:Strike_RS"],"damage_healed":0,"gold_gain":0,"player_choice":"Give","damage_taken":0,"max_hp_gain":0,"max_hp_loss":0,"event_name":"betterNote:BetterNote","floor":20,"gold_loss":0,"cards_obtained":["Strike_W"]}],"is_beta":false,"boss_relics":[{"not_picked":["hubris:CrackedHourglass","Runesmith:CoreCrystal"],"picked":"conspire:SlowCooker"}],"items_purged_floors":[3],"is_endless":false,"potions_floor_spawned":[6,13,18],"killed_by":"3 Cultists","ascension_level":0}}