{"host":"j06fkfseroga8i8e","time":1608755810,"event":{"mods":["BaseMod","Bestiary","Colored Map","Colored Powertips","Minty Spire (QoL Compilation)","Relic Stats","StSLib","everything is the same but u backflip on backflip"],"gold_per_floor":[113,128,49,49,49,83,83,114,114,129,129,129,129,163,163,264,264,278,278,278,278,295,330,330,362,414,425,425,444,444,444],"floor_reached":30,"playtime":774,"items_purged":[],"score":479,"play_id":"20a9780b-550a-416f-83f8-59133ded5d2d","local_time":"20201223153650","is_ascension_mode":true,"campfire_choices":[{"data":"Rip and Tear","floor":7.0,"key":"SMITH"},{"data":"Biased Cognition","floor":11.0,"key":"SMITH"},{"data":"Steam","floor":15.0,"key":"SMITH"},{"floor":24,"key":"REST"},{"floor":28,"key":"REST"}],"circlet_count":0,"master_deck":["AscendersBane","Strike_B","Strike_B","Strike_B","Strike_B","Defend_B+1","Defend_B","Defend_B+1","Defend_B+1","Zap+1","Dualcast+1","Coolheaded+1","Compile Driver","Rip and Tear+1","Ball Lightning","Biased Cognition+1","Cold Snap","Steam+1","Reboot","Steam+1","RitualDagger","FTL+1","Doom and Gloom+1","Streamline","Sweeping Beam"],"relics":["Cracked Core","NeowsBlessing","Bottled Lightning","Omamori","Anchor","Kunai","Pantograph","Velvet Choker","War Paint","Necronomicon","Blood Vial","Potion Belt","Juzu Bracelet"],"acts_visited":["Exordium","TheCity"],"potions_floor_usage":[23],"damage_taken":[{"damage":0.0,"enemies":"Small Slimes","floor":1.0,"turns":1.0},{"damage":0.0,"enemies":"2 Louse","floor":2.0,"turns":1.0},{"damage":0.0,"enemies":"Gremlin Nob","floor":6.0,"turns":1.0},{"damage":18.0,"enemies":"3 Sentries","floor":8.0,"turns":4.0},{"damage":0.0,"enemies":"Cultist","floor":10.0,"turns":3.0},{"damage":1.0,"enemies":"Gremlin Nob","floor":14.0,"turns":3.0},{"damage":19.0,"enemies":"The Guardian","floor":16.0,"turns":10.0},{"damage":0.0,"enemies":"3 Byrds","floor":18.0,"turns":3.0},{"damage":0.0,"enemies":"Spheric Guardian","floor":22.0,"turns":3.0},{"damage":26,"enemies":"Slavers","floor":23,"turns":5},{"damage":39,"enemies":"Gremlin Leader","floor":25,"turns":8},{"damage":2,"enemies":"Shelled Parasite and Fungi","floor":27,"turns":5},{"damage":14,"enemies":"Cultist and Chosen","floor":29,"turns":5}],"seed_played":"4276906962409542652","potions_obtained":[{"floor":6.0,"key":"AttackPotion"},{"floor":8.0,"key":"Ancient Potion"},{"floor":10.0,"key":"SkillPotion"},{"floor":18.0,"key":"PowerPotion"},{"floor":29,"key":"Regen Potion"}],"is_trial":false,"path_per_floor":["M","M","$","?","?","E","R","E","T","M","R","?","T","E","R","B",null,"M","?","?","?","M","E","R","E","T","M","R","M","$"],"character_chosen":"DEFECT","items_purchased":["Rip and Tear"],"campfire_rested":2,"item_purchase_floors":[3],"current_hp_per_floor":[68,68,68,68,68,68,68,50,50,50,50,35,35,34,34,40,66,66,66,50,44,44,18,40,3,3,3,25,13,13,13],"gold":444,"neow_bonus":"THREE_ENEMY_KILL","is_daily":false,"chose_seed":false,"campfire_upgraded":3,"win_rate":0.0,"timestamp":1608755810,"path_taken":["M","M","$","?","?","E","R","E","T","?","R","?","?","E","R","BOSS","M","?","?","?","M","E","R","E","T","M","R","M","$"],"items_purchased_type":["Card"],"build_version":"2020-12-22","purchased_purges":0,"victory":false,"max_hp_per_floor":[75,75,75,75,75,75,75,75,75,75,75,75,75,75,75,75,75,75,75,75,75,75,75,75,75,75,75,75,75,75,75],"relic_stats":{"Blood Vial":6,"counters":[13,52],"Pantograph":25,"Necronomicon":[4],"Juzu Bracelet":0,"Kunai":[16],"War Paint":["Coolheaded","Defend_B"],"obtain_stats":[{"Potion Belt":25,"NeowsBlessing":0,"Velvet Choker":17,"Omamori":8,"Juzu Bracelet":26,"War Paint":19,"Blood Vial":23,"Anchor":9,"Pantograph":14,"Necronomicon":20,"Bottled Lightning":6,"Kunai":13,"Cracked Core":0},{"Potion Belt":11,"NeowsBlessing":0,"Velvet Choker":7,"Omamori":4,"Juzu Bracelet":11,"War Paint":8,"Blood Vial":10,"Anchor":4,"Pantograph":6,"Necronomicon":8,"Bottled Lightning":3,"Kunai":5,"Cracked Core":0},{"Potion Belt":42,"NeowsBlessing":0,"Velvet Choker":23,"Omamori":7,"Juzu Bracelet":42,"War Paint":26,"Blood Vial":34,"Anchor":7,"Pantograph":13,"Necronomicon":26,"Bottled Lightning":3,"Kunai":10,"Cracked Core":0}]},"card_choices":[{"not_picked":["Redo","Barrage"],"picked":"Coolheaded","floor":1.0},{"not_picked":["Chaos","Conserve Battery"],"picked":"Compile Driver","floor":2.0},{"not_picked":["Redo","Beam Cell"],"picked":"Ball Lightning","floor":6.0},{"not_picked":["Ball Lightning","Capacitor"],"picked":"Biased Cognition","floor":8.0},{"not_picked":["Steam","Leap"],"picked":"Cold Snap","floor":10.0},{"not_picked":["Cold Snap","Multi-Cast"],"picked":"Steam","floor":14.0},{"not_picked":["All For One","Meteor Strike"],"picked":"Reboot","floor":16.0},{"not_picked":["Streamline+1","Ball Lightning"],"picked":"Steam+1","floor":18.0},{"not_picked":["Gash+1","Rebound"],"picked":"FTL+1","floor":22},{"not_picked":["Loop","Hologram"],"picked":"Doom and Gloom+1","floor":23},{"not_picked":["Glacier+1","Barrage+1"],"picked":"Streamline","floor":25},{"not_picked":["Conserve Battery","Stack"],"picked":"Sweeping Beam","floor":27},{"not_picked":["Stack","Sunder","Leap"],"picked":"SKIP","floor":29}],"player_experience":554394,"relics_obtained":[{"floor":6.0,"key":"Bottled Lightning"},{"floor":8.0,"key":"Omamori"},{"floor":9.0,"key":"Anchor"},{"floor":13.0,"key":"Kunai"},{"floor":14.0,"key":"Pantograph"},{"floor":20.0,"key":"Necronomicon"},{"floor":23,"key":"Blood Vial"},{"floor":25,"key":"Potion Belt"},{"floor":26,"key":"Juzu Bracelet"}],"event_choices":[{"damage_healed":0.0,"max_hp_gain":0.0,"max_hp_loss":0.0,"gold_gain":0.0,"event_name":"Living Wall","player_choice":"Grow","floor":4.0,"gold_loss":0.0,"damage_taken":0.0,"cards_upgraded":["Dualcast"]},{"damage_healed":0.0,"max_hp_gain":0.0,"max_hp_loss":0.0,"gold_gain":0.0,"event_name":"Accursed Blacksmith","player_choice":"Forge","floor":5.0,"gold_loss":0.0,"damage_taken":0.0,"cards_upgraded":["Zap"]},{"damage_healed":0.0,"max_hp_gain":0.0,"max_hp_loss":0.0,"gold_gain":0.0,"event_name":"Shining Light","player_choice":"Entered Light","floor":12.0,"gold_loss":0.0,"damage_taken":15.0,"cards_upgraded":["Defend_B","Defend_B"]},{"damage_healed":0.0,"max_hp_gain":0.0,"max_hp_loss":0.0,"gold_gain":0.0,"event_name":"The Mausoleum","player_choice":"Opened","floor":19.0,"gold_loss":0.0,"damage_taken":0.0,"relics_obtained":["War Paint"],"cards_obtained":["Writhe"]},{"damage_healed":0.0,"max_hp_gain":0.0,"max_hp_loss":0.0,"gold_gain":0.0,"event_name":"Cursed Tome","player_choice":"Obtained Book","floor":20.0,"gold_loss":0.0,"damage_taken":16.0},{"damage_healed":0.0,"max_hp_gain":0.0,"max_hp_loss":0.0,"gold_gain":0.0,"event_name":"Nest","player_choice":"Joined the Cult","floor":21.0,"gold_loss":0.0,"damage_taken":6.0,"cards_obtained":["RitualDagger"]}],"is_beta":false,"boss_relics":[{"not_picked":["SacredBark","Empty Cage"],"picked":"Velvet Choker"}],"items_purged_floors":[],"is_endless":false,"potions_floor_spawned":[6,8,10,18,29],"ascension_level":11}}