{"host":"kiauivt48syq9iz6","time":1608713576,"event":{"mods":["BaseMod","Conspire","Downfall","Hermit","Minty Spire (QoL Compilation)","Replay The Spire","SIMod","StSLib","The Animator","The Construct","The Cursed","The Runesmith","The Servant 0.9.4"],"gold_per_floor":[116,134,234,254,268,268,284,284,284,284,304,317,371,401,401,501,501,511,511,476,476,476],"floor_reached":21,"playtime":805,"items_purged":[],"score":173,"play_id":"dd89c462-73bc-4bf5-ad07-34a08093c688","local_time":"20201223015256","is_ascension_mode":false,"campfire_choices":[{"floor":6,"key":"REST"},{"data":"hermit:ShadowCloak","floor":8,"key":"SMITH"},{"data":"hermit:Magnum","floor":10,"key":"SMITH"},{"floor":15,"key":"REST"}],"circlet_count":0,"master_deck":["hermit:Strike_Hermit","hermit:Strike_Hermit","hermit:Strike_Hermit","hermit:Strike_Hermit","hermit:Defend_Hermit","hermit:Defend_Hermit","hermit:Defend_Hermit","hermit:Defend_Hermit","hermit:Snapshot","hermit:Covet","hermit:Gambit","hermit:Snipe","hermit:Deadeye","hermit:SprayPray","hermit:Magnum+1","hermit:ShadowCloak+1","hermit:DeadOrAlive","hermit:Feint","hermit:Dissolve","hermit:Snipe","hermit:Dive"],"relics":["hermit:Momento","Pantograph","conspire:RoyalGoblet"],"acts_visited":["Exordium","TheCity"],"potions_floor_usage":[5,7,11,16],"damage_taken":[{"damage":0,"enemies":"Jaw Worm","floor":1,"turns":3},{"damage":1,"enemies":"Cultist","floor":2,"turns":4},{"damage":7,"enemies":"2 Louse","floor":4,"turns":3},{"damage":6,"enemies":"Red Slaver","floor":5,"turns":3},{"damage":11,"enemies":"Lots of Slimes","floor":7,"turns":3},{"damage":11,"enemies":"2 Fungi Beasts","floor":11,"turns":4},{"damage":16,"enemies":"Large Slime","floor":12,"turns":5},{"damage":71,"enemies":"Fading Forest","floor":16,"turns":11},{"damage":39,"enemies":"Spheric Guardian","floor":18,"turns":6},{"damage":21,"enemies":"2 Thieves","floor":20,"turns":5},{"damage":34,"enemies":"Snecko","floor":21,"turns":5}],"seed_played":"-6714329647994459879","potions_obtained":[{"floor":4,"key":"Adrenaline Potion"},{"floor":5,"key":"Fire Potion"},{"floor":7,"key":"Swift Potion"},{"floor":12,"key":"Flashbang"},{"floor":18,"key":"Elixir"}],"is_trial":false,"path_per_floor":["M","M","?","M","M","R","M","R","T","R","M","M","?","?","R","B",null,"M","?","M","M"],"character_chosen":"HERMIT","items_purchased":[],"campfire_rested":2,"item_purchase_floors":[],"current_hp_per_floor":[75,74,74,67,61,75,64,64,64,64,53,37,37,37,59,4,75,36,36,15,0,0],"gold":476,"neow_bonus":"ONE_RANDOM_RARE_CARD","is_daily":false,"chose_seed":false,"campfire_upgraded":2,"win_rate":0.0,"timestamp":1608713576,"path_taken":["M","M","?","M","M","R","M","R","T","R","?","M","?","?","R","BOSS","M","?","M","M"],"items_purchased_type":[],"build_version":"2020-12-22","purchased_purges":0,"victory":false,"max_hp_per_floor":[75,75,75,75,75,75,75,75,75,75,75,75,75,75,75,75,75,75,75,75,75,75],"card_choices":[{"not_picked":["hermit:CalledShot","hermit:PistolWhip"],"picked":"hermit:Snipe","floor":1},{"not_picked":["hermit:Vantage","hermit:SprayPray"],"picked":"hermit:Deadeye","floor":2},{"not_picked":["hermit:LowProfile","hermit:Desperado"],"picked":"hermit:SprayPray","floor":4},{"not_picked":["hermit:Manifest","hermit:Feint"],"picked":"hermit:Magnum","floor":5},{"not_picked":["hermit:Snipe","hermit:Coalescence"],"picked":"hermit:ShadowCloak","floor":7},{"not_picked":["hermit:Headshot","hermit:LowProfile"],"picked":"hermit:DeadOrAlive","floor":11},{"not_picked":["hermit:LowProfile","hermit:GoldenBullet"],"picked":"hermit:Feint","floor":12},{"not_picked":["hermit:FinalCanter","hermit:Purgatory"],"picked":"hermit:Dissolve","floor":16},{"not_picked":["hermit:Feint","hermit:FullyLoaded"],"picked":"hermit:Snipe","floor":18},{"not_picked":["hermit:Snipe","hermit:Shortfuse"],"picked":"hermit:Dive","floor":20}],"player_experience":10254,"relics_obtained":[{"floor":9,"key":"Pantograph"}],"event_choices":[{"damage_healed":0,"gold_gain":100,"player_choice":"Gold","damage_taken":0,"max_hp_gain":0,"max_hp_loss":0,"event_name":"Wheel of Change","floor":3,"gold_loss":0},{"damage_healed":0,"gold_gain":54,"player_choice":"Gained Gold","damage_taken":0,"max_hp_gain":0,"max_hp_loss":0,"event_name":"Golden Wing","floor":13,"gold_loss":0},{"damage_healed":0,"gold_gain":30,"player_choice":"Searched \u00271\u0027 times","damage_taken":0,"max_hp_gain":0,"max_hp_loss":0,"event_name":"Dead Adventurer","floor":14,"gold_loss":0}],"is_beta":false,"boss_relics":[{"not_picked":["conspire:SeveredTorchhead","hermit:DentedPlate"],"picked":"conspire:RoyalGoblet"}],"items_purged_floors":[],"is_endless":false,"potions_floor_spawned":[4,5,7,12,18],"killed_by":"Snecko","ascension_level":0}}