{"host":"porgtwlvhh3hs75v","time":1608720142,"event":{"mods":["ATMod(°¢èªMod)","Act Like it!","BaseMod","GifTheSpireLib","Minty Spire (QoL Compilation)","Replay The Spire","StSLib","The Cursed","The Servant 0.9.4"],"gold_per_floor":[116,41,41,115,130,160,225,225,225,0,57,57,132,159,159,159,159],"floor_reached":16,"playtime":654,"items_purged":["Strike_R","CommonCold"],"score":212,"play_id":"df6a0203-bf18-4fa9-b507-4a8fa3b7aff5","local_time":"20201223184222","is_ascension_mode":true,"campfire_choices":[{"data":"Armaments","floor":12.0,"key":"SMITH"},{"floor":15.0,"key":"DIG"}],"circlet_count":0,"master_deck":["AscendersBane","Strike_R","Strike_R","Strike_R","Defend_R+1","Defend_R","Defend_R","Defend_R","Bash+1","AT_FamilyPortrait","AT_IchimonjiDouble","Armaments+1","AT_DrawKnifeCut","Reaper","Reaper","Feel No Pain","Pot Of Greed","Pot Of Greed"],"relics":["Burning Blood","AT_ATBox","Garlic","AT_MibuBalloonWealth","ReplayTheSpireMod:Ring of Exchange","Ring of Hypnosis","AT_ForceNature","WingedGreaves","Grinning Jar","ReplayTheSpireMod:TigerMarble"],"acts_visited":["Exordium"],"potions_floor_usage":[16],"damage_taken":[{"damage":0.0,"enemies":"Cultist","floor":1.0,"turns":3.0},{"damage":4.0,"enemies":"Jaw Worm","floor":5.0,"turns":3.0},{"damage":11.0,"enemies":"3 Sentries","floor":6.0,"turns":9.0},{"damage":0.0,"enemies":"2 Louse","floor":7.0,"turns":2.0},{"damage":15.0,"enemies":"Lagavulin","floor":11.0,"turns":7.0},{"damage":57,"enemies":"Hexaghost","floor":16,"turns":11}],"seed_played":"5530736012403219544","potions_obtained":[{"floor":7.0,"key":"Fire Potion"},{"floor":11.0,"key":"Fruit Juice"}],"is_trial":false,"path_per_floor":["M","$","?","T","M","E","M","?","T","$","E","R","?","T","R","B"],"character_chosen":"IRONCLAD","items_purchased":["Reaper"],"campfire_rested":0,"item_purchase_floors":[10],"current_hp_per_floor":[74,74,51,51,53,48,54,54,54,54,53,53,42,42,42,1,1],"gold":159,"neow_bonus":"RANDOM_EVENT","is_daily":false,"chose_seed":false,"campfire_upgraded":1,"win_rate":0.0,"timestamp":1608720142,"path_taken":["M","$","?","?","?","E","M","?","T","$","E","R","?","?","R","BOSS"],"items_purchased_type":["Card"],"build_version":"2020-12-22","purchased_purges":2,"victory":false,"max_hp_per_floor":[75,75,75,75,75,75,75,75,75,75,75,75,75,75,75,80,80],"card_choices":[{"not_picked":["Pommel Strike","Bloodletting"],"picked":"AT_IchimonjiDouble","floor":1.0},{"not_picked":["Whirlwind","True Grit"],"picked":"Armaments","floor":5.0},{"not_picked":["Iron Wave","Rampage"],"picked":"AT_DrawKnifeCut","floor":6.0},{"not_picked":["Clothesline","ReplayTheSpireMod:Strike From Hell","Pommel Strike"],"picked":"SKIP","floor":7.0},{"not_picked":["Rupture","Abandon"],"picked":"Feel No Pain","floor":11.0}],"player_experience":523912,"relics_obtained":[{"floor":4.0,"key":"Garlic"},{"floor":6.0,"key":"AT_MibuBalloonWealth"},{"floor":8.0,"key":"ReplayTheSpireMod:Ring of Exchange"},{"floor":8.0,"key":"Ring of Hypnosis"},{"floor":9.0,"key":"AT_ForceNature"},{"floor":11.0,"key":"WingedGreaves"},{"floor":14.0,"key":"Grinning Jar"},{"floor":15.0,"key":"ReplayTheSpireMod:TigerMarble"}],"event_choices":[{"damage_healed":0.0,"max_hp_gain":0.0,"max_hp_loss":0.0,"gold_gain":0.0,"event_name":"Shining Light","player_choice":"Entered Light","floor":3.0,"gold_loss":0.0,"damage_taken":23.0,"cards_upgraded":["Defend_R","Bash"]},{"damage_healed":0.0,"max_hp_gain":0.0,"max_hp_loss":0.0,"gold_gain":75.0,"event_name":"World of Goop","player_choice":"Gather Gold","floor":13.0,"gold_loss":0.0,"damage_taken":11.0}],"is_beta":false,"boss_relics":[],"items_purged_floors":[2,10],"is_endless":false,"potions_floor_spawned":[7,11],"killed_by":"Hexaghost","ascension_level":20}}