{"host":"sdl5b0uiznq00owb","time":1608696668,"event":{"mods":["BaseMod","Minty Spire (QoL Compilation)","Permanent Neow","Relic Stats"],"gold_per_floor":[116,131,142,154,164,195,195,227,227,243,243,275,289,301,301,398,398,411,427,280,280,280,280,314,142,142,142,159,189,189,200,200,303,303,322,123,123,123,123,143,172,172,243,243,253,103,103,129,129,129],"floor_reached":51,"playtime":3928,"items_purged":["Strike_P","Strike_P","Strike_P","Defend_P"],"score":966,"play_id":"1865c746-2960-42cd-8842-489139db5810","local_time":"20201222221108","is_ascension_mode":true,"campfire_choices":[{"data":"FlurryOfBlows","floor":7.0,"key":"SMITH"},{"data":"MentalFortress","floor":11.0,"key":"SMITH"},{"data":"Eruption","floor":15.0,"key":"SMITH"},{"data":"Consecrate","floor":23,"key":"SMITH"},{"data":"BowlingBash","floor":27,"key":"SMITH"},{"data":"Adaptation","floor":32,"key":"SMITH"},{"data":"MentalFortress","floor":42,"key":"SMITH"},{"data":"Alpha","floor":44,"key":"SMITH"},{"data":"EmptyMind","floor":49,"key":"SMITH"}],"circlet_count":0,"master_deck":["Defend_P","Defend_P","Defend_P","Eruption+1","Vigilance","ThirdEye","MentalFortress+1","Crescendo","InnerPeace","FlurryOfBlows+1","BowlingBash+1","Consecrate+1","Protect","SashWhip+1","Scrawl","EmptyMind+1","Adaptation+1","WheelKick+1","FlurryOfBlows+1","Alpha+1","ForeignInfluence+1","MentalFortress+1","FearNoEvil+1","EmptyMind","MentalFortress+1"],"relics":["PureWater","Thread and Needle","Mercury Hourglass","Toy Ornithopter","Molten Egg 2","TungstenRod","SlaversCollar","MutagenicStrength","Singing Bowl","Meat on the Bone","Pear","Anchor","VioletLotus","Sundial","Ornamental Fan","Damaru"],"acts_visited":["Exordium","TheCity","TheBeyond"],"potions_floor_usage":[16,24,50,50,50],"damage_taken":[{"damage":0.0,"enemies":"Jaw Worm","floor":1.0,"turns":4.0},{"damage":0.0,"enemies":"Cultist","floor":2.0,"turns":3.0},{"damage":0.0,"enemies":"2 Louse","floor":3.0,"turns":2.0},{"damage":0.0,"enemies":"Blue Slaver","floor":4.0,"turns":4.0},{"damage":0.0,"enemies":"2 Fungi Beasts","floor":5.0,"turns":3.0},{"damage":19.0,"enemies":"3 Sentries","floor":6.0,"turns":8.0},{"damage":0.0,"enemies":"Lagavulin","floor":8.0,"turns":5.0},{"damage":0.0,"enemies":"Exordium Thugs","floor":10.0,"turns":3.0},{"damage":0.0,"enemies":"Gremlin Nob","floor":12.0,"turns":2.0},{"damage":0.0,"enemies":"Blue Slaver","floor":13.0,"turns":3.0},{"damage":0.0,"enemies":"2 Fungi Beasts","floor":14.0,"turns":1.0},{"damage":24,"enemies":"Hexaghost","floor":16,"turns":12},{"damage":0,"enemies":"3 Byrds","floor":18,"turns":3},{"damage":8,"enemies":"2 Thieves","floor":19,"turns":3},{"damage":0,"enemies":"Gremlin Leader","floor":24,"turns":4},{"damage":0,"enemies":"Snecko","floor":28,"turns":3},{"damage":0,"enemies":"Book of Stabbing","floor":29,"turns":4},{"damage":3,"enemies":"Chosen and Byrds","floor":31,"turns":5},{"damage":15,"enemies":"Automaton","floor":33,"turns":8},{"damage":0,"enemies":"Orb Walker","floor":35,"turns":3},{"damage":0,"enemies":"3 Shapes","floor":40,"turns":2},{"damage":15,"enemies":"Giant Head","floor":41,"turns":6},{"damage":5,"enemies":"3 Darklings","floor":45,"turns":3},{"damage":0,"enemies":"Reptomancer","floor":48,"turns":4},{"damage":12,"enemies":"Donu and Deca","floor":50,"turns":6}],"seed_played":"-5283927132148178489","potions_obtained":[{"floor":1.0,"key":"FearPotion"},{"floor":3.0,"key":"Fruit Juice"},{"floor":5.0,"key":"PowerPotion"},{"floor":6.0,"key":"SneckoOil"},{"floor":10.0,"key":"AttackPotion"},{"floor":13.0,"key":"Strength Potion"},{"floor":16,"key":"Ancient Potion"},{"floor":19,"key":"DistilledChaos"},{"floor":31,"key":"Weak Potion"},{"floor":40,"key":"Swift Potion"},{"floor":45,"key":"SteroidPotion"},{"floor":48,"key":"Strength Potion"}],"is_trial":false,"path_per_floor":["M","M","M","M","M","E","R","E","T","M","R","E","M","M","R","B",null,"M","M","$","?","?","R","E","$","T","R","M","E","T","M","R","B",null,"M","$","?","$","?","M","E","R","T","R","M","$","?","E","R","B",null],"character_chosen":"WATCHER","items_purchased":["Adaptation","WheelKick+1","MentalFortress"],"campfire_rested":0,"item_purchase_floors":[20,25,36],"current_hp_per_floor":[65,65,65,65,65,46,46,46,46,56,56,66,66,66,66,46,70,70,62,62,62,62,62,69,69,69,69,71,83,83,80,80,65,86,86,86,86,86,86,86,71,71,71,71,66,66,66,68,68,71],"gold":129,"neow_bonus":"ONE_RARE_RELIC","is_daily":false,"chose_seed":false,"campfire_upgraded":9,"win_rate":0.0,"timestamp":1608696668,"path_taken":["M","M","M","M","M","E","R","E","T","M","R","E","M","M","R","BOSS","M","M","$","?","?","R","E","$","T","R","?","E","?","M","R","BOSS","M","$","?","$","?","M","E","R","T","R","?","?","?","E","R","BOSS"],"items_purchased_type":["Card","Card","Card"],"build_version":"2020-12-13","purchased_purges":4,"victory":true,"max_hp_per_floor":[65,65,65,65,65,65,65,65,65,70,70,70,70,70,70,70,70,70,70,70,70,70,70,72,72,72,72,74,86,86,86,86,86,86,86,86,86,86,86,86,86,86,86,86,86,86,82,84,84,84],"relic_stats":{"Singing Bowl":8,"counters":[25,104],"Sundial":[2],"Ornamental Fan":[44],"VioletLotus":[11],"obtain_stats":[{"Pear":29,"Singing Bowl":24,"Damaru":48,"Thread and Needle":0,"Mercury Hourglass":6,"SlaversCollar":17,"Anchor":30,"Sundial":41,"Ornamental Fan":43,"MutagenicStrength":21,"Molten Egg 2":9,"VioletLotus":34,"PureWater":0,"Toy Ornithopter":8,"TungstenRod":12,"Meat on the Bone":26},{"Pear":17,"Singing Bowl":15,"Damaru":24,"Thread and Needle":0,"Mercury Hourglass":6,"SlaversCollar":12,"Anchor":17,"Sundial":22,"Ornamental Fan":22,"MutagenicStrength":14,"Molten Egg 2":7,"VioletLotus":19,"PureWater":0,"Toy Ornithopter":7,"TungstenRod":9,"Meat on the Bone":15},{"Pear":67,"Singing Bowl":60,"Damaru":98,"Thread and Needle":0,"Mercury Hourglass":24,"SlaversCollar":50,"Anchor":67,"Sundial":91,"Ornamental Fan":91,"MutagenicStrength":56,"Molten Egg 2":29,"VioletLotus":80,"PureWater":0,"Toy Ornithopter":29,"TungstenRod":34,"Meat on the Bone":60}],"Toy Ornithopter":39,"TungstenRod":22,"Mercury Hourglass":[327],"Meat on the Bone":0},"card_choices":[{"not_picked":["WindmillStrike","ClearTheMind"],"picked":"ThirdEye","floor":1.0},{"not_picked":["JustLucky","ClearTheMind"],"picked":"MentalFortress","floor":2.0},{"not_picked":["Halt","Sanctity"],"picked":"Crescendo","floor":3.0},{"not_picked":["BowlingBash","Blasphemy"],"picked":"InnerPeace","floor":4.0},{"not_picked":["Tantrum","BowlingBash"],"picked":"FlurryOfBlows","floor":5.0},{"not_picked":["Swivel","Prostrate"],"picked":"BowlingBash","floor":6.0},{"not_picked":["BowlingBash","MentalFortress"],"picked":"Consecrate","floor":8.0},{"not_picked":["FollowUp+1","Crescendo"],"picked":"Protect","floor":10.0},{"not_picked":["ThirdEye","SpiritShield"],"picked":"EmptyBody","floor":12.0},{"not_picked":["Halt","Consecrate+1"],"picked":"SashWhip+1","floor":13.0},{"not_picked":["Consecrate+1","Crescendo","ClearTheMind"],"picked":"SKIP","floor":14.0},{"not_picked":["Judgement","ConjureBlade"],"picked":"Scrawl","floor":16},{"not_picked":["FollowUp+1","EmptyFist+1"],"picked":"EmptyMind","floor":18},{"not_picked":["Swivel+1","PathToVictory","BattleHymn"],"picked":"SKIP","floor":19},{"not_picked":["FollowUp+1","JustLucky+1","EmptyFist+1"],"picked":"Singing Bowl","floor":24},{"not_picked":["Sanctity","Protect+1","SashWhip+1"],"picked":"Singing Bowl","floor":28},{"not_picked":["Consecrate+1","FollowUp+1","Blasphemy"],"picked":"Singing Bowl","floor":29},{"not_picked":["ClearTheMind","BowlingBash+1"],"picked":"FlurryOfBlows+1","floor":31},{"not_picked":["Establishment","Blasphemy"],"picked":"Alpha","floor":33},{"not_picked":["Adaptation","EmptyBody+1"],"picked":"ForeignInfluence+1","floor":35},{"not_picked":["ReachHeaven+1","BattleHymn"],"picked":"FearNoEvil+1","floor":40},{"not_picked":["Fasting2+1","Establishment"],"picked":"EmptyMind","floor":41},{"not_picked":["Meditate","Prostrate+1"],"picked":"MentalFortress+1","floor":45},{"not_picked":["JustLucky+1","Protect","Prostrate+1"],"picked":"Singing Bowl","floor":48}],"player_experience":659514,"relics_obtained":[{"floor":6.0,"key":"Mercury Hourglass"},{"floor":8.0,"key":"Toy Ornithopter"},{"floor":9.0,"key":"Molten Egg 2"},{"floor":12.0,"key":"TungstenRod"},{"floor":24,"key":"Singing Bowl"},{"floor":26,"key":"Meat on the Bone"},{"floor":29,"key":"Pear"},{"floor":30,"key":"Anchor"},{"floor":41,"key":"Sundial"},{"floor":43,"key":"Ornamental Fan"},{"floor":48,"key":"Damaru"}],"event_choices":[{"damage_healed":0,"gold_gain":0,"player_choice":"Inject Mutagens","damage_taken":0,"relics_obtained":["MutagenicStrength"],"max_hp_gain":0,"max_hp_loss":0,"event_name":"Drug Dealer","floor":21,"gold_loss":0},{"cards_removed":["Strike_P"],"damage_healed":0,"gold_gain":0,"player_choice":"Purged","damage_taken":0,"max_hp_gain":0,"max_hp_loss":0,"event_name":"Purifier","floor":22,"gold_loss":0},{"cards_removed":["EmptyBody"],"damage_healed":0,"gold_gain":0,"player_choice":"Removed Skill","damage_taken":0,"max_hp_gain":0,"max_hp_loss":0,"event_name":"Falling","floor":37,"gold_loss":0},{"damage_healed":0,"gold_gain":0,"player_choice":"Bought 0 Potions","damage_taken":0,"max_hp_gain":0,"max_hp_loss":0,"event_name":"The Woman in Blue","floor":39,"gold_loss":0},{"damage_healed":0,"gold_gain":0,"player_choice":"Max HP","damage_taken":0,"max_hp_gain":0,"max_hp_loss":4,"event_name":"Winding Halls","floor":47,"gold_loss":0}],"is_beta":false,"boss_relics":[{"not_picked":["SacredBark","Empty Cage"],"picked":"SlaversCollar"},{"not_picked":["Busted Crown","Cursed Key"],"picked":"VioletLotus"}],"items_purged_floors":[20,25,36,46],"is_endless":false,"potions_floor_spawned":[1,3,5,6,10,13,16,19,31,33,40,45,48],"ascension_level":3}}