{"host":"qw1m3zcvi888b4j7","time":1608696430,"event":{"mods":["AchievementEnabler","Act Like it!","BaseMod","Block Reminder","Colored Map","Colored Powertips","Curses Come First","DeckTracker","Hermit","Highlight Path","Hubris","Minty Spire (QoL Compilation)","Quick Restart","Rare Cards Sparkle","Relic Sorter","Relic Stats","Replay The Spire","StSLib","SuperFastMode","The Blue Laboratory","The Cursed","The Servant 0.9.4","everything is the same but u backflip on backflip"],"gold_per_floor":[118,118,135,35,48,48,48],"floor_reached":6,"playtime":226,"items_purged":[],"score":38,"play_id":"a576e0e8-dc91-4318-8958-d75a5d780e71","local_time":"20201223050710","is_ascension_mode":true,"campfire_choices":[],"circlet_count":0,"master_deck":["Strike_R","Strike_R","Strike_R","Strike_R","Strike_R","Defend_R","Defend_R","Defend_R","Defend_R","Bash","Sadistic Nature","Armaments","Regret","Fire Breathing","Brutality+1","Brutality+1","Cleave"],"relics":["Burning Blood","Golden Egg"],"acts_visited":["Exordium"],"potions_floor_usage":[],"damage_taken":[{"damage":19,"enemies":"Small Slimes","floor":1,"turns":4},{"damage":18,"enemies":"Jaw Worm","floor":3,"turns":4},{"damage":22,"enemies":"2 Louse","floor":5,"turns":3},{"damage":31,"enemies":"Lagavulin","floor":6,"turns":4}],"seed_played":"1400976259864715577","potions_obtained":[],"is_trial":false,"path_per_floor":["M","?","M","$","M","E"],"character_chosen":"IRONCLAD","items_purchased":["Brutality"],"campfire_rested":0,"item_purchase_floors":[4],"current_hp_per_floor":[59,59,47,47,31,0,0],"gold":48,"neow_bonus":"RANDOM_COLORLESS_2","is_daily":false,"chose_seed":false,"campfire_upgraded":0,"win_rate":0.0,"timestamp":1608696430,"path_taken":["M","?","M","$","M","E"],"items_purchased_type":["Card"],"build_version":"2020-12-13","purchased_purges":0,"victory":false,"max_hp_per_floor":[72,72,72,72,72,72,72],"relic_stats":{"counters":[4,14],"obtain_stats":[{"Golden Egg":2,"Burning Blood":0},{"Golden Egg":1,"Burning Blood":0},{"Golden Egg":4,"Burning Blood":0}],"Burning Blood":18},"card_choices":[{"not_picked":["Panache","Metamorphosis"],"picked":"Sadistic Nature","floor":0},{"not_picked":["Sword Boomerang","Warcry"],"picked":"Armaments","floor":1},{"not_picked":["Ghostly Armor","ReplayReversal"],"picked":"Fire Breathing","floor":3},{"not_picked":["Run Through","Pommel Strike"],"picked":"Cleave","floor":5}],"player_experience":124281,"relics_obtained":[],"event_choices":[{"damage_healed":0,"gold_gain":0,"player_choice":"Box","damage_taken":0,"relics_obtained":["Golden Egg"],"max_hp_gain":0,"max_hp_loss":0,"event_name":"Big Fish","floor":2,"gold_loss":0,"cards_obtained":["Regret"]}],"is_beta":false,"boss_relics":[],"items_purged_floors":[],"is_endless":false,"potions_floor_spawned":[],"killed_by":"Lagavulin","ascension_level":1}}