{"host":"uuxww4b5od0o4ivw","time":1608757615,"event":{"mods":["BaseMod","Downfall","Minty Spire (QoL Compilation)","StSLib","The Necromancer"],"gold_per_floor":[99,118,130,147,166,166,166,183,197,197,197,213,213,120,131,236,236,236,248,266,282,9,9,9,27,38,38,23,23,23],"floor_reached":28,"playtime":1309,"items_purged":[],"score":216,"play_id":"177c7919-8fbb-40cb-b1a4-4b1dfa302c3f","local_time":"20201223110655","is_ascension_mode":false,"campfire_choices":[{"data":"hexamod:Sear","floor":1,"key":"SMITH"},{"data":"hexamod:WildfireWeapon","floor":6,"key":"SMITH"},{"floor":10,"key":"REST"},{"floor":13,"key":"REST"},{"floor":18,"key":"RECALL"},{"floor":23,"key":"REST"},{"floor":27,"key":"REST"}],"circlet_count":0,"master_deck":["hexamod:Strike","hexamod:Strike","hexamod:Strike","hexamod:Strike","hexamod:Defend","hexamod:Defend","hexamod:Defend","hexamod:Defend","hexamod:Sear+1","hexamod:Float","hexamod:Rewind","hexamod:PhantomFireball","hexamod:ExtraCrispy","hexamod:WildfireWeapon+1","hexamod:Firestarter","hexamod:HeatShield","hexamod:SpectersWail","hexamod:Firestarter","hexamod:PhantomFireball","hexamod:HeatMetal","hexamod:GhostflameInferno","hexamod:HeatCrush","hexamod:RadiantFlame","hexamod:BurningTouch","hexamod:SpectersWail","hexamod:RetreatToShadows","hexamod:ShieldOfDarkness"],"relics":["hexamod:SpiritBrand","Bag of Marbles","Shuriken","Fusion Hammer","Frozen Egg 2","Question Card"],"acts_visited":["Exordium","TheCity"],"potions_floor_usage":[16],"damage_taken":[{"damage":2,"enemies":"2 Louse","floor":2,"turns":3},{"damage":5,"enemies":"Small Slimes","floor":3,"turns":3},{"damage":1,"enemies":"Jaw Worm","floor":4,"turns":3},{"damage":14,"enemies":"Lots of Slimes","floor":5,"turns":5},{"damage":13,"enemies":"Red Slaver","floor":8,"turns":3},{"damage":3,"enemies":"Exordium Wildlife","floor":9,"turns":4},{"damage":11,"enemies":"2 Fungi Beasts","floor":12,"turns":4},{"damage":4,"enemies":"downfall:FleeingMerchant","floor":14,"turns":4},{"damage":0,"enemies":"Blue Slaver","floor":15,"turns":3},{"damage":31,"enemies":"downfall:Watcher","floor":16,"turns":8},{"damage":30,"enemies":"3 Byrds","floor":19,"turns":4},{"damage":4,"enemies":"Chosen","floor":20,"turns":4},{"damage":12,"enemies":"Snecko","floor":21,"turns":5},{"damage":9,"enemies":"downfall:FleeingMerchant","floor":22,"turns":4},{"damage":24,"enemies":"Sentry and Sphere","floor":25,"turns":7},{"damage":12,"enemies":"3 Cultists","floor":26,"turns":6},{"damage":15,"enemies":"downfall:FleeingMerchant","floor":28,"turns":4}],"seed_played":"5534798801734845764","potions_obtained":[{"floor":2,"key":"SpeedPotion"},{"floor":5,"key":"Strength Potion"},{"floor":9,"key":"BlessingOfTheForge"},{"floor":19,"key":"SteroidPotion"},{"floor":25,"key":"LiquidBronze"}],"is_trial":false,"path_per_floor":["R","M","M","M","M","R","T","M","M","R","?","M","R","$","M","B",null,"R","M","M","M","$","R","T","M","M","R","$"],"character_chosen":"THE_SPIRIT","items_purchased":["hexamod:PhantomFireball","Frozen Egg 2"],"campfire_rested":4,"item_purchase_floors":[14,22],"current_hp_per_floor":[77,75,70,69,55,55,55,42,39,62,50,39,62,58,58,27,77,77,47,43,31,22,45,45,21,9,32,17,17,17],"gold":23,"neow_bonus":"TEN_PERCENT_HP_BONUS","is_daily":false,"chose_seed":false,"campfire_upgraded":2,"win_rate":0.0,"timestamp":1608757615,"path_taken":["R","M","M","M","M","R","T","M","M","R","?","M","R","$","M","BOSS","R","M","M","M","$","R","T","M","M","R","$"],"items_purchased_type":["Card","Relic"],"build_version":"2020-12-22","purchased_purges":0,"victory":false,"max_hp_per_floor":[77,77,77,77,77,77,77,77,77,77,77,77,77,77,77,77,77,77,77,77,77,77,77,77,77,77,77,77,77,77],"card_choices":[{"not_picked":["hexamod:ShieldOfDarkness","hexamod:SpectersWail"],"picked":"hexamod:Rewind","floor":2},{"not_picked":["hexamod:GhostLash","hexamod:SpectersWail"],"picked":"hexamod:PhantomFireball","floor":3},{"not_picked":["hexamod:SwordOfDarkness","hexamod:Incineration"],"picked":"hexamod:ExtraCrispy","floor":4},{"not_picked":["hexamod:Firestarter","hexamod:ChargedBarrage"],"picked":"hexamod:WildfireWeapon","floor":5},{"not_picked":["hexamod:NightmareStrike","hexamod:SpectersWail"],"picked":"hexamod:Firestarter","floor":8},{"not_picked":["hexamod:ThirdSeal","hexamod:RainOfEmbers"],"picked":"hexamod:HeatShield","floor":9},{"not_picked":["hexamod:CrushingStance","hexamod:FirstSeal"],"picked":"hexamod:SpectersWail","floor":12},{"not_picked":["hexamod:SecondSeal","hexamod:BacktrackSmack"],"picked":"hexamod:Firestarter","floor":14},{"not_picked":["hexamod:InspiringFlames","hexamod:AdvancingGuard"],"picked":"hexamod:HeatMetal","floor":15},{"not_picked":["hexamod:HexaLevel","hexamod:TimeOfNeed"],"picked":"hexamod:GhostflameInferno","floor":16},{"not_picked":["hexamod:SkipABeat+1","hexamod:NightmareGuise+1"],"picked":"hexamod:HeatCrush","floor":19},{"not_picked":["hexamod:GhostOfSpirePresent","hexamod:RainOfEmbers+1","hexamod:FourthSeal"],"picked":"SKIP","floor":20},{"not_picked":["hexamod:Haunt","hexamod:FastForward+1"],"picked":"hexamod:RadiantFlame","floor":21},{"not_picked":["hexamod:HauntingEcho+1","hexamod:GhostOfSpireFuture"],"picked":"hexamod:BurningTouch","floor":22},{"not_picked":["hexamod:PhantomFireball","hexamod:SwordOfDarkness","hexamod:FirstSeal"],"picked":"hexamod:SpectersWail","floor":25},{"not_picked":["hexamod:AdvancingGuard","hexamod:GhostShield","hexamod:VolcanoVisage+1"],"picked":"hexamod:RetreatToShadows","floor":26},{"not_picked":["hexamod:RecurringNightmare","hexamod:ChargedBarrage","hexamod:GhostShield"],"picked":"hexamod:ShieldOfDarkness","floor":28}],"player_experience":64158,"relics_obtained":[{"floor":7,"key":"Bag of Marbles"},{"floor":24,"key":"Question Card"}],"event_choices":[{"damage_healed":0,"gold_gain":0,"player_choice":"Success","damage_taken":12,"relics_obtained":["Shuriken"],"max_hp_gain":0,"max_hp_loss":0,"event_name":"Scrap Ooze","floor":11,"gold_loss":0}],"is_beta":false,"boss_relics":[{"not_picked":["hexamod:IceCube","Cursed Key"],"picked":"Fusion Hammer"}],"items_purged_floors":[],"is_endless":false,"potions_floor_spawned":[2,5,9,15,19,25],"ascension_level":0}}