{"host":"7z347kdhnquy3q4q","time":1608721351,"event":{"mods":["Act Like it!","Aspiration","BaseMod","Downfall","Hubris","Minty Spire (QoL Compilation)","MostiFishMod","Permanent Neow","Potionbrewer","Replay The Spire","Robot Space Explorer","Spicy Shops","StSLib","Wandering Minibosses","vexMod"],"gold_per_floor":[99,47,62,62,47,47,47,47,65,65,97,11,11,11,31,132,132,132,144,158,258,161,161,161,188,288,288,305,272,290,290,309,411,511,511,524,524,524,294,312,359,359,359,379,379,379,406,406,469,469],"floor_reached":51,"playtime":2803,"items_purged":[],"score":1016,"play_id":"51df19ff-f5be-4245-a9e7-8d3da3759886","local_time":"20201223050231","is_ascension_mode":false,"campfire_choices":[{"data":"hexamod:Sear","floor":1,"key":"SMITH"},{"floor":8,"key":"REST"},{"data":"hexamod:GhostShield","floor":10,"key":"SMITH"},{"data":"hexamod:GhostflameInferno","floor":13,"key":"SMITH"},{"data":"hexamod:GhostOfSpirePresent","floor":18,"key":"SMITH"},{"data":"hexamod:ExtraCrispy","floor":35,"key":"SMITH"},{"data":"hexamod:PhantomCloak","floor":43,"key":"SMITH"},{"data":"hexamod:Firestarter","floor":45,"key":"SMITH"}],"circlet_count":0,"master_deck":["hexamod:Strike","hexamod:Strike","hexamod:Strike","hexamod:Strike","hexamod:Defend","hexamod:Defend","hexamod:Defend","hexamod:Defend","hexamod:Sear+1","hexamod:Float","hexamod:ThermalTransfer+1","hexamod:GhostShield+1","hexamod:Firestarter+1","hexamod:GhostOfSpirePresent+1","hexamod:GhostflameInferno+1","hexamod:PhantomCloak+1","hexamod:TimeWarp","hexamod:VolcanoVisage","hexamod:SoulSteal+1","hexamod:RainOfEmbers+1","hexamod:NightmareStrike+1","hexamod:EtherealExpedition+1","hexamod:EmpoweredFlame","hexamod:EmpoweredFlame","expansioncontent:AwakenDeath","hexamod:EtherealExpedition+1","hexamod:NightmareGuise+1","hexamod:NightmareGuise+1","RitualDagger","hexamod:ExtraCrispy+1","hexamod:SearingWound+1","hexamod:NightmareGuise+1","hexamod:SpectersWail+1","expansioncontent:Collect"],"relics":["hexamod:SpiritBrand","DaveBox","SentryEyes","downfall:ShatteredFragment","hubris:Towel","vexMod:InvisibilityCloak","ArrowTower","BionicSphere","hubris:ScarierMask","Toxic Egg 2","Unceasing Top","Gremlin Food","Lee\u0027s Waffle","The Courier","Replay:Ringing Soul","Replay:Wanted Poster","hubris:Icosahedron","Question Card","Guardian:PocketSentry","Juzu Bracelet","hexamod:MatchstickCase","wanderingMiniBosses:ThiefScarf","EGODaCapo","hexamod:TheBrokenSeal"],"acts_visited":["Exordium","TheCity","TheBeyond"],"potions_floor_usage":[16,25,28,29,50],"damage_taken":[{"damage":0,"enemies":"downfall:FleeingMerchant","floor":2,"turns":4},{"damage":0,"enemies":"2 Louse","floor":3,"turns":1},{"damage":0,"enemies":"downfall:FleeingMerchant","floor":5,"turns":4},{"damage":0,"enemies":"Small Slimes","floor":9,"turns":2},{"damage":0,"enemies":"Gremlin Nob","floor":11,"turns":3},{"damage":0,"enemies":"downfall:FleeingMerchant","floor":12,"turns":4},{"damage":0,"enemies":"Jaw Worm","floor":15,"turns":2},{"damage":0,"enemies":"downfall:Ironclad","floor":16,"turns":5},{"damage":0,"enemies":"3 Byrds","floor":19,"turns":2},{"damage":0,"enemies":"Centurion and Healer","floor":20,"turns":3},{"damage":0,"enemies":"downfall:Defect","floor":21,"turns":4},{"damage":0,"enemies":"downfall:FleeingMerchant","floor":22,"turns":2},{"damage":0,"enemies":"Gremlin Leader","floor":25,"turns":4},{"damage":0,"enemies":"Shelled Parasite and Fungi","floor":28,"turns":3},{"damage":0,"enemies":"Cultist and Chosen","floor":29,"turns":5},{"damage":0,"enemies":"Snake Plant","floor":30,"turns":3},{"damage":0,"enemies":"Shelled Parasite and Fungi","floor":32,"turns":3},{"damage":0,"enemies":"downfall:Watcher","floor":33,"turns":6},{"damage":0,"enemies":"3 Darklings","floor":36,"turns":3},{"damage":0,"enemies":"3 Shapes","floor":40,"turns":2},{"damage":0,"enemies":"Spire Growth","floor":44,"turns":3},{"damage":0,"enemies":"R_Hoarder","floor":47,"turns":6},{"damage":0,"enemies":"Transient","floor":49,"turns":5},{"damage":0,"enemies":"downfall:Defect","floor":50,"turns":8}],"seed_played":"7886621263717229937","potions_obtained":[{"floor":5,"key":"potionbrewer:EndurancePotion"},{"floor":11,"key":"Weak Potion"},{"floor":12,"key":"FairyPotion"},{"floor":16,"key":"Languid Potion"},{"floor":19,"key":"Ancient Potion"},{"floor":25,"key":"potionbrewer:AcidPotion"},{"floor":28,"key":"ColorlessPotion"},{"floor":29,"key":"LiquidMemories"},{"floor":44,"key":"hexamod:DoubleChargePotion"}],"is_trial":false,"path_per_floor":["R","$","M","?","$","?","T","R","M","R","E","$","R","?","M","B",null,"R","M","M","?","$","?","T","E","?","?","M","M","M","?","M","B",null,"R","M","$","?","$","M","T","?","R","M","R","?","E","?","M","B",null],"character_chosen":"THE_SPIRIT","items_purchased":["hexamod:ThermalTransfer+1","BionicSphere","Gremlin Food","hexamod:EmpoweredFlame","expansioncontent:AwakenDeath","Lee\u0027s Waffle","Question Card","Guardian:PocketSentry"],"campfire_rested":1,"item_purchase_floors":[2,12,22,22,22,22,39,39],"current_hp_per_floor":[63,63,63,42,42,42,42,60,60,60,60,60,60,53,53,60,63,63,63,63,63,70,57,57,67,67,67,70,70,70,67,77,80,90,90,93,93,93,93,93,93,96,96,99,99,102,102,102,105,115],"gold":469,"neow_bonus":"ONE_RARE_RELIC","is_daily":false,"chose_seed":false,"campfire_upgraded":7,"win_rate":0.0,"timestamp":1608721351,"path_taken":["R","$","M","?","$","?","T","R","M","R","E","?","R","?","M","BOSS","R","M","M","?","$","?","T","E","?","?","?","M","M","?","M","BOSS","R","M","$","?","$","M","T","?","R","M","R","?","E","?","M","BOSS"],"items_purchased_type":["Card","Relic","Relic","Card","Card","Relic","Relic","Relic"],"build_version":"2020-12-22","purchased_purges":0,"victory":true,"max_hp_per_floor":[63,63,63,63,63,63,63,63,63,63,63,63,63,63,63,63,63,63,63,63,63,70,75,75,78,78,78,81,81,81,84,87,90,90,90,93,93,93,93,93,93,96,96,99,99,102,102,102,105,115],"card_choices":[{"not_picked":["hexamod:NightmareStrike","hexamod:InspiringFlames"],"picked":"hexamod:FourthSeal","floor":2},{"not_picked":["hexamod:FastForward","hexamod:ThermalTransfer"],"picked":"hexamod:GhostShield","floor":3},{"not_picked":["hexamod:SkipABeat","hexamod:ThermalTransfer"],"picked":"hexamod:Firestarter","floor":5},{"not_picked":["hexamod:ThermalTransfer","hexamod:SwordOfDarkness"],"picked":"hexamod:ThirdSeal","floor":9},{"not_picked":["hexamod:PhantomFireball","hexamod:AdvancingGuard"],"picked":"hexamod:GhostOfSpirePresent","floor":11},{"not_picked":["hexamod:SwordOfDarkness","hexamod:ShieldOfDarkness","hexamod:Again"],"picked":"SKIP","floor":11},{"not_picked":["hexamod:RetreatToShadows","hexamod:InspiringFlames"],"picked":"hexamod:GhostflameInferno","floor":12},{"not_picked":["hexamod:Again","hexamod:HeatMetal","hexamod:ThermalTransfer"],"picked":"SKIP","floor":12},{"not_picked":["hexamod:GhostflameBarrier","hexamod:NightmareGuise"],"picked":"hexamod:PhantomCloak","floor":15},{"not_picked":["hexamod:GhostflameInferno","hexamod:TurnItUp"],"picked":"hexamod:TimeWarp","floor":16},{"not_picked":["hexamod:UnleashSpirits","hexamod:TurnItUp"],"picked":"hexamod:VolcanoVisage","floor":16},{"not_picked":["hexamod:BurningTouch+1","hexamod:ChargedBarrage"],"picked":"hexamod:SoulSteal+1","floor":19},{"not_picked":["hexamod:SkipABeat","hexamod:GhostLash"],"picked":"hexamod:RainOfEmbers+1","floor":20},{"not_picked":["hexamod:GhostOfSpirePresent+1","hexamod:TimeOfNeed"],"picked":"hexamod:NightmareStrike+1","floor":20},{"not_picked":["hexamod:PhantomCloak","hexamod:TurnItUp+1"],"picked":"hexamod:EtherealExpedition+1","floor":22},{"not_picked":["hexamod:HeatShield+1","hexamod:FastForward+1"],"picked":"hexamod:EtherealExpedition+1","floor":25},{"not_picked":["hexamod:ThermalTransfer","hexamod:HeatMetal","hexamod:ChargedBarrage+1"],"picked":"SKIP","floor":25},{"not_picked":["hexamod:BurningTouch+1","hexamod:GhostLash+1"],"picked":"hexamod:NightmareGuise+1","floor":28},{"not_picked":["hexamod:SoulSteal+1","hexamod:ThermalTransfer"],"picked":"hexamod:NightmareGuise+1","floor":28},{"not_picked":["hexamod:RetreatToShadows+1","hexamod:NecessarySacrifice+1","hexamod:RainOfEmbers"],"picked":"SKIP","floor":29},{"not_picked":["hexamod:AdvancingGuard+1","hexamod:BacktrackSmack","hexamod:SkipABeat+1"],"picked":"SKIP","floor":30},{"not_picked":["hexamod:GhostOfSpirePast+1","hexamod:Firestarter+1"],"picked":"hexamod:ExtraCrispy","floor":32},{"not_picked":["hexamod:WildfireWeapon","hexamod:ParanormalForm"],"picked":"hexamod:FifthSeal","floor":33},{"not_picked":["hexamod:TimeWarp","hexamod:FifthSeal"],"picked":"hexamod:SearingWound+1","floor":33},{"not_picked":["hexamod:ThirdSeal","hexamod:FirstSeal"],"picked":"hexamod:SecondSeal","floor":36},{"not_picked":["hexamod:ThermalTransfer","hexamod:FourthSeal"],"picked":"hexamod:NightmareGuise+1","floor":36},{"not_picked":["hexamod:HauntingEcho+1","hexamod:ThirdSeal","hexamod:ThermalTransfer","hexamod:BacktrackSmack+1"],"picked":"SKIP","floor":40},{"not_picked":["hexamod:SoulSteal+1","hexamod:DynamicBlow","hexamod:AdvancingGuard+1"],"picked":"hexamod:SpectersWail+1","floor":44},{"not_picked":["expansioncontent:SlimeTackle","expansioncontent:DefensiveStance","expansioncontent:TimeRipple"],"picked":"expansioncontent:Collect","floor":46},{"not_picked":["hexamod:TurnItUp+1","hexamod:NightmareStrike","hexamod:HeatShield+1","hexamod:EtherealExpedition+1"],"picked":"SKIP","floor":47},{"not_picked":["hexamod:FourthSeal","hexamod:ThirdSeal","hexamod:FirstSeal"],"picked":"hexamod:SixthSeal","floor":49},{"not_picked":["hexamod:SearingWound+1","hexamod:ShieldOfDarkness+1","hexamod:HeatShield+1","hexamod:RetreatToShadows+1"],"picked":"SKIP","floor":49}],"player_experience":1893340,"relics_obtained":[{"floor":7,"key":"vexMod:InvisibilityCloak"},{"floor":11,"key":"ArrowTower"},{"floor":21,"key":"Toxic Egg 2"},{"floor":21,"key":"Unceasing Top"},{"floor":24,"key":"The Courier"},{"floor":25,"key":"Replay:Ringing Soul"},{"floor":41,"key":"Juzu Bracelet"},{"floor":47,"key":"hexamod:MatchstickCase"},{"floor":49,"key":"wanderingMiniBosses:ThiefScarf"},{"floor":49,"key":"EGODaCapo"}],"event_choices":[{"damage_healed":0,"gold_gain":0,"player_choice":"Ignored","damage_taken":0,"max_hp_gain":0,"max_hp_loss":0,"event_name":"Vampires","floor":27,"gold_loss":0}],"is_beta":false,"boss_relics":[{"not_picked":["SacredBark","aspiration:WatcherSkillbook"],"picked":"hubris:ScarierMask"},{"not_picked":["Cursed Key","Runic Pyramid"],"picked":"Replay:Wanted Poster"}],"items_purged_floors":[],"is_endless":false,"potions_floor_spawned":[15,16,19,28,29,30,40],"ascension_level":0}}