{"host":"a1eatafr7pisesky","time":1608745103,"event":{"mods":["BaseMod","Colored Map","DeckTracker","Highlight Path","Keyboard Shortcuts","Minty Spire (QoL Compilation)","Permanent Neow","Random Character Button","StSLib","SuperFastMode"],"gold_per_floor":[367,385,22,97,112,112,131,160,160,160,160],"floor_reached":10,"playtime":224,"items_purged":["Strike_G"],"score":85,"play_id":"6d3261be-345d-4904-b1fd-4d3fcc5fed16","local_time":"20201224023823","is_ascension_mode":true,"campfire_choices":[{"floor":6.0,"key":"REST"}],"circlet_count":0,"master_deck":["Strike_G","Strike_G","Strike_G","Strike_G","Defend_G","Defend_G","Defend_G","Defend_G","Defend_G","Survivor","Neutralize","Cloak And Dagger","Adrenaline","Backflip","Finisher","Flechettes","PiercingWail","Burst"],"relics":["Ring of the Snake","Prayer Wheel","White Beast Statue","Pantograph"],"acts_visited":["Exordium"],"potions_floor_usage":[10],"damage_taken":[{"damage":13.0,"enemies":"Jaw Worm","floor":1.0,"turns":5.0},{"damage":0.0,"enemies":"Cultist","floor":2.0,"turns":3.0},{"damage":1.0,"enemies":"Small Slimes","floor":5.0,"turns":3.0},{"damage":0.0,"enemies":"Blue Slaver","floor":7.0,"turns":1.0},{"damage":43,"enemies":"Gremlin Nob","floor":8,"turns":5},{"damage":0,"enemies":"3 Sentries","floor":10,"turns":4}],"seed_played":"-8440744927289975467","potions_obtained":[{"floor":1.0,"key":"CunningPotion"},{"floor":5.0,"key":"CunningPotion"},{"floor":8,"key":"GhostInAJar"}],"is_trial":false,"path_per_floor":["M","M","$","?","M","R","M","E","T","E"],"character_chosen":"THE_SILENT","items_purchased":["Prayer Wheel"],"campfire_rested":1,"item_purchase_floors":[3],"current_hp_per_floor":[36,36,36,25,24,45,45,2,2,2,2],"gold":160,"neow_bonus":"TWO_FIFTY_GOLD","is_daily":false,"chose_seed":false,"campfire_upgraded":0,"win_rate":0.0,"timestamp":1608745103,"path_taken":["M","M","$","?","M","R","M","E","T","E"],"items_purchased_type":["Relic"],"build_version":"2020-12-22","purchased_purges":1,"victory":false,"max_hp_per_floor":[70,70,70,70,70,70,70,70,70,70,70],"card_choices":[{"not_picked":["Sucker Punch","Bane"],"picked":"Cloak And Dagger","floor":1.0},{"not_picked":["Leg Sweep","Caltrops"],"picked":"Adrenaline","floor":2.0},{"not_picked":["Choke","PiercingWail"],"picked":"Backflip","floor":5.0},{"not_picked":["Flying Knee","Sucker Punch"],"picked":"Finisher","floor":5.0},{"not_picked":["Sucker Punch","Blade Dance"],"picked":"Flechettes","floor":7.0},{"not_picked":["Deadly Poison","Blade Dance"],"picked":"PiercingWail","floor":7.0},{"not_picked":["Infinite Blades","Dagger Spray"],"picked":"Burst","floor":8}],"player_experience":242305,"relics_obtained":[{"floor":8,"key":"White Beast Statue"},{"floor":9,"key":"Pantograph"}],"event_choices":[{"damage_healed":0.0,"max_hp_gain":0.0,"max_hp_loss":0.0,"gold_gain":75.0,"event_name":"World of Goop","player_choice":"Gather Gold","floor":4.0,"gold_loss":0.0,"damage_taken":11.0}],"is_beta":false,"boss_relics":[],"items_purged_floors":[3],"is_endless":false,"potions_floor_spawned":[1,5,8],"killed_by":"3 Sentries","ascension_level":5}}