{"host":"ilxricga2547gmyy","time":1608761551,"event":{"mods":["AchievementEnabler","BaseMod","Minty Spire (QoL Compilation)","Quick Restart","StSLib"],"gold_per_floor":[118,132,146,166,181,213,213,244,244,271,282,282,282,301,301,399,399,415,434,434,452,471,496,496,530,530,540,566,578,590,631,643,759,771,796,808,820,446,465,465,490,503,526,539,63,91,105,125,125,125,125,125,24,49,49],"floor_reached":56,"playtime":2148,"items_purged":["Barricade","Strike_R"],"score":1820,"play_id":"3164c198-1516-4162-b8cd-6f9d007f41d2","local_time":"20201223231231","is_ascension_mode":true,"campfire_choices":[{"floor":7,"key":"REST"},{"floor":13,"key":"REST"},{"data":"Flame Barrier","floor":15,"key":"SMITH"},{"floor":24,"key":"RECALL"},{"data":"1","floor":32,"key":"LIFT"},{"floor":40,"key":"REST"},{"data":"2","floor":49,"key":"LIFT"},{"data":"3","floor":52,"key":"LIFT"}],"circlet_count":0,"master_deck":["Strike_R","Strike_R","Defend_R+1","Defend_R","Defend_R","Defend_R","Bash","Shockwave","Pommel Strike","Shockwave+1","Flame Barrier+1","Demon Form","Blood for Blood","Armaments+1","Uppercut","Whirlwind+1","Immolate","Whirlwind+1","Impervious","Armaments+1","Apotheosis","Barricade+1","Impervious","Carnage","Shrug It Off+1","Immolate","Juggernaut+1"],"relics":["Snecko Eye","Boot","Meat on the Bone","Mummified Hand","Kunai","Fusion Hammer","Frozen Egg 2","Darkstone Periapt","Pantograph","MawBank","Girya","Philosopher\u0027s Stone","War Paint","Paper Frog","Potion Belt","Bottled Tornado","Du-Vu Doll"],"acts_visited":["Exordium","TheCity","TheBeyond","TheEnding"],"potions_floor_usage":[4,10,19,31,31,33,45,46,46,50,55,55,55,55,55],"damage_taken":[{"damage":0,"enemies":"Cultist","floor":1,"turns":4},{"damage":0,"enemies":"Jaw Worm","floor":2,"turns":3},{"damage":14,"enemies":"Small Slimes","floor":3,"turns":5},{"damage":4,"enemies":"3 Louse","floor":4,"turns":2},{"damage":4,"enemies":"Red Slaver","floor":5,"turns":2},{"damage":31,"enemies":"Gremlin Nob","floor":6,"turns":4},{"damage":15,"enemies":"Lagavulin","floor":8,"turns":5},{"damage":30,"enemies":"3 Sentries","floor":10,"turns":7},{"damage":12,"enemies":"Large Slime","floor":11,"turns":6},{"damage":8,"enemies":"Looter","floor":14,"turns":3},{"damage":17,"enemies":"Slime Boss","floor":16,"turns":12},{"damage":0,"enemies":"Chosen","floor":18,"turns":3},{"damage":15,"enemies":"Spheric Guardian","floor":19,"turns":4},{"damage":0,"enemies":"Snecko","floor":21,"turns":3},{"damage":0,"enemies":"Cultist and Chosen","floor":22,"turns":4},{"damage":0,"enemies":"Book of Stabbing","floor":23,"turns":3},{"damage":13,"enemies":"Slavers","floor":25,"turns":4},{"damage":0,"enemies":"3 Cultists","floor":27,"turns":3},{"damage":4,"enemies":"Book of Stabbing","floor":28,"turns":4},{"damage":0,"enemies":"Gremlin Leader","floor":31,"turns":2},{"damage":0,"enemies":"Collector","floor":33,"turns":7},{"damage":7,"enemies":"Orb Walker","floor":35,"turns":3},{"damage":21,"enemies":"3 Darklings","floor":39,"turns":2},{"damage":2,"enemies":"Reptomancer","floor":41,"turns":3},{"damage":0,"enemies":"Jaw Worm Horde","floor":42,"turns":1},{"damage":0,"enemies":"Sphere and 2 Shapes","floor":44,"turns":4},{"damage":10,"enemies":"Giant Head","floor":46,"turns":6},{"damage":0,"enemies":"Maw","floor":47,"turns":6},{"damage":0,"enemies":"Spire Growth","floor":48,"turns":4},{"damage":15,"enemies":"Donu and Deca","floor":50,"turns":4},{"damage":16,"enemies":"Shield and Spear","floor":54,"turns":2},{"damage":23,"enemies":"The Heart","floor":55,"turns":8}],"seed_played":"-49689869342187821","potions_obtained":[{"floor":2,"key":"LiquidBronze"},{"floor":3,"key":"Explosive Potion"},{"floor":8,"key":"FairyPotion"},{"floor":10,"key":"GamblersBrew"},{"floor":14,"key":"ColorlessPotion"},{"floor":16,"key":"FearPotion"},{"floor":19,"key":"PowerPotion"},{"floor":27,"key":"SteroidPotion"},{"floor":35,"key":"PowerPotion"},{"floor":39,"key":"GamblersBrew"},{"floor":46,"key":"Swift Potion"},{"floor":47,"key":"LiquidBronze"},{"floor":54,"key":"LiquidMemories"}],"is_trial":false,"path_per_floor":["M","M","M","M","M","E","R","E","T","E","M","?","R","M","R","B",null,"M","M","?","M","M","E","R","E","T","M","E","?","?","E","R","B",null,"M","?","?","$","M","R","E","M","T","M","$","E","M","M","R","B",null,"R","$","E","B",null],"character_chosen":"IRONCLAD","items_purchased":["War Paint","Impervious","Carnage","Potion Belt","Fruit Juice","Block Potion","ElixirPotion","HeartOfIron"],"campfire_rested":3,"item_purchase_floors":[38,38,38,45,45,45,45,53],"current_hp_per_floor":[72,72,58,54,50,19,43,28,28,36,36,36,60,52,52,47,72,72,57,80,80,80,80,80,67,67,67,63,63,63,63,63,80,80,73,73,73,73,52,76,74,74,74,74,79,69,69,69,69,70,81,81,81,65,62],"gold":49,"neow_bonus":"BOSS_RELIC","is_daily":false,"chose_seed":false,"campfire_upgraded":1,"win_rate":0.0,"timestamp":1608761551,"path_taken":["M","M","M","M","?","E","R","E","T","E","M","?","R","M","R","BOSS","M","M","?","M","M","E","R","E","T","M","E","?","?","E","R","BOSS","M","?","?","$","M","R","E","M","T","M","$","E","M","?","R","BOSS","R","$","E","BOSS"],"items_purchased_type":["Relic","Card","Card","Relic","Potion","Potion","Potion","Potion"],"build_version":"2020-12-22","purchased_purges":2,"victory":true,"max_hp_per_floor":[80,80,80,80,80,80,80,80,80,80,80,80,80,80,80,80,80,80,80,80,80,80,80,80,80,80,80,80,80,80,80,80,80,80,80,80,80,80,80,80,80,80,80,80,85,85,85,85,85,85,85,85,85,85,85],"card_choices":[{"not_picked":["Headbutt","Havoc"],"picked":"Shockwave","floor":1},{"not_picked":["Iron Wave","Warcry","Pommel Strike"],"picked":"SKIP","floor":2},{"not_picked":["Headbutt","Thunderclap"],"picked":"Pommel Strike","floor":3},{"not_picked":["Searing Blow","Pommel Strike","Sword Boomerang"],"picked":"SKIP","floor":4},{"not_picked":["Body Slam","Sword Boomerang","Wild Strike"],"picked":"SKIP","floor":5},{"not_picked":["Anger","Pommel Strike","Corruption"],"picked":"SKIP","floor":6},{"not_picked":["Twin Strike","Disarm"],"picked":"Barricade","floor":8},{"not_picked":["Flex","Armaments"],"picked":"Shockwave","floor":10},{"not_picked":["Perfected Strike","Ghostly Armor","Iron Wave"],"picked":"SKIP","floor":11},{"not_picked":["Thunderclap","Heavy Blade"],"picked":"Flame Barrier","floor":14},{"not_picked":["Immolate","Offering"],"picked":"Demon Form","floor":16},{"not_picked":["Spot Weakness","Body Slam+1","Infernal Blade"],"picked":"SKIP","floor":18},{"not_picked":["Iron Wave","Clothesline"],"picked":"Blood for Blood","floor":19},{"not_picked":["Headbutt+1","Infernal Blade"],"picked":"Armaments+1","floor":21},{"not_picked":["Heavy Blade","Anger","Perfected Strike"],"picked":"SKIP","floor":22},{"not_picked":["Pommel Strike","Twin Strike"],"picked":"Uppercut","floor":23},{"not_picked":["Iron Wave+1","Sword Boomerang+1"],"picked":"Whirlwind+1","floor":25},{"not_picked":["Seeing Red+1","Twin Strike","Sword Boomerang"],"picked":"SKIP","floor":27},{"not_picked":["Spot Weakness","Combust+1"],"picked":"Immolate","floor":28},{"not_picked":["Entrench","Searing Blow+1"],"picked":"Whirlwind+1","floor":31},{"not_picked":["Brutality+1","Corruption+1"],"picked":"Impervious","floor":33},{"not_picked":["Flex","Clash+1"],"picked":"Armaments+1","floor":35},{"not_picked":["Good Instincts","PanicButton"],"picked":"Apotheosis","floor":36},{"not_picked":["Anger+1","Headbutt","Pommel Strike"],"picked":"SKIP","floor":39},{"not_picked":["Sword Boomerang","Dark Embrace+1","Havoc+1"],"picked":"SKIP","floor":41},{"not_picked":["Whirlwind","Hemokinesis","Searing Blow+1"],"picked":"SKIP","floor":42},{"not_picked":["Headbutt+1","Rupture+1","Searing Blow"],"picked":"SKIP","floor":44},{"not_picked":["Brutality+1","Wild Strike+1"],"picked":"Shrug It Off+1","floor":46},{"not_picked":["Reckless Charge+1","Thunderclap+1","Sword Boomerang+1"],"picked":"SKIP","floor":47},{"not_picked":["Anger","Searing Blow"],"picked":"Immolate","floor":48},{"not_picked":["Shrug It Off","Warcry"],"picked":"Juggernaut+1","floor":54}],"player_experience":242634,"relics_obtained":[{"floor":6,"key":"Boot"},{"floor":8,"key":"Meat on the Bone"},{"floor":9,"key":"Mummified Hand"},{"floor":10,"key":"Kunai"},{"floor":23,"key":"Frozen Egg 2"},{"floor":25,"key":"Darkstone Periapt"},{"floor":26,"key":"Pantograph"},{"floor":28,"key":"MawBank"},{"floor":31,"key":"Girya"},{"floor":41,"key":"Paper Frog"},{"floor":46,"key":"Bottled Tornado"},{"floor":54,"key":"Du-Vu Doll"}],"event_choices":[{"damage_healed":0,"gold_gain":0,"player_choice":"Ignored","damage_taken":0,"max_hp_gain":0,"max_hp_loss":0,"event_name":"Shining Light","floor":12,"gold_loss":0},{"damage_healed":26,"gold_gain":0,"player_choice":"Heal","damage_taken":0,"max_hp_gain":0,"max_hp_loss":0,"event_name":"The Library","floor":20,"gold_loss":0},{"cards_removed":["Strike_R"],"damage_healed":0,"gold_gain":0,"player_choice":"Elegance","damage_taken":0,"max_hp_gain":0,"max_hp_loss":0,"event_name":"Back to Basics","floor":29,"gold_loss":0},{"damage_healed":0,"gold_gain":0,"player_choice":"Ignored","damage_taken":0,"max_hp_gain":0,"max_hp_loss":0,"event_name":"Ghosts","floor":30,"gold_loss":0},{"damage_healed":0,"gold_gain":0,"player_choice":"Memory 1","damage_taken":0,"max_hp_gain":0,"max_hp_loss":0,"event_name":"SensoryStone","floor":36,"gold_loss":0},{"damage_healed":0,"gold_gain":0,"cards_transformed":["Strike_R"],"player_choice":"Transformed","damage_taken":0,"max_hp_gain":0,"max_hp_loss":0,"event_name":"Transmorgrifier","floor":37,"gold_loss":0,"cards_obtained":["Barricade"]}],"is_beta":false,"boss_relics":[{"not_picked":["Tiny House","Pandora\u0027s Box"],"picked":"Fusion Hammer"},{"not_picked":["Sozu","Runic Dome"],"picked":"Philosopher\u0027s Stone"}],"items_purged_floors":[38,45],"is_endless":false,"potions_floor_spawned":[2,3,8,10,14,16,19,21,25,27,28,35,39,46,47,54],"ascension_level":8}}