{"host":"873t0y8ybyo38pfq","time":1608747090,"event":{"mods":["BaseMod","Colored Map","Highlight Path","Minty Spire (QoL Compilation)","Rare Cards Sparkle","StSLib"],"gold_per_floor":[18,18,18,18,31,31,84,116,167,167,183,207,207,207],"floor_reached":13,"playtime":264,"items_purged":[],"score":170,"play_id":"6d028021-8a81-4c1e-b576-5ec06b0a239c","local_time":"20201223131130","is_ascension_mode":true,"campfire_choices":[{"data":"Neutralize","floor":6,"key":"SMITH"},{"floor":10,"key":"REST"}],"circlet_count":0,"master_deck":["AscendersBane","Strike_G","Strike_G","Strike_G","Strike_G","Defend_G","Defend_G","Defend_G","Defend_G","Defend_G","Survivor","Neutralize+1","Unload+1","Dagger Spray+1","Leg Sweep","Backflip","Cloak And Dagger","Envenom"],"relics":["Ring of the Snake","Golden Idol","CeramicFish","Nunchaku"],"acts_visited":["Exordium"],"potions_floor_usage":[7,13],"damage_taken":[{"damage":5,"enemies":"Small Slimes","floor":1,"turns":6},{"damage":7,"enemies":"Jaw Worm","floor":5,"turns":3},{"damage":19,"enemies":"3 Sentries","floor":7,"turns":7},{"damage":0,"enemies":"2 Louse","floor":8,"turns":2},{"damage":12,"enemies":"Exordium Thugs","floor":11,"turns":4},{"damage":0,"enemies":"Lots of Slimes","floor":12,"turns":1},{"damage":17,"enemies":"Lagavulin","floor":13,"turns":8}],"seed_played":"-3813523570629491368","potions_obtained":[{"floor":1,"key":"LiquidBronze"},{"floor":8,"key":"PowerPotion"}],"is_trial":false,"path_per_floor":["M","?","?","?","M","R","E","M","T","R","M","M","E"],"character_chosen":"THE_SILENT","items_purchased":[],"campfire_rested":1,"item_purchase_floors":[],"current_hp_per_floor":[54,54,36,36,29,29,10,10,10,28,16,16,0,0],"gold":207,"neow_bonus":"THREE_RARE_CARDS","is_daily":false,"chose_seed":false,"campfire_upgraded":1,"win_rate":0.0,"timestamp":1608747090,"path_taken":["M","?","?","?","?","R","E","M","T","R","?","M","E"],"items_purchased_type":[],"build_version":"2020-12-22","purchased_purges":0,"victory":false,"max_hp_per_floor":[66,60,60,60,60,60,60,60,60,60,60,60,60,60],"card_choices":[{"not_picked":["Storm of Steel","Envenom"],"picked":"Unload","floor":0},{"not_picked":["Flying Knee","Cloak And Dagger"],"picked":"Dagger Spray","floor":1},{"not_picked":["Backflip","Endless Agony"],"picked":"Leg Sweep","floor":5},{"not_picked":["Bane","Flying Knee"],"picked":"Backflip","floor":7},{"not_picked":["Dagger Spray","Dodge and Roll"],"picked":"Cloak And Dagger","floor":8},{"not_picked":["Underhanded Strike","Dodge and Roll","Flying Knee"],"picked":"SKIP","floor":11},{"not_picked":["Well Laid Plans","Flying Knee"],"picked":"Envenom","floor":12}],"player_experience":1336546,"relics_obtained":[{"floor":7,"key":"CeramicFish"},{"floor":9,"key":"Nunchaku"}],"event_choices":[{"damage_healed":0,"gold_gain":0,"player_choice":"Lose Max HP","damage_taken":0,"relics_obtained":["Golden Idol"],"max_hp_gain":0,"max_hp_loss":6,"event_name":"Golden Idol","floor":2,"gold_loss":0},{"damage_healed":0,"gold_gain":0,"player_choice":"Entered Light","damage_taken":18,"max_hp_gain":0,"max_hp_loss":0,"event_name":"Shining Light","floor":3,"gold_loss":0,"cards_upgraded":["Dagger Spray","Unload"]},{"cards_removed":["Strike_G"],"damage_healed":0,"gold_gain":0,"player_choice":"Purged","damage_taken":0,"max_hp_gain":0,"max_hp_loss":0,"event_name":"Purifier","floor":4,"gold_loss":0}],"is_beta":false,"boss_relics":[],"items_purged_floors":[],"is_endless":false,"potions_floor_spawned":[1,8],"killed_by":"Lagavulin","ascension_level":20}}