{"host":"hy4dx9m5ts5ejy9f","time":1608699242,"event":{"mods":["A Magickal Journey","AchievementEnabler","BaseMod","BetterRewards","Colored Powertips","Friendly Minions","Hubris","Infinite Spire","Minty Spire (QoL Compilation)","Replay The Spire","Shop Mod","StSLib","The Animator"],"gold_per_floor":[118,146,160,160,260,264,264],"floor_reached":6,"playtime":763,"items_purged":[],"score":38,"play_id":"2d40dbcc-ba49-40ff-a20a-34ebec933f6c","local_time":"20201222205402","is_ascension_mode":true,"campfire_choices":[],"circlet_count":0,"master_deck":["animator:Strike_Overlord","animator:Defend_Overlord","animator:Strike","animator:Strike","animator:Strike","animator:Defend","animator:Defend","animator:Defend","animator:Cocytus","animator:Demiurge","animator:EmiyaShirou","animator:Chris","animator:Bozes"],"relics":["Burning Blood","animator:TheMissingPiece","NeowsBlessing","infinitespire:Cubic Diamond"],"acts_visited":["Exordium"],"potions_floor_usage":[],"damage_taken":[{"damage":0,"enemies":"Jaw Worm","floor":1,"turns":1},{"damage":0,"enemies":"Cultist","floor":2,"turns":1},{"damage":0,"enemies":"2 Louse","floor":3,"turns":1},{"damage":49,"enemies":"Lagavulin","floor":6,"turns":7}],"seed_played":"-109829764715867852","potions_obtained":[{"floor":1,"key":"Energy Potion"},{"floor":2,"key":"SkillPotion"}],"is_trial":false,"path_per_floor":["M","M","M","?","?","E"],"character_chosen":"THE_ANIMATOR","items_purchased":[],"campfire_rested":0,"item_purchase_floors":[],"current_hp_per_floor":[66,66,66,66,66,17,17],"gold":264,"neow_bonus":"THREE_ENEMY_KILL","is_daily":false,"chose_seed":false,"campfire_upgraded":0,"win_rate":0.0,"timestamp":1608699242,"path_taken":["M","M","M","?","?","E"],"items_purchased_type":[],"build_version":"2020-12-22","purchased_purges":0,"victory":false,"max_hp_per_floor":[66,66,66,66,66,66,66],"card_choices":[{"not_picked":["animator:Kuribayashi","animator:Witch"],"picked":"animator:EmiyaShirou","floor":1},{"not_picked":["animator:DolaSchwi","animator:Witch"],"picked":"animator:Chris","floor":2},{"not_picked":["animator:YaoHaDucy","animator:DolaCouronne"],"picked":"animator:Bozes","floor":3}],"player_experience":24524,"relics_obtained":[],"event_choices":[{"damage_healed":0,"gold_gain":100,"player_choice":"Pray","damage_taken":0,"max_hp_gain":0,"max_hp_loss":0,"event_name":"Golden Shrine","floor":5,"gold_loss":0}],"is_beta":false,"boss_relics":[],"items_purged_floors":[],"is_endless":false,"potions_floor_spawned":[1,2],"killed_by":"Lagavulin","ascension_level":1}}