{"host":"i0avyit1s6jb1siw","time":1608750928,"event":{"mods":["BaseMod","DeckTracker","Dota2Spire","Highlight Path","Minty Spire (QoL Compilation)","Quick Restart","Replay The Spire","StSLib","SuperFastMode"],"gold_per_floor":[119,44,44,44,60,60,88,100,100,100,135,135,145,155,155,155,155],"floor_reached":16,"playtime":254,"items_purged":["Strike_B"],"score":209,"play_id":"0adefe20-c6e5-43b1-868f-03879b3c8c4c","local_time":"20201223201528","is_ascension_mode":true,"campfire_choices":[{"data":"Cold Snap","floor":6,"key":"SMITH"},{"data":"Loop","floor":10,"key":"SMITH"},{"data":"Self Repair","floor":12,"key":"SMITH"},{"data":"ReplayRNGCard","floor":15,"key":"SMITH"}],"circlet_count":0,"master_deck":["AscendersBane","Strike_B","Strike_B","Strike_B","Defend_B+1","Defend_B","Defend_B+1","Defend_B","Zap","Dualcast+1","Cold Snap+1","Loop+1","Self Repair+1","Rebound","ReplayRNGCard+1","Ball Lightning"],"relics":["Cracked Core","NeowsBlessing","Turnip","Mango","ReplayTheSpireMod:TigerMarble"],"acts_visited":["Exordium"],"potions_floor_usage":[16],"damage_taken":[{"damage":0,"enemies":"Cultist","floor":1,"turns":1},{"damage":0,"enemies":"2 Louse","floor":5,"turns":1},{"damage":0,"enemies":"Replay:BlueRogue","floor":7,"turns":1},{"damage":2,"enemies":"Jaw Worm","floor":8,"turns":3},{"damage":18,"enemies":"Lagavulin","floor":11,"turns":8},{"damage":14,"enemies":"Lots of Slimes","floor":13,"turns":5},{"damage":14,"enemies":"Red Slaver","floor":14,"turns":3},{"damage":56,"enemies":"Slime Boss","floor":16,"turns":10}],"seed_played":"-3106508764922133563","potions_obtained":[{"floor":7,"key":"Dota2Spire:HealingSalve"},{"floor":11,"key":"PotionOfCapacity"}],"is_trial":false,"path_per_floor":["M","$","?","?","M","R","E","M","T","R","E","R","M","M","R","B"],"character_chosen":"DEFECT","items_purchased":[],"campfire_rested":0,"item_purchase_floors":[],"current_hp_per_floor":[68,68,68,53,53,53,53,51,65,65,54,54,50,46,46,0,0],"gold":155,"neow_bonus":"THREE_ENEMY_KILL","is_daily":false,"chose_seed":false,"campfire_upgraded":4,"win_rate":0.0,"timestamp":1608750928,"path_taken":["M","$","?","?","?","R","E","M","T","R","E","R","M","M","R","BOSS"],"items_purchased_type":[],"build_version":"2020-12-22","purchased_purges":1,"victory":false,"max_hp_per_floor":[75,75,75,75,75,75,75,75,89,89,89,89,89,89,89,89,89],"card_choices":[{"not_picked":["BasicCrystalCard","Conserve Battery"],"picked":"Cold Snap","floor":1},{"not_picked":["Hologram","Force Field","Scrape"],"picked":"SKIP","floor":5},{"not_picked":["BootSequence","Hologram"],"picked":"Loop","floor":7},{"not_picked":["Steam Power","Steam"],"picked":"Self Repair","floor":8},{"not_picked":["Steam","ReplayTheSpireMod:Repulse"],"picked":"Rebound","floor":11},{"not_picked":["BasicCrystalCard","Barrage"],"picked":"ReplayRNGCard","floor":13},{"not_picked":["Skim","ReplayGash"],"picked":"Ball Lightning","floor":14}],"player_experience":2111464,"relics_obtained":[{"floor":7,"key":"Turnip"},{"floor":9,"key":"Mango"},{"floor":11,"key":"ReplayTheSpireMod:TigerMarble"}],"event_choices":[{"damage_healed":0,"gold_gain":0,"player_choice":"Entered Light","damage_taken":15,"max_hp_gain":0,"max_hp_loss":0,"event_name":"Shining Light","floor":4,"gold_loss":0,"cards_upgraded":["Defend_B","Dualcast"]}],"is_beta":false,"boss_relics":[],"items_purged_floors":[2],"is_endless":false,"potions_floor_spawned":[7,11],"killed_by":"Slime Boss","ascension_level":11}}