{"host":"19tvufa8xx4wr4o1","time":1608685820,"event":{"mods":["AchievementEnabler","BaseMod","Better Sensory Stone","Better Third Choice","Highlight Path","Minty Spire (QoL Compilation)","Relic Stats","StSLib"],"gold_per_floor":[361,131,148,168,168,168,201,201,201,233,250,250,263,2,2,73,73,85,85,99,99,99,134,134,134,134,59,159,190,203,253,253,253,253],"floor_reached":33,"playtime":994,"items_purged":["Writhe"],"score":553,"play_id":"74ba51f7-cf64-44b9-8932-4e91dfd4a576","local_time":"20201222191020","is_ascension_mode":true,"campfire_choices":[{"data":"Whirlwind","floor":6.0,"key":"SMITH"},{"data":"Immolate","floor":8,"key":"SMITH"},{"data":"Bash","floor":12,"key":"SMITH"},{"data":"Shrug It Off","floor":15,"key":"SMITH"},{"floor":24,"key":"REST"},{"floor":32,"key":"REST"}],"circlet_count":0,"master_deck":["AscendersBane","Strike_R+1","Strike_R+1","Strike_R+1","Defend_R+1","Defend_R+1","Defend_R+1","Defend_R+1","Bash+1","Immolate+1","Whirlwind+1","Shrug It Off+1","Demon Form","Inflame+1","Clothesline+1","Flame Barrier+1","True Grit","Shrug It Off+1","Impervious","Shockwave"],"relics":["Burning Blood","Akabeko","StrikeDummy","FossilizedHelix","Gremlin Horn","Astrolabe","Letter Opener","Nilry\u0027s Codex","Bag of Marbles","Blue Candle","Shovel","Sundial","Bottled Flame"],"acts_visited":["Exordium","TheCity"],"potions_floor_usage":[20,23,30,33,33],"damage_taken":[{"damage":6.0,"enemies":"2 Louse","floor":1.0,"turns":4.0},{"damage":0.0,"enemies":"Small Slimes","floor":3.0,"turns":2.0},{"damage":7.0,"enemies":"Jaw Worm","floor":4.0,"turns":3.0},{"damage":20.0,"enemies":"3 Sentries","floor":7.0,"turns":4.0},{"damage":20,"enemies":"Gremlin Nob","floor":10,"turns":4},{"damage":0,"enemies":"Looter","floor":11,"turns":2},{"damage":0,"enemies":"3 Louse","floor":13,"turns":2},{"damage":15,"enemies":"Slime Boss","floor":16,"turns":6},{"damage":0,"enemies":"Spheric Guardian","floor":18,"turns":3},{"damage":0,"enemies":"2 Thieves","floor":20,"turns":2},{"damage":24,"enemies":"Slavers","floor":23,"turns":3},{"damage":5,"enemies":"Colosseum Slavers","floor":28,"turns":3},{"damage":8,"enemies":"Colosseum Nobs","floor":28,"turns":3},{"damage":0,"enemies":"Gremlin Leader","floor":29,"turns":6},{"damage":18,"enemies":"Snake Plant","floor":30,"turns":4},{"damage":67,"enemies":"Automaton","floor":33,"turns":8}],"seed_played":"7211631802882856072","potions_obtained":[{"floor":1.0,"key":"BlessingOfTheForge"},{"floor":7,"key":"PowerPotion"},{"floor":10,"key":"SkillPotion"},{"floor":20,"key":"BloodPotion"},{"floor":29,"key":"Swift Potion"},{"floor":30,"key":"EntropicBrew"}],"is_trial":false,"path_per_floor":["M","$","M","M","?","R","E","R","T","E","M","R","M","$","R","B",null,"M","?","M","?","?","E","R","?","T","$","?","E","M","?","R","B"],"character_chosen":"IRONCLAD","items_purchased":["Immolate","Whirlwind","Gremlin Horn"],"campfire_rested":2,"item_purchase_floors":[2,2,14],"current_hp_per_floor":[68,68,68,67,72,72,58,58,58,44,50,50,56,56,56,47,67,73,73,73,73,52,34,55,34,34,34,33,39,27,27,50,0,0],"gold":253,"neow_bonus":"TWO_FIFTY_GOLD","is_daily":false,"chose_seed":false,"campfire_upgraded":4,"win_rate":0.0,"timestamp":1608685820,"path_taken":["M","$","M","M","?","R","E","R","T","E","M","R","M","$","R","BOSS","M","?","M","?","?","E","R","?","T","$","?","E","M","?","R","BOSS"],"items_purchased_type":["Card","Card","Relic"],"build_version":"2020-12-13","purchased_purges":1,"victory":false,"max_hp_per_floor":[68,68,68,68,73,73,73,73,73,73,73,73,73,73,73,73,73,73,73,73,73,73,73,73,78,78,78,78,78,78,78,78,78,78],"relic_stats":{"Shovel":0,"Gremlin Horn":[12,12],"counters":[16,59],"Sundial":[2],"Astrolabe":["Inflame","Clothesline","Flame Barrier"],"Blue Candle":[0],"Letter Opener":[5],"obtain_stats":[{"Gremlin Horn":14,"Nilry\u0027s Codex":22,"Astrolabe":17,"Blue Candle":26,"Letter Opener":19,"Burning Blood":0,"Akabeko":7,"Bottled Flame":29,"Shovel":28,"Sundial":28,"Bag of Marbles":23,"StrikeDummy":9,"FossilizedHelix":10},{"Gremlin Horn":7,"Nilry\u0027s Codex":10,"Astrolabe":8,"Blue Candle":11,"Letter Opener":9,"Burning Blood":0,"Akabeko":4,"Bottled Flame":14,"Shovel":13,"Sundial":13,"Bag of Marbles":11,"StrikeDummy":4,"FossilizedHelix":5},{"Gremlin Horn":21,"Nilry\u0027s Codex":32,"Astrolabe":27,"Blue Candle":35,"Letter Opener":30,"Burning Blood":0,"Akabeko":13,"Bottled Flame":47,"Shovel":41,"Sundial":41,"Bag of Marbles":35,"StrikeDummy":13,"FossilizedHelix":17}],"Burning Blood":78},"card_choices":[{"not_picked":["Blood for Blood","Iron Wave","Flex"],"picked":"SKIP","floor":1.0},{"not_picked":["True Grit","Havoc","Warcry"],"picked":"SKIP","floor":3.0},{"not_picked":["Bloodletting","Pommel Strike","Twin Strike"],"picked":"SKIP","floor":4.0},{"not_picked":["Clothesline","Bloodletting"],"picked":"Evolve","floor":7},{"not_picked":["Clothesline","Warcry","Entrench"],"picked":"SKIP","floor":10},{"not_picked":["Clothesline","Warcry","Entrench"],"picked":"SKIP","floor":10},{"not_picked":["Pommel Strike","Clothesline"],"picked":"Shrug It Off","floor":11},{"not_picked":["Sever Soul","Flex","Warcry"],"picked":"SKIP","floor":13},{"not_picked":["Impervious","Brutality"],"picked":"Demon Form","floor":16},{"not_picked":["Dropkick","Cleave"],"picked":"True Grit","floor":18},{"not_picked":["Clash","Blood for Blood"],"picked":"Shrug It Off+1","floor":20},{"not_picked":["Perfected Strike","Headbutt"],"picked":"Impervious","floor":23},{"not_picked":["True Grit","Headbutt"],"picked":"Shockwave","floor":28},{"not_picked":["Sentinel","Shrug It Off","Wild Strike"],"picked":"SKIP","floor":29},{"not_picked":["Armaments","Heavy Blade","Second Wind+1"],"picked":"SKIP","floor":30}],"player_experience":515184,"relics_obtained":[{"floor":7,"key":"Akabeko"},{"floor":9,"key":"StrikeDummy"},{"floor":10,"key":"FossilizedHelix"},{"floor":22,"key":"Nilry\u0027s Codex"},{"floor":23,"key":"Bag of Marbles"},{"floor":26,"key":"Blue Candle"},{"floor":28,"key":"Shovel"},{"floor":28,"key":"Sundial"},{"floor":29,"key":"Bottled Flame"}],"event_choices":[{"damage_healed":0.0,"max_hp_gain":5.0,"max_hp_loss":0.0,"gold_gain":0.0,"event_name":"Big Fish","player_choice":"Donut","floor":5.0,"gold_loss":0.0,"damage_taken":0.0},{"damage_healed":0,"gold_gain":0,"player_choice":"Opened","damage_taken":0,"relics_obtained":["Letter Opener"],"max_hp_gain":0,"max_hp_loss":0,"event_name":"The Mausoleum","floor":19,"gold_loss":0,"cards_obtained":["Writhe"]},{"damage_healed":0,"gold_gain":0,"player_choice":"Simplicity","damage_taken":0,"max_hp_gain":0,"max_hp_loss":7,"event_name":"betterThird:BetterWriting","floor":21,"gold_loss":0},{"damage_healed":0,"gold_gain":0,"player_choice":"Obtained Book","damage_taken":21,"max_hp_gain":0,"max_hp_loss":0,"event_name":"Cursed Tome","floor":22,"gold_loss":0},{"damage_healed":0,"gold_gain":0,"player_choice":"Shed Blood","damage_taken":26,"max_hp_gain":5,"max_hp_loss":0,"event_name":"Forgotten Altar","floor":25,"gold_loss":0},{"damage_healed":0,"gold_gain":0,"player_choice":"Fight","damage_taken":0,"max_hp_gain":0,"max_hp_loss":0,"event_name":"Colosseum","floor":28,"gold_loss":0},{"damage_healed":0,"gold_gain":0,"player_choice":"Fought Nobs","damage_taken":0,"max_hp_gain":0,"max_hp_loss":0,"event_name":"Colosseum","floor":28,"gold_loss":0},{"damage_healed":0,"gold_gain":50,"player_choice":"Steal","damage_taken":0,"max_hp_gain":0,"max_hp_loss":0,"event_name":"betterThird:BetterNest","floor":31,"gold_loss":0}],"is_beta":false,"boss_relics":[{"not_picked":["Runic Dome","Busted Crown"],"picked":"Astrolabe"}],"items_purged_floors":[27],"is_endless":false,"potions_floor_spawned":[1,7,10,13,20,28,29,30],"killed_by":"Automaton","ascension_level":15}}