{"host":"tcvjg4nl29rk5wfq","time":1608762775,"event":{"mods":["AchievementEnabler","BaseMod","Downfall","Hermit","Hubris","Infinite Spire","Minty Spire (QoL Compilation)","StSLib","The Administrix","The Bug Knight","The Cursed","The Disciple","The Hierophant","The Necromancer","The Runesmith","The Servant 0.9.4"],"gold_per_floor":[112,131,131,146,146,146,156,156,180,180,180,180,180],"floor_reached":12,"playtime":753,"items_purged":[],"score":68,"play_id":"cdcb3d50-4cef-4018-9f16-340c53f406df","local_time":"20201223143255","is_ascension_mode":false,"campfire_choices":[{"data":"HollowMod:MothsMistake","floor":6,"key":"SMITH"},{"data":"HollowMod:FocusHealStart","floor":11,"key":"SMITH"}],"circlet_count":0,"master_deck":["HollowMod:NailStrikeStart","HollowMod:NailStrikeStart","HollowMod:NailStrikeStart","HollowMod:NailStrikeStart","HollowMod:QuickDashStart","HollowMod:QuickDashStart","HollowMod:QuickDashStart","HollowMod:QuickDashStart","HollowMod:FocusHealStart+1","HollowMod:PogoStrike","HollowMod:HeavyBlow","HollowMod:BlackTendrils","HollowMod:SlysStrikes","expansioncontent:DarkVoid","HollowMod:MothsMistake+1","HollowMod:SharpenedShadows"],"relics":["HollowMod:VesselMask","NeowsBlessing","Smiling Mask"],"acts_visited":["Exordium"],"potions_floor_usage":[],"damage_taken":[{"damage":0,"enemies":"Small Slimes","floor":1,"turns":1},{"damage":0,"enemies":"Cultist","floor":2,"turns":1},{"damage":0,"enemies":"Jaw Worm","floor":4,"turns":1},{"damage":44,"enemies":"Exordium Thugs","floor":7,"turns":4},{"damage":43,"enemies":"Lagavulin","floor":12,"turns":5}],"seed_played":"5057406275910333041","potions_obtained":[{"floor":2,"key":"Swift Potion"},{"floor":7,"key":"CultistPotion"}],"is_trial":false,"path_per_floor":["M","M","?","M","$","R","M","?","T","$","R","E"],"character_chosen":"THE_BUGKNIGHT","items_purchased":[],"campfire_rested":0,"item_purchase_floors":[],"current_hp_per_floor":[75,75,75,75,75,75,31,31,31,31,31,0,0],"gold":180,"neow_bonus":"THREE_ENEMY_KILL","is_daily":false,"chose_seed":false,"campfire_upgraded":2,"win_rate":0.0,"timestamp":1608762775,"path_taken":["M","M","?","M","?","R","?","?","T","$","R","E"],"items_purchased_type":[],"build_version":"2020-12-22","purchased_purges":0,"victory":false,"max_hp_per_floor":[75,75,75,75,75,75,75,75,75,75,75,75,75],"card_choices":[{"not_picked":["HollowMod:CoiledNail","HollowMod:SiblingsSouls"],"picked":"HollowMod:HeavyBlow","floor":1},{"not_picked":["HollowMod:BaldurShell","HollowMod:CloakDash"],"picked":"HollowMod:BlackTendrils","floor":2},{"not_picked":["HollowMod:SoulShaman","HollowMod:DoubleDash"],"picked":"HollowMod:MothsMistake","floor":4},{"not_picked":["HollowMod:GrimmsGift","HollowMod:CornifersMapStart"],"picked":"HollowMod:SharpenedShadows","floor":7}],"player_experience":242991,"relics_obtained":[{"floor":9,"key":"Smiling Mask"}],"event_choices":[{"damage_healed":0,"gold_gain":0,"player_choice":"2 cards matched","damage_taken":0,"max_hp_gain":0,"max_hp_loss":0,"event_name":"Match and Keep!","floor":3,"gold_loss":0,"cards_obtained":["HollowMod:SlysStrikes","expansioncontent:DarkVoid"]}],"is_beta":false,"boss_relics":[],"items_purged_floors":[],"is_endless":false,"potions_floor_spawned":[2,7],"killed_by":"Lagavulin","ascension_level":0}}