{"host":"brlhu57vzmgrzvkq","time":1608707349,"event":{"mods":["AchievementEnabler","BaseMod","Colored Map","Downfall","Hermit","Minty Spire (QoL Compilation)","StSLib","SuperFastMode","The Cursed","The Servant 0.9.4"],"gold_per_floor":[99,116,131,148,166,341,416,457,479,506,550,575,575,596,623,623,623,623],"floor_reached":16,"playtime":707,"items_purged":[],"score":118,"play_id":"fa86f67c-8f18-43bc-b2dd-29c72ee31da2","local_time":"20201223000909","is_ascension_mode":false,"campfire_choices":[{"data":"Guardian:TwinSlam","floor":1.0,"key":"SMITH"},{"floor":13,"key":"REST"}],"circlet_count":0,"master_deck":["Guardian:Strike_Guardian","Guardian:Strike_Guardian","Guardian:Strike_Guardian","Guardian:Strike_Guardian","Guardian:Defend_Guardian","Guardian:Defend_Guardian","Guardian:Defend_Guardian","Guardian:Defend_Guardian","Guardian:CurlUp","Guardian:TwinSlam+1","Guardian:PrimingBeam","Guardian:PrimingBeam","Doubt","Guardian:PrismaticBarrier","Guardian:CrystalBeam","Guardian:RevengeProtocol","Guardian:CrystalBeam","Guardian:Gem_Red"],"relics":["Guardian:ModeShifter","InkBottle","CeramicFish","Bag of Marbles"],"acts_visited":["Exordium"],"potions_floor_usage":[8,15,16],"damage_taken":[{"damage":0.0,"enemies":"2 Louse","floor":2.0,"turns":2.0},{"damage":0.0,"enemies":"Small Slimes","floor":3.0,"turns":3.0},{"damage":2,"enemies":"Jaw Worm","floor":4,"turns":4},{"damage":3,"enemies":"2 Fungi Beasts","floor":5,"turns":3},{"damage":13,"enemies":"Lagavulin","floor":8,"turns":10},{"damage":12,"enemies":"Lots of Slimes","floor":9,"turns":5},{"damage":13,"enemies":"3 Louse","floor":10,"turns":5},{"damage":32,"enemies":"3 Sentries","floor":11,"turns":9},{"damage":0,"enemies":"2 Fungi Beasts","floor":12,"turns":3},{"damage":16,"enemies":"Exordium Thugs","floor":14,"turns":5},{"damage":0,"enemies":"Large Slime","floor":15,"turns":4},{"damage":29,"enemies":"downfall:Defect","floor":16,"turns":6}],"seed_played":"-4524173224491439703","potions_obtained":[{"floor":5,"key":"EssenceOfSteel"},{"floor":8,"key":"FearPotion"},{"floor":9,"key":"LiquidMemories"},{"floor":14,"key":"FearPotion"},{"floor":15,"key":"Fruit Juice"}],"is_trial":false,"path_per_floor":["R","M","M","M","M","?","T","E","M","M","E","M","R","M","M","B"],"character_chosen":"GUARDIAN","items_purchased":[],"campfire_rested":1,"item_purchase_floors":[],"current_hp_per_floor":[88,88,88,86,83,83,83,70,58,45,13,13,39,23,28,0,0,0],"gold":623,"neow_bonus":"TEN_PERCENT_HP_BONUS","is_daily":false,"chose_seed":false,"campfire_upgraded":1,"win_rate":0.0,"timestamp":1608707349,"path_taken":["R","M","M","M","M","?","T","E","M","M","E","M","R","M","M","BOSS"],"items_purchased_type":[],"build_version":"2020-12-22","purchased_purges":0,"victory":false,"max_hp_per_floor":[88,88,88,88,88,88,88,88,88,88,88,88,88,88,93,93,93,93],"card_choices":[{"not_picked":["Guardian:ShieldCharger","Guardian:Recover"],"picked":"Guardian:PrimingBeam","floor":2.0},{"not_picked":["Guardian:BronzeArmor","Guardian:WalkerClaw"],"picked":"Guardian:Gem_Purple","floor":3},{"not_picked":["Guardian:Gem_Fragmented","Guardian:FloatingOrbs"],"picked":"Guardian:PrimingBeam","floor":4},{"not_picked":["Guardian:EvasiveProtocol","Guardian:ShieldCharger"],"picked":"Guardian:Gem_Green","floor":5},{"not_picked":["Guardian:Gem_Red","Guardian:Harden"],"picked":"Guardian:PrismaticBarrier","floor":8},{"not_picked":["Guardian:TemporalShield","Guardian:WalkerClaw"],"picked":"Guardian:Gem_Crimson","floor":9},{"not_picked":["Guardian:ArmoredProtocol","Guardian:Gem_Red"],"picked":"Guardian:CrystalBeam","floor":10},{"not_picked":["Guardian:EvasiveProtocol","Guardian:Gem_Fragmented"],"picked":"Guardian:RevengeProtocol","floor":11},{"not_picked":["Guardian:EvasiveProtocol","Guardian:TimeBomb"],"picked":"Guardian:Gem_Cyan","floor":12},{"not_picked":["Guardian:TemporalStrike","Guardian:ShieldSpikes"],"picked":"Guardian:CrystalBeam","floor":14},{"not_picked":["Guardian:BronzeOrb","Guardian:Gem_Fragmented"],"picked":"Guardian:Gem_Red","floor":15}],"player_experience":77425,"relics_obtained":[{"floor":7,"key":"InkBottle"},{"floor":8,"key":"CeramicFish"},{"floor":11,"key":"Bag of Marbles"}],"event_choices":[],"is_beta":false,"boss_relics":[],"items_purged_floors":[],"is_endless":false,"potions_floor_spawned":[5,8,9,14,15],"killed_by":"downfall:Defect","ascension_level":0}}