{"host":"fmwbmnqnrup981we","time":1608723076,"event":{"mods":["AchievementEnabler","Act Like it!","BaseMod","Better Match","Better Note","Better Skull","Better Synergies","Better Third Choice","Better Vampires","Block Reminder","Curses Come First","Downfall","Duelist Mod","Elementarium","GungeonMod","HexUI Lib","HornydragonMod","Marked Mod","Minty Spire (QoL Compilation)","Pikachu Mod","Quick Restart","Relic Stats","SIMod","StSLib","The Bug Knight","The Death Knight","The Forsaken","The Marked","The Necromancer","The Runesmith","The Servant 0.9.4","The Wild Card","TheHero","TheVacant","TheVelvet","Transform Curses","Waifu the Spire","Yuri Mod","everything is the same but u backflip on backflip"],"gold_per_floor":[112,4,22,22,93,125,138,148,148,323,352,352,423,435,435,536,536,549,549,567,578,578,578],"floor_reached":22,"playtime":555,"items_purged":[],"score":271,"play_id":"5a0328df-c191-4cf2-8314-8aceee5d3de4","local_time":"20201223113116","is_ascension_mode":false,"campfire_choices":[{"floor":12,"key":"RECALL"},{"floor":15,"key":"REST"}],"circlet_count":0,"master_deck":["Strike_G","Strike_G","Strike_G","Strike_G","Strike_G","Defend_G","Defend_G","Defend_G","Defend_G","Defend_G","Survivor","Neutralize","Infinite Blades","Choke","Accuracy","Prepared","A Thousand Cuts+1","Doubt","Masterful Stab","Slice","Masterful Stab","Infinite Blades+1","Slice"],"relics":["Ring of the Snake","NeowsBlessing","Pyrelight","Frozen Egg 2","Ginger","DemoMod:MeltedRock","SacredBark"],"acts_visited":["Exordium","TheCity"],"potions_floor_usage":[16,16,16,21,21],"damage_taken":[{"damage":0,"enemies":"2 Louse","floor":1,"turns":1},{"damage":0,"enemies":"Jaw Worm","floor":3,"turns":1},{"damage":0,"enemies":"3 Sentries","floor":6,"turns":1},{"damage":0,"enemies":"Cultist","floor":7,"turns":3},{"damage":0,"enemies":"Large Slime","floor":8,"turns":4},{"damage":11,"enemies":"Gremlin Nob","floor":11,"turns":4},{"damage":16,"enemies":"Blue Slaver","floor":14,"turns":3},{"damage":0,"enemies":"Slime Boss","floor":16,"turns":4},{"damage":29,"enemies":"3 Byrds","floor":18,"turns":4},{"damage":24,"enemies":"Spheric Guardian","floor":20,"turns":4},{"damage":30,"enemies":"Centurion and Healer","floor":21,"turns":4},{"damage":20,"enemies":"Cultist and Chosen","floor":22,"turns":4}],"seed_played":"-396017433035922494","potions_obtained":[{"floor":1,"key":"LiquidMemories"},{"floor":6,"key":"BlessingOfTheForge"},{"floor":11,"key":"sneckomod:MuddlingPotion"},{"floor":16,"key":"Regen Potion"},{"floor":20,"key":"champ:CounterPotion"}],"is_trial":false,"path_per_floor":["M","$","M","?","?","E","M","M","T","?","E","R","T","M","R","B",null,"M","?","M","M","M"],"character_chosen":"THE_SILENT","items_purchased":["Infinite Blades","Choke"],"campfire_rested":1,"item_purchase_floors":[2,2],"current_hp_per_floor":[70,70,70,70,70,70,70,70,70,70,59,59,59,43,64,64,70,41,41,17,14,0,0],"gold":578,"neow_bonus":"THREE_ENEMY_KILL","is_daily":false,"chose_seed":false,"campfire_upgraded":0,"win_rate":0.0,"timestamp":1608723076,"path_taken":["M","$","M","?","?","E","?","M","T","?","E","R","?","?","R","BOSS","M","?","M","?","M"],"items_purchased_type":["Card","Card"],"build_version":"2020-12-22","purchased_purges":0,"victory":false,"max_hp_per_floor":[70,70,70,70,70,70,70,70,70,70,70,70,70,70,70,70,70,70,70,70,70,70,70],"relic_stats":{"counters":[12,37],"Ginger":[7],"obtain_stats":[{"NeowsBlessing":0,"SacredBark":17,"DemoMod:MeltedRock":13,"DemoMod:GlassGuonStoneRelic":1,"Pyrelight":4,"Ginger":11,"Frozen Egg 2":6,"Ring of the Snake":0},{"NeowsBlessing":0,"SacredBark":8,"DemoMod:MeltedRock":6,"DemoMod:GlassGuonStoneRelic":1,"Pyrelight":2,"Ginger":6,"Frozen Egg 2":3,"Ring of the Snake":0},{"NeowsBlessing":0,"SacredBark":21,"DemoMod:MeltedRock":14,"DemoMod:GlassGuonStoneRelic":1,"Pyrelight":2,"Ginger":14,"Frozen Egg 2":3,"Ring of the Snake":0}],"Ring of the Snake":[24]},"card_choices":[{"not_picked":["Predator","Underhanded Strike","Backflip"],"picked":"SKIP","floor":1},{"not_picked":["Outmaneuver","Backflip"],"picked":"Accuracy","floor":3},{"not_picked":["Underhanded Strike","Bane","Backflip"],"picked":"SKIP","floor":6},{"not_picked":["Poisoned Stab","Choke"],"picked":"Prepared","floor":7},{"not_picked":["Prepared","Dagger Spray"],"picked":"A Thousand Cuts+1","floor":8},{"not_picked":["Grand Finale","Outmaneuver","All Out Attack"],"picked":"SKIP","floor":11},{"not_picked":["Catalyst","Expertise"],"picked":"Masterful Stab","floor":14},{"not_picked":["Bane","Crippling Poison"],"picked":"Slice","floor":18},{"not_picked":["Well Laid Plans+1","Slice"],"picked":"Infinite Blades+1","floor":20},{"not_picked":["Underhanded Strike","Deadly Poison+1"],"picked":"Slice","floor":21}],"player_experience":403639,"relics_obtained":[{"floor":6,"key":"Frozen Egg 2"},{"floor":11,"key":"Ginger"},{"floor":13,"key":"DemoMod:MeltedRock"}],"event_choices":[{"damage_healed":0,"gold_gain":71,"player_choice":"Gained Gold","damage_taken":0,"max_hp_gain":0,"max_hp_loss":0,"event_name":"Golden Wing","floor":5,"gold_loss":0},{"damage_healed":0,"gold_gain":175,"player_choice":"AGREE","damage_taken":148,"max_hp_gain":0,"max_hp_loss":0,"event_name":"betterThird:BetterSerpent","floor":10,"gold_loss":0},{"damage_healed":0,"gold_gain":0,"player_choice":"Copied","damage_taken":0,"max_hp_gain":0,"max_hp_loss":0,"event_name":"Duplicator","floor":19,"gold_loss":0,"cards_obtained":["Masterful Stab"]}],"is_beta":false,"boss_relics":[{"not_picked":["Busted Crown","Cursed Key"],"picked":"SacredBark"}],"items_purged_floors":[],"is_endless":false,"potions_floor_spawned":[1,6,11,16,20],"killed_by":"Cultist and Chosen","ascension_level":0}}