{"host":"ds3v42j7tpaaz1mg","time":1608690868,"event":{"mods":["AchievementEnabler","Aspiration","BaseMod","Beaked The Cultist","Bestiary","Better Altar","Better Note","Better Sensory Stone","BetterRewards","Block Reminder","Colored Powertips","Conspire","Downfall","Energized Spire","Halation","Hermit","Highlight Path","Hubris","Infinite Spire","Jorbs\u0027s Wanderer Trilogy","Minty Spire (QoL Compilation)","Relic Stats","Replay The Spire","StSLib","The Death Knight","The Elementalist","The Servant 0.9.4","vexMod"],"gold_per_floor":[118,153,173,173,192,217,217,244,244,48,65,100,119,134,134,234,234,245,24,24,42,57,92,109,109,134,134,134,170,188,207,207,315,315,328,353,369,369,384,421,421,448,448,468,573,608,608,633,633,645],"floor_reached":51,"playtime":2107,"items_purged":["Strike_R","expansioncontent:Collect"],"score":1041,"play_id":"a23d4d38-c469-458c-b1db-9772df4af078","local_time":"20201222213428","is_ascension_mode":true,"campfire_choices":[{"data":"Inflame","floor":7,"key":"SMITH"},{"floor":15,"key":"REST"},{"floor":25,"key":"REST"},{"data":"Heavy Blade","floor":27,"key":"SMITH"},{"floor":32,"key":"REST"},{"data":"Limit Break","floor":41,"key":"SMITH"},{"data":"Inflame","floor":49,"key":"SMITH"}],"circlet_count":0,"master_deck":["Strike_R","Strike_R","Strike_R","Strike_R","Defend_R","Defend_R","Defend_R","Defend_R","Inflame","Inflame+1","Thunderclap","Rampage","Exhume+1","Inflame+1","Feed","Pummel","Heavy Blade+1","Double Tap","Power Through","Limit Break+1","Shrug It Off","Corruption","vexMod:StairwayStrike","ReplayTheSpireMod:Stacked+1","conspire:ExplosiveBarrier+1","Offering+1","Sentinel+1","hubris:Rewind+1"],"relics":["Burning Blood","halation:BlackBeret","Blue Doll","hubris:SphereOfDissonance","conspire:DeflatedDodgeball","hubris:ChampionShield","Mercury Hourglass","halation:PromiseList","Sundial","SacredBark","ReplayTheSpireMod:CursedCoin","infinitespire:EmpoweringShard","hubris:MedicalManual","halation:IllGainedPizza","Self Forming Clay","energizedSpire:DecayingSkull","infinitespire:Lychee Nut","Toxic Egg 2","aspiration:TomeofQuesting","conspire:Boomerang","Sozu"],"acts_visited":["Exordium","TheCity","TheBeyond"],"potions_floor_usage":[11,13,14,16,23,24,29,36,50,50,50],"damage_taken":[{"damage":1,"enemies":"2 Louse","floor":1,"turns":3},{"damage":20,"enemies":"conspire:MimicChest","floor":2,"turns":5},{"damage":12,"enemies":"Jaw Worm","floor":3,"turns":2},{"damage":0,"enemies":"Cultist","floor":5,"turns":2},{"damage":0,"enemies":"Gremlin Nob","floor":6,"turns":3},{"damage":35,"enemies":"3 Sentries","floor":8,"turns":6},{"damage":0,"enemies":"Exordium Wildlife","floor":11,"turns":1},{"damage":1,"enemies":"Replay:BlueRogue","floor":12,"turns":4},{"damage":10,"enemies":"Gremlin Gang","floor":13,"turns":2},{"damage":13,"enemies":"Exordium Thugs","floor":14,"turns":3},{"damage":9,"enemies":"Fading Forest","floor":16,"turns":11},{"damage":22,"enemies":"2 Thieves","floor":18,"turns":3},{"damage":7,"enemies":"Shell Parasite","floor":21,"turns":2},{"damage":23,"enemies":"Snecko","floor":22,"turns":4},{"damage":17,"enemies":"conspire:SneckoGhost","floor":23,"turns":4},{"damage":25,"enemies":"Centurion and Healer","floor":24,"turns":4},{"damage":19,"enemies":"Gremlin Leader","floor":29,"turns":3},{"damage":12,"enemies":"Cultist and Chosen","floor":30,"turns":3},{"damage":0,"enemies":"Chosen and Byrds","floor":31,"turns":4},{"damage":50,"enemies":"conspire:MysteriousRune","floor":33,"turns":7},{"damage":6,"enemies":"Orb Walker","floor":35,"turns":2},{"damage":2,"enemies":"3 Shapes","floor":36,"turns":2},{"damage":3,"enemies":"Spire Growth","floor":37,"turns":2},{"damage":14,"enemies":"3 Darklings","floor":39,"turns":3},{"damage":6,"enemies":"Giant Head","floor":40,"turns":5},{"damage":30,"enemies":"Jaw Worm Horde","floor":42,"turns":5},{"damage":6,"enemies":"Maw","floor":44,"turns":4},{"damage":3,"enemies":"R_Hoarder","floor":46,"turns":2},{"damage":9,"enemies":"Transient","floor":48,"turns":5},{"damage":90,"enemies":"Time Eater","floor":50,"turns":6}],"seed_played":"-4695280984596649138","potions_obtained":[{"floor":6,"key":"SteroidPotion"},{"floor":8,"key":"PowerPotion"},{"floor":13,"key":"Languid Potion"},{"floor":14,"key":"hexamod:EctoCoolerPotion"},{"floor":22,"key":"Venom Potion"},{"floor":23,"key":"BlessingOfTheForge"},{"floor":24,"key":"ColorlessPotion"},{"floor":33,"key":"LifebloodPotion"},{"floor":36,"key":"Regen Potion"},{"floor":42,"key":"SpeedPotion"},{"floor":46,"key":"Fire Potion"}],"is_trial":false,"path_per_floor":["M","?","M","?","M","E","R","E","T","$","M","E","M","M","R","B",null,"M","$","?","M","M","E","M","R","T","R","?","E","M","M","R","B",null,"M","M","M","?","M","E","R","M","T","M","?","E","AVR","M","R","B",null],"character_chosen":"IRONCLAD","items_purchased":["Blue Doll","hubris:SphereOfDissonance","Inflame","Pummel","Heavy Blade","ReplayTheSpireMod:CursedCoin","infinitespire:EmpoweringShard","Power Through","DeathKnight:RimePotion"],"campfire_rested":3,"item_purchase_floors":[0,0,0,10,10,19,19,19,19],"current_hp_per_floor":[49,35,29,29,35,41,41,12,12,12,18,23,19,15,39,52,75,62,62,62,64,47,36,21,48,48,48,48,35,29,35,62,18,74,74,78,84,84,79,74,74,56,56,62,44,50,50,53,53,19],"gold":645,"neow_bonus":"","is_daily":false,"chose_seed":false,"campfire_upgraded":4,"win_rate":0.0,"timestamp":1608690868,"path_taken":["M","?","M","?","M","E","R","E","T","?","?","E","M","M","R","BOSS","M","$","?","M","?","E","M","R","T","R","?","E","M","M","R","BOSS","M","M","?","?","M","E","R","M","T","M","?","E","AVR","M","R","BOSS"],"items_purchased_type":["Relic","Relic","Card","Card","Card","Relic","Relic","Card","Potion"],"build_version":"2020-12-13","purchased_purges":2,"victory":true,"max_hp_per_floor":[80,80,80,80,80,80,80,80,80,80,80,80,80,83,83,83,83,86,86,86,89,89,89,93,93,93,93,93,93,93,93,93,93,93,93,93,96,96,99,74,74,74,74,74,74,74,74,74,74,74],"relic_stats":{"Sozu":1,"counters":[30,110],"Sundial":[4],"Self Forming Clay":[87],"obtain_stats":[{"halation:BlackBeret":0,"ReplayTheSpireMod:CursedCoin":19,"Self Forming Clay":29,"SacredBark":17,"hubris:SphereOfDissonance":0,"halation:IllGainedPizza":26,"Blue Doll":0,"aspiration:TomeofQuesting":46,"hubris:MedicalManual":23,"conspire:Boomerang":47,"Burning Blood":0,"Mercury Hourglass":8,"Sozu":47,"Sundial":12,"infinitespire:Lychee Nut":40,"halation:PromiseList":9,"infinitespire:EmpoweringShard":19,"conspire:DeflatedDodgeball":2,"hubris:ChampionShield":6,"Toxic Egg 2":43,"energizedSpire:DecayingSkull":34},{"halation:BlackBeret":0,"ReplayTheSpireMod:CursedCoin":12,"Self Forming Clay":17,"SacredBark":11,"hubris:SphereOfDissonance":0,"halation:IllGainedPizza":16,"Blue Doll":0,"aspiration:TomeofQuesting":28,"hubris:MedicalManual":15,"conspire:Boomerang":28,"Burning Blood":0,"Mercury Hourglass":6,"Sozu":28,"Sundial":8,"infinitespire:Lychee Nut":25,"halation:PromiseList":6,"infinitespire:EmpoweringShard":12,"conspire:DeflatedDodgeball":2,"hubris:ChampionShield":5,"Toxic Egg 2":26,"energizedSpire:DecayingSkull":20},{"halation:BlackBeret":0,"ReplayTheSpireMod:CursedCoin":45,"Self Forming Clay":61,"SacredBark":42,"hubris:SphereOfDissonance":0,"halation:IllGainedPizza":58,"Blue Doll":0,"aspiration:TomeofQuesting":99,"hubris:MedicalManual":54,"conspire:Boomerang":99,"Burning Blood":0,"Mercury Hourglass":21,"Sozu":99,"Sundial":26,"infinitespire:Lychee Nut":88,"halation:PromiseList":21,"infinitespire:EmpoweringShard":45,"conspire:DeflatedDodgeball":8,"hubris:ChampionShield":15,"Toxic Egg 2":93,"energizedSpire:DecayingSkull":74}],"Burning Blood":180,"Mercury Hourglass":[327]},"card_choices":[{"not_picked":["Clash","Pommel Strike"],"picked":"Thunderclap","floor":1},{"not_picked":["Replay:Undeath\u0027s Touch","Cleave"],"picked":"Rampage","floor":2},{"not_picked":["Defy Death","Havoc","Run Through"],"picked":"SKIP","floor":3},{"not_picked":["Sever Soul","Perfected Strike","Body Slam"],"picked":"SKIP","floor":5},{"not_picked":["Iron Wave","Eclipse"],"picked":"Inflame","floor":6},{"not_picked":["Anger","True Grit"],"picked":"Feed","floor":8},{"not_picked":["Burning Pact","Flex","Anger"],"picked":"SKIP","floor":11},{"not_picked":["Anger","Run Through","Shockwave"],"picked":"SKIP","floor":12},{"not_picked":["Seeing Red","Heavy Blade","Combust"],"picked":"SKIP","floor":13},{"not_picked":["Sentinel","ReplayTheSpireMod:Limb From Limb","Perfected Strike"],"picked":"SKIP","floor":14},{"not_picked":["Bludgeon","Barricade"],"picked":"Double Tap","floor":16},{"not_picked":["Armaments","Dark Embrace","Cleave"],"picked":"SKIP","floor":18},{"not_picked":["Heavy Blade","Clothesline","Rupture"],"picked":"SKIP","floor":21},{"not_picked":["Flex","infinitespire:OneForAll+1","Sword Boomerang"],"picked":"SKIP","floor":22},{"not_picked":["Anger+1","Replay:Undeath\u0027s Touch","Entrench"],"picked":"SKIP","floor":23},{"not_picked":["Havoc","Warcry"],"picked":"Limit Break","floor":24},{"not_picked":["Flex+1","ReplayTheSpireMod:Limb From Limb+1","Body Slam"],"picked":"SKIP","floor":29},{"not_picked":["conspire:ExplosiveBarrier","ReplayTheSpireMod:LeadingStrike+1"],"picked":"Shrug It Off","floor":30},{"not_picked":["Twin Strike","Body Slam+1","Battle Trance"],"picked":"SKIP","floor":31},{"not_picked":["conspire:Purge","Fiend Fire"],"picked":"Corruption","floor":33},{"not_picked":["Burning Pact","Thunderclap+1","Twin Strike+1"],"picked":"SKIP","floor":35},{"not_picked":["Flex+1","Replay:Undeath\u0027s Touch","Combust"],"picked":"SKIP","floor":36},{"not_picked":["Run Through+1","ReplayTheSpireMod:Corrosion Curse+1","Carnage"],"picked":"SKIP","floor":37},{"not_picked":["ReplayUltimateDefense","Chrysalis"],"picked":"vexMod:StairwayStrike","floor":38},{"not_picked":["expansioncontent:GuardianWhirl","Discovery"],"picked":"expansioncontent:Collect","floor":38},{"not_picked":["Cleave","Intimidate"],"picked":"ReplayTheSpireMod:Stacked+1","floor":39},{"not_picked":["Burning Pact+1","Sword Boomerang","Combust"],"picked":"SKIP","floor":40},{"not_picked":["Clash","ReplayTheSpireMod:Strike From Hell"],"picked":"conspire:ExplosiveBarrier+1","floor":42},{"not_picked":["Clothesline","Reckless Charge+1","Spot Weakness+1"],"picked":"SKIP","floor":44},{"not_picked":["Dropkick+1","Havoc+1"],"picked":"Offering+1","floor":45},{"not_picked":["Cleave+1","hubris:SharpeningStone+1"],"picked":"Sentinel+1","floor":46},{"not_picked":["Twin Strike","ReplayReversal+1","Thunderclap+1"],"picked":"SKIP","floor":48}],"player_experience":567975,"relics_obtained":[{"floor":2,"key":"conspire:DeflatedDodgeball"},{"floor":6,"key":"hubris:ChampionShield"},{"floor":8,"key":"Mercury Hourglass"},{"floor":9,"key":"halation:PromiseList"},{"floor":12,"key":"Sundial"},{"floor":23,"key":"hubris:MedicalManual"},{"floor":26,"key":"halation:IllGainedPizza"},{"floor":29,"key":"Self Forming Clay"},{"floor":40,"key":"infinitespire:Lychee Nut"},{"floor":43,"key":"Toxic Egg 2"},{"floor":46,"key":"aspiration:TomeofQuesting"}],"event_choices":[{"cards_removed":["stsjorbsmod:Amnesia"],"damage_healed":0,"gold_gain":0,"player_choice":"Purged","damage_taken":0,"max_hp_gain":0,"max_hp_loss":0,"event_name":"Purifier","floor":20,"gold_loss":0},{"damage_healed":0,"gold_gain":0,"player_choice":"Ignored","damage_taken":0,"max_hp_gain":0,"max_hp_loss":0,"event_name":"N\u0027loth","floor":28,"gold_loss":0},{"damage_healed":0,"gold_gain":3,"player_choice":"1","damage_taken":0,"max_hp_gain":0,"max_hp_loss":0,"event_name":"betterStone:BetterStone","floor":38,"gold_loss":0}],"is_beta":false,"boss_relics":[{"not_picked":["Painkiller Herb","conspire:SeveredTorchhead"],"picked":"SacredBark"},{"not_picked":["ReplayTheSpireMod:SealedPack","vexMod:TanglingVine"],"picked":"energizedSpire:DecayingSkull"}],"items_purged_floors":[10,47],"is_endless":false,"potions_floor_spawned":[6,8,13,14,22,23,24,33,36,42,46,48],"ascension_level":5}}