{"host":"i09pxcjttd31eh4q","time":1608715484,"event":{"mods":["AchievementEnabler","BaseMod","Colored Map","Keyboard Shortcuts","Minty Spire (QoL Compilation)","StSLib","SuperFastMode"],"gold_per_floor":[113,113,113,127,143,143,143,182,182,20,20,45,66,141,141,265,265,281,281,299,299,322,322,421,421,445,445,124,124,145,160,160,279,279,298,28,41,66,79,79,79,79,104,116,461,573,601,126,126,126],"floor_reached":51,"playtime":1260,"items_purged":["Strike_B","Strike_B+1","Aggregate"],"score":695,"play_id":"276dcc5c-5ba7-41c6-a86f-b585c2d21e47","local_time":"20201223182444","is_ascension_mode":false,"campfire_choices":[{"data":"Sweeping Beam","floor":6.0,"key":"SMITH"},{"data":"Barrage","floor":15.0,"key":"SMITH"},{"data":"Consume","floor":23.0,"key":"SMITH"},{"data":"Defragment","floor":29.0,"key":"SMITH"},{"data":"Fusion","floor":32.0,"key":"SMITH"},{"data":"Capacitor","floor":40.0,"key":"SMITH"},{"data":"Zap","floor":44,"key":"SMITH"},{"floor":49,"key":"REST"}],"circlet_count":0,"master_deck":["Defend_B","Zap+1","Dualcast","Core Surge+1","Sweeping Beam+1","Undo","Barrage+1","Finesse+1","Capacitor+1","BootSequence+1","Echo Form","Cold Snap","Consume+1","Fusion+1","Finesse","Defragment+1","Cold Snap+1","Coolheaded+1","Master of Strategy"],"relics":["Cracked Core","Thread and Needle","TungstenRod","Inserter","Bag of Preparation","War Paint","Black Star","Medical Kit","MawBank","Bronze Scales","Nunchaku"],"acts_visited":["Exordium","TheCity","TheBeyond"],"potions_floor_usage":[50,50,50],"damage_taken":[{"damage":2.0,"enemies":"Small Slimes","floor":1.0,"turns":3.0},{"damage":2.0,"enemies":"2 Louse","floor":4.0,"turns":2.0},{"damage":0.0,"enemies":"Jaw Worm","floor":5.0,"turns":3.0},{"damage":18.0,"enemies":"Lagavulin","floor":8.0,"turns":6.0},{"damage":0.0,"enemies":"Looter","floor":12.0,"turns":3.0},{"damage":0.0,"enemies":"3 Louse","floor":13.0,"turns":3.0},{"damage":7.0,"enemies":"Slime Boss","floor":16.0,"turns":7.0},{"damage":15.0,"enemies":"2 Thieves","floor":18.0,"turns":5.0},{"damage":6.0,"enemies":"Spheric Guardian","floor":20.0,"turns":6.0},{"damage":18.0,"enemies":"Snake Plant","floor":22.0,"turns":6.0},{"damage":0.0,"enemies":"Snecko","floor":30.0,"turns":6.0},{"damage":0.0,"enemies":"Centurion and Healer","floor":31.0,"turns":6.0},{"damage":33.0,"enemies":"Automaton","floor":33.0,"turns":12.0},{"damage":12.0,"enemies":"Orb Walker","floor":35.0,"turns":6.0},{"damage":13.0,"enemies":"3 Darklings","floor":37.0,"turns":5.0},{"damage":14.0,"enemies":"Transient","floor":38.0,"turns":5.0},{"damage":0.0,"enemies":"Maw","floor":39.0,"turns":8.0},{"damage":11,"enemies":"3 Darklings","floor":47,"turns":5},{"damage":10,"enemies":"Time Eater","floor":50,"turns":14}],"seed_played":"769763243626418664","potions_obtained":[{"floor":1.0,"key":"Block Potion"},{"floor":4.0,"key":"Regen Potion"},{"floor":5.0,"key":"Fire Potion"},{"floor":13.0,"key":"Dexterity Potion"},{"floor":22.0,"key":"PowerPotion"},{"floor":33.0,"key":"Explosive Potion"},{"floor":35.0,"key":"AttackPotion"},{"floor":39.0,"key":"Dexterity Potion"}],"is_trial":false,"path_per_floor":["M","?","?","M","M","R","?","E","T","$","?","M","M","?","R","B",null,"M","?","M","?","M","R","?","?","T","?","$","R","M","M","R","B",null,"M","$","M","M","M","R","?","?","T","R","?","?","M","$","R","B",null],"character_chosen":"DEFECT","items_purchased":["Finesse","Defragment","War Paint","Medical Kit","Bronze Scales","Nunchaku","Master of Strategy"],"campfire_rested":1,"item_purchase_floors":[10,28,28,36,48,48,48],"current_hp_per_floor":[73,78,58,56,56,56,40,36,36,36,36,36,36,26,26,19,80,65,65,59,59,41,41,41,41,41,41,41,41,41,41,41,8,80,68,68,55,41,41,41,41,41,41,41,41,41,30,30,52,42],"gold":126,"neow_bonus":"TRANSFORM_CARD","is_daily":false,"chose_seed":false,"campfire_upgraded":7,"win_rate":0.0,"timestamp":1608715484,"path_taken":["M","?","?","M","M","R","?","E","T","$","?","M","M","?","R","BOSS","M","?","M","?","M","R","?","?","T","?","$","R","?","?","R","BOSS","M","$","M","M","?","R","?","?","T","R","?","?","M","$","R","BOSS"],"items_purchased_type":["Card","Card","Relic","Relic","Relic","Relic","Card"],"build_version":"2020-12-22","purchased_purges":3,"victory":true,"max_hp_per_floor":[75,80,80,80,80,80,80,80,80,80,80,80,80,80,80,80,80,80,80,80,80,80,80,80,80,80,80,80,80,80,80,80,80,80,80,80,80,80,80,80,80,76,76,76,76,76,76,76,76,76],"card_choices":[{"not_picked":["Aggregate","Redo"],"picked":"Sweeping Beam","floor":1.0},{"not_picked":["Glacier","Ball Lightning"],"picked":"Undo","floor":4.0},{"not_picked":["Consume","Self Repair","Compile Driver"],"picked":"SKIP","floor":5.0},{"not_picked":["Compile Driver","Stack"],"picked":"Barrage","floor":8.0},{"not_picked":["Compile Driver","Coolheaded"],"picked":"Capacitor","floor":12.0},{"not_picked":["Go for the Eyes","Tempest"],"picked":"BootSequence","floor":13.0},{"not_picked":["Amplify","Seek"],"picked":"Echo Form","floor":16.0},{"not_picked":["Compile Driver","Stack","Gash"],"picked":"SKIP","floor":18.0},{"not_picked":["Stack+1","Force Field"],"picked":"Cold Snap","floor":20.0},{"not_picked":["Redo","Electrodynamics"],"picked":"Fusion","floor":22.0},{"not_picked":["Scrape","Conserve Battery","Redo"],"picked":"SKIP","floor":30.0},{"not_picked":["Melter","Undo","Go for the Eyes"],"picked":"SKIP","floor":31.0},{"not_picked":["Turbo+1","Doom and Gloom","Storm"],"picked":"SKIP","floor":35.0},{"not_picked":["Conserve Battery+1","Melter+1","Compile Driver"],"picked":"SKIP","floor":37.0},{"not_picked":["Barrage","BootSequence+1"],"picked":"Cold Snap+1","floor":38.0},{"not_picked":["Ball Lightning+1","Self Repair+1","BootSequence+1"],"picked":"SKIP","floor":39.0},{"not_picked":["Defragment","Darkness+1"],"picked":"Coolheaded+1","floor":47}],"player_experience":760144,"relics_obtained":[{"floor":8.0,"key":"Thread and Needle"},{"floor":9.0,"key":"TungstenRod"},{"floor":26.0,"key":"Bag of Preparation"},{"floor":43,"key":"MawBank"}],"event_choices":[{"damage_healed":0.0,"max_hp_gain":5.0,"max_hp_loss":0.0,"gold_gain":0.0,"event_name":"Big Fish","player_choice":"Donut","floor":2.0,"gold_loss":0.0,"damage_taken":0.0},{"damage_healed":0.0,"max_hp_gain":0.0,"max_hp_loss":0.0,"gold_gain":0.0,"event_name":"Golden Idol","player_choice":"Take Damage","floor":3.0,"gold_loss":0.0,"damage_taken":20.0,"relics_obtained":["Golden Idol"]},{"damage_healed":0.0,"max_hp_gain":0.0,"max_hp_loss":0.0,"gold_gain":0.0,"event_name":"Shining Light","player_choice":"Entered Light","floor":7.0,"gold_loss":0.0,"damage_taken":16.0,"cards_upgraded":["Core Surge","Strike_B"]},{"cards_removed":["Defend_B"],"damage_healed":0.0,"max_hp_gain":0.0,"max_hp_loss":0.0,"gold_gain":0.0,"event_name":"Living Wall","player_choice":"Forget","floor":11.0,"gold_loss":0.0,"damage_taken":0.0},{"damage_healed":0.0,"max_hp_gain":0.0,"max_hp_loss":0.0,"gold_gain":75.0,"event_name":"World of Goop","player_choice":"Gather Gold","floor":14.0,"gold_loss":0.0,"damage_taken":11.0},{"damage_healed":0.0,"max_hp_gain":0.0,"max_hp_loss":0.0,"gold_gain":0.0,"event_name":"Cursed Tome","player_choice":"Ignored","floor":19.0,"gold_loss":0.0,"damage_taken":0.0},{"damage_healed":0.0,"max_hp_gain":0.0,"max_hp_loss":0.0,"gold_gain":0.0,"cards_transformed":["Strike_B","Defend_B"],"event_name":"Drug Dealer","player_choice":"Became Test Subject","floor":21.0,"gold_loss":0.0,"damage_taken":0.0,"cards_obtained":["Consume","Aggregate"]},{"damage_healed":0.0,"max_hp_gain":0.0,"max_hp_loss":0.0,"gold_gain":99.0,"event_name":"Nest","player_choice":"Stole From Cult","floor":24.0,"gold_loss":0.0,"damage_taken":0.0},{"cards_removed":["Defend_B"],"damage_healed":0.0,"max_hp_gain":0.0,"max_hp_loss":0.0,"gold_gain":0.0,"event_name":"Back to Basics","player_choice":"Elegance","floor":25.0,"gold_loss":0.0,"damage_taken":0.0},{"damage_healed":0.0,"max_hp_gain":0.0,"max_hp_loss":0.0,"gold_gain":0.0,"event_name":"Duplicator","player_choice":"Copied","floor":27.0,"gold_loss":0.0,"damage_taken":0.0,"cards_obtained":["Finesse"]},{"damage_healed":0,"gold_gain":0,"player_choice":"Ignored","damage_taken":0,"max_hp_gain":0,"max_hp_loss":0,"event_name":"Mysterious Sphere","floor":41,"gold_loss":0},{"damage_healed":0,"gold_gain":0,"player_choice":"Max HP","damage_taken":0,"max_hp_gain":0,"max_hp_loss":4,"event_name":"Winding Halls","floor":42,"gold_loss":0},{"damage_healed":0,"gold_gain":333,"player_choice":"Gave Idol","damage_taken":0,"max_hp_gain":0,"max_hp_loss":0,"event_name":"The Moai Head","floor":45,"relics_lost":["Golden Idol"],"gold_loss":0},{"damage_healed":0,"gold_gain":100,"player_choice":"Pray","damage_taken":0,"max_hp_gain":0,"max_hp_loss":0,"event_name":"Golden Shrine","floor":46,"gold_loss":0}],"is_beta":false,"boss_relics":[{"not_picked":["Empty Cage","Astrolabe"],"picked":"Inserter"},{"not_picked":["Pandora\u0027s Box","Velvet Choker"],"picked":"Black Star"}],"items_purged_floors":[10,28,36],"is_endless":false,"potions_floor_spawned":[1,4,5,13,22,33,35,39],"ascension_level":0}}