{"host":"og6lam4kt3nibbw0","time":1608745534,"event":{"mods":["AchievementEnabler","BaseMod","Colored Map","DeckTracker","Highlight Path","Keyboard Shortcuts","Minty Spire (QoL Compilation)","Permanent Neow","Quick Restart","StSLib","SuperFastMode"],"gold_per_floor":[111,111,111,60,79,114,114,114,140,159,159,171,171,184,184,255,255,266,147,161,161,171,171,198,198,198,198,198,198],"floor_reached":28,"playtime":1063,"items_purged":["Strike_B"],"score":572,"play_id":"235f96c5-f347-4f5c-b133-e6d1f40f4880","local_time":"20201224024534","is_ascension_mode":true,"campfire_choices":[{"data":"Dualcast","floor":7.0,"key":"SMITH"},{"data":"Zap","floor":11.0,"key":"SMITH"},{"data":"Ball Lightning","floor":15.0,"key":"SMITH"},{"floor":23.0,"key":"REST"},{"floor":25,"key":"REST"},{"data":"Strike_B","floor":27,"key":"PURGE"}],"circlet_count":0,"master_deck":["AscendersBane","Strike_B+1","Strike_B+1","Defend_B","Defend_B","Defend_B","Zap+1","Dualcast+1","Coolheaded","Reinforced Body","Conserve Battery+1","Auto Shields+1","Ball Lightning+1","Meteor Strike","Sunder","Self Repair","Turbo+1"],"relics":["Cracked Core","NeowsBlessing","Omamori","Peace Pipe","Singing Bowl","Toxic Egg 2","Bag of Preparation","Black Star","Whetstone","CeramicFish","Sundial"],"acts_visited":["Exordium","TheCity"],"potions_floor_usage":[],"damage_taken":[{"damage":0.0,"enemies":"Cultist","floor":1.0,"turns":1.0},{"damage":0.0,"enemies":"2 Louse","floor":5.0,"turns":1.0},{"damage":0.0,"enemies":"3 Sentries","floor":6.0,"turns":1.0},{"damage":12.0,"enemies":"Jaw Worm","floor":10.0,"turns":2.0},{"damage":0.0,"enemies":"Exordium Wildlife","floor":12.0,"turns":6.0},{"damage":1.0,"enemies":"Large Slime","floor":14.0,"turns":5.0},{"damage":52.0,"enemies":"Hexaghost","floor":16.0,"turns":14.0},{"damage":23.0,"enemies":"2 Thieves","floor":18.0,"turns":4.0},{"damage":15.0,"enemies":"Shell Parasite","floor":20.0,"turns":11.0},{"damage":18.0,"enemies":"Snake Plant","floor":22.0,"turns":4.0},{"damage":32,"enemies":"Gremlin Leader","floor":24,"turns":8},{"damage":46,"enemies":"Book of Stabbing","floor":28,"turns":4}],"seed_played":"6870873916960623776","potions_obtained":[{"floor":6.0,"key":"EntropicBrew"},{"floor":10.0,"key":"SpeedPotion"},{"floor":14.0,"key":"FairyPotion"},{"floor":18.0,"key":"FearPotion"}],"is_trial":false,"path_per_floor":["M","T","?","$","M","E","R","T","T","M","R","M","?","M","R","B",null,"M","$","M","?","M","R","E","R","T","R","E"],"character_chosen":"DEFECT","items_purchased":["Coolheaded","Self Repair"],"campfire_rested":2,"item_purchase_floors":[4,19],"current_hp_per_floor":[64,64,64,64,64,64,64,64,64,52,52,52,52,51,51,21,59,36,36,28,28,19,40,17,39,39,39,0,0],"gold":198,"neow_bonus":"THREE_ENEMY_KILL","is_daily":false,"chose_seed":false,"campfire_upgraded":3,"win_rate":0.0,"timestamp":1608745534,"path_taken":["M","?","?","$","?","E","R","?","T","M","R","M","?","M","R","BOSS","M","$","M","?","M","R","E","R","T","R","E"],"items_purchased_type":["Card","Card"],"build_version":"2020-12-22","purchased_purges":1,"victory":false,"max_hp_per_floor":[71,71,71,71,71,71,71,71,71,71,71,71,71,71,71,71,71,71,71,71,71,73,73,75,75,75,75,75,75],"card_choices":[{"not_picked":["Compile Driver","Redo"],"picked":"Go for the Eyes","floor":1.0},{"not_picked":["Barrage","Streamline","Rebound"],"picked":"SKIP","floor":5.0},{"not_picked":["Consume","Cold Snap"],"picked":"Reinforced Body","floor":6.0},{"not_picked":["Steam+1","Reprogram+1"],"picked":"Conserve Battery+1","floor":10.0},{"not_picked":["Darkness+1","Reinforced Body+1"],"picked":"Auto Shields+1","floor":12.0},{"not_picked":["Hello World","Auto Shields+1"],"picked":"Ball Lightning","floor":14.0},{"not_picked":["Creative AI","Core Surge"],"picked":"Meteor Strike","floor":16.0},{"not_picked":["Beam Cell","Static Discharge"],"picked":"Sunder","floor":18.0},{"not_picked":["Stack+1","Self Repair"],"picked":"Turbo+1","floor":20.0},{"not_picked":["Biased Cognition","Go for the Eyes","Beam Cell"],"picked":"Singing Bowl","floor":22.0},{"not_picked":["Scrape","Capacitor","Sweeping Beam"],"picked":"Singing Bowl","floor":24}],"player_experience":825647,"relics_obtained":[{"floor":2.0,"key":"Omamori"},{"floor":6.0,"key":"Singing Bowl"},{"floor":8.0,"key":"Toxic Egg 2"},{"floor":9.0,"key":"Bag of Preparation"},{"floor":24,"key":"Whetstone"},{"floor":24,"key":"CeramicFish"},{"floor":26,"key":"Sundial"}],"event_choices":[{"cards_removed":["Go for the Eyes"],"damage_healed":0.0,"max_hp_gain":0.0,"max_hp_loss":0.0,"gold_gain":0.0,"event_name":"WeMeetAgain","player_choice":"Gave Card","floor":3.0,"gold_loss":0.0,"damage_taken":0.0,"relics_obtained":["Peace Pipe"]},{"damage_healed":0.0,"max_hp_gain":0.0,"max_hp_loss":0.0,"gold_gain":0.0,"event_name":"Shining Light","player_choice":"Ignored","floor":13.0,"gold_loss":0.0,"damage_taken":0.0},{"cards_removed":["Defend_B"],"damage_healed":0.0,"max_hp_gain":0.0,"max_hp_loss":0.0,"gold_gain":0.0,"event_name":"Back to Basics","player_choice":"Elegance","floor":21.0,"gold_loss":0.0,"damage_taken":0.0}],"is_beta":false,"boss_relics":[{"not_picked":["SacredBark","FrozenCore"],"picked":"Black Star"}],"items_purged_floors":[19],"is_endless":false,"potions_floor_spawned":[6,10,14,18,22],"killed_by":"Book of Stabbing","ascension_level":20}}