{"host":"uflv0e3ja7hvnij7","time":1608739511,"event":{"mods":["BaseMod","Conspire","Hubris","Minty Spire (QoL Compilation)","Replay The Spire","StSLib","The Bug Knight"],"gold_per_floor":[10,26,44,44,44,44,61,61,61,76,76,76,88,88,88,185,185,185],"floor_reached":17,"playtime":885,"items_purged":[],"score":169,"play_id":"ef2a5782-98f1-4cad-8b16-babe56e34f5d","local_time":"20201223110511","is_ascension_mode":true,"campfire_choices":[{"data":"Mayhem","floor":6,"key":"SMITH"},{"data":"Wild Strike","floor":8,"key":"SMITH"},{"data":"Bash","floor":11,"key":"SMITH"},{"floor":15,"key":"DIG"}],"circlet_count":0,"master_deck":["Strike_R","Strike_R","Strike_R","Strike_R","Strike_R","Defend_R","Defend_R","Defend_R","Defend_R","Bash+1","Mayhem+1","Pommel Strike","Impervious","Self Repair+1","Wild Strike+1","Battle Trance","Shrug It Off","Impervious"],"relics":["Iron Core","Gremlin Horn","hubris:PeanutButter","hubris:Stopwatch"],"acts_visited":["Exordium","TheCity"],"potions_floor_usage":[16,16],"damage_taken":[{"damage":3,"enemies":"Jaw Worm","floor":1,"turns":5},{"damage":7,"enemies":"Small Slimes","floor":2,"turns":4},{"damage":1,"enemies":"Cultist","floor":3,"turns":4},{"damage":13,"enemies":"3 Louse","floor":7,"turns":4},{"damage":10,"enemies":"Exordium Thugs","floor":10,"turns":4},{"damage":17,"enemies":"Looter","floor":13,"turns":3},{"damage":53,"enemies":"Fading Forest","floor":16,"turns":11}],"seed_played":"-1321185396432081965","potions_obtained":[{"floor":2,"key":"Explosive Potion"},{"floor":13,"key":"Adrenaline Potion"},{"floor":16,"key":"Adrenaline Potion"}],"is_trial":false,"path_per_floor":["M","M","M","?","?","R","M","R","T","M","R","?","M","$","R","B",null],"character_chosen":"IRONCLAD","items_purchased":[],"campfire_rested":0,"item_purchase_floors":[],"current_hp_per_floor":[80,79,80,80,85,85,82,82,82,82,82,74,67,67,67,38,85,85],"gold":185,"neow_bonus":"RANDOM_COLORLESS_2","is_daily":false,"chose_seed":false,"campfire_upgraded":3,"win_rate":0.0,"timestamp":1608739511,"path_taken":["M","M","M","?","?","R","M","R","T","M","R","?","M","$","R","BOSS"],"items_purchased_type":[],"build_version":"2020-12-22","purchased_purges":0,"victory":false,"max_hp_per_floor":[80,80,80,80,85,85,85,85,85,85,85,85,85,85,85,85,85,85],"card_choices":[{"not_picked":["Apotheosis","Midas Touch"],"picked":"Mayhem","floor":0},{"not_picked":["Battle Trance","Ghostly Armor"],"picked":"Pommel Strike","floor":1},{"not_picked":["Run Through","Spot Weakness","Iron Wave"],"picked":"SKIP","floor":2},{"not_picked":["Cleave","Bloodletting"],"picked":"Impervious","floor":3},{"not_picked":["Clothesline","Rip and Tear"],"picked":"Wild Strike","floor":7},{"not_picked":["Rage","Gash"],"picked":"Battle Trance","floor":10},{"not_picked":["Ghostly Armor","Shockwave"],"picked":"Shrug It Off","floor":13},{"not_picked":["ReplayTheSpireMod:Omega Cannon","Corruption"],"picked":"Impervious","floor":16}],"player_experience":309644,"relics_obtained":[{"floor":9,"key":"Gremlin Horn"},{"floor":15,"key":"hubris:PeanutButter"}],"event_choices":[{"damage_healed":0,"gold_gain":0,"player_choice":"Donut","damage_taken":0,"max_hp_gain":5,"max_hp_loss":0,"event_name":"Big Fish","floor":5,"gold_loss":0},{"damage_healed":0,"gold_gain":0,"player_choice":"Damaged","damage_taken":8,"max_hp_gain":0,"max_hp_loss":0,"event_name":"Wheel of Change","floor":12,"gold_loss":0}],"is_beta":false,"boss_relics":[{"not_picked":["hubris:BlackHole","SacredBark"],"picked":"hubris:Stopwatch"}],"items_purged_floors":[],"is_endless":false,"potions_floor_spawned":[2,13,16],"ascension_level":3}}