{"host":"o54aw4mfims5m8ve","time":1608763260,"event":{"mods":["BaseMod","Downfall","Minty Spire (QoL Compilation)","StSLib","The Cursed","The Senshi"],"gold_per_floor":[110,60,60,75,88,118,118,131,131,145,180,197,197,197,197],"floor_reached":14,"playtime":1387,"items_purged":[],"score":102,"play_id":"f9b43e05-90f3-495b-bd2b-2777703ea2b2","local_time":"20201223224100","is_ascension_mode":false,"campfire_choices":[{"floor":7,"key":"REST"},{"data":"1","floor":13,"key":"LIFT"}],"circlet_count":0,"master_deck":["theSenshi:SailorKick","theSenshi:SailorKick","theSenshi:SailorKick","theSenshi:SailorBlock","theSenshi:SailorBlock","theSenshi:SailorBlock","theSenshi:RoseThrow","theSenshi:MoonPrismPowerMakeUp","theSenshi:TallSilhouette","theSenshi:MoonTwilightFlash","theSenshi:Sidestep","theSenshi:MoonPrincessHalation","theSenshi:MoonTiaraMagic","theSenshi:GlimpseOfThePast","theSenshi:MoonPunch"],"relics":["theSenshi:TransformationBroochRelic","Akabeko","HornCleat","Girya"],"acts_visited":["Exordium"],"potions_floor_usage":[11,11,11],"damage_taken":[{"damage":3,"enemies":"Jaw Worm","floor":1,"turns":5},{"damage":10,"enemies":"Small Slimes","floor":4,"turns":5},{"damage":1,"enemies":"Cultist","floor":5,"turns":5},{"damage":29,"enemies":"Gremlin Nob","floor":6,"turns":6},{"damage":3,"enemies":"Blue Slaver","floor":8,"turns":5},{"damage":3,"enemies":"Red Slaver","floor":10,"turns":3},{"damage":17,"enemies":"Lagavulin","floor":11,"turns":7},{"damage":16,"enemies":"Lots of Slimes","floor":12,"turns":5},{"damage":17,"enemies":"3 Sentries","floor":14,"turns":5}],"seed_played":"-877805726997017598","potions_obtained":[{"floor":4,"key":"Slimebound:ThreeZeroPotion"},{"floor":6,"key":"LiquidBronze"},{"floor":8,"key":"LiquidMemories"}],"is_trial":false,"path_per_floor":["M","?","?","M","M","E","R","M","T","M","E","M","R","E"],"character_chosen":"THE_SENSHI","items_purchased":[],"campfire_rested":1,"item_purchase_floors":[],"current_hp_per_floor":[79,79,72,62,61,32,56,53,53,50,33,17,17,0,0],"gold":197,"neow_bonus":"TEN_PERCENT_HP_BONUS","is_daily":false,"chose_seed":false,"campfire_upgraded":0,"win_rate":0.0,"timestamp":1608763260,"path_taken":["M","?","?","M","M","E","R","M","T","M","E","M","R","E"],"items_purchased_type":[],"build_version":"2020-12-22","purchased_purges":0,"victory":false,"max_hp_per_floor":[82,82,82,82,82,82,82,82,82,82,82,82,82,82,82],"card_choices":[{"not_picked":["theSenshi:LateForSchool","theSenshi:SailorMarsAssists"],"picked":"theSenshi:TallSilhouette","floor":1},{"not_picked":["theSenshi:MoonsReflection","theSenshi:KlutzyLuck"],"picked":"theSenshi:MoonTwilightFlash","floor":4},{"not_picked":["theSenshi:SailorVenusAssists","theSenshi:SailorChibiMoonAssists"],"picked":"theSenshi:Sidestep","floor":5},{"not_picked":["theSenshi:EncouragingSpeech","theSenshi:PlutosSolemnity"],"picked":"theSenshi:MoonPrincessHalation","floor":6},{"not_picked":["theSenshi:TallSilhouette","theSenshi:SailorChibiMoonAssists","theSenshi:CrisisMakeUp"],"picked":"SKIP","floor":8},{"not_picked":["theSenshi:MoonTwilightFlash","theSenshi:MoonsReflection"],"picked":"theSenshi:MoonTiaraMagic","floor":10},{"not_picked":["theSenshi:MoonTiaraMagic","theSenshi:SailorStarFighterAssists"],"picked":"theSenshi:GlimpseOfThePast","floor":11},{"not_picked":["theSenshi:PlutosSolemnity","theSenshi:HesSoDreamy"],"picked":"theSenshi:MoonPunch","floor":12}],"player_experience":127384,"relics_obtained":[{"floor":6,"key":"Akabeko"},{"floor":9,"key":"HornCleat"},{"floor":11,"key":"Girya"}],"event_choices":[{"cards_removed":["theSenshi:SailorKick"],"damage_healed":0,"gold_gain":0,"player_choice":"Card Removal","damage_taken":0,"max_hp_gain":0,"max_hp_loss":0,"event_name":"The Cleric","floor":2,"gold_loss":50},{"cards_removed":["theSenshi:SailorBlock"],"damage_healed":0,"gold_gain":0,"player_choice":"Card Removal","damage_taken":7,"max_hp_gain":0,"max_hp_loss":0,"event_name":"Golden Wing","floor":3,"gold_loss":0}],"is_beta":false,"boss_relics":[],"items_purged_floors":[],"is_endless":false,"potions_floor_spawned":[4,6,8,10],"killed_by":"3 Sentries","ascension_level":0}}