{"host":"z5s44qp1ule1sbwl","time":1608763376,"event":{"mods":["BaseMod","Downfall","Minty Spire (QoL Compilation)","StSLib"],"gold_per_floor":[0,18,18,18,18,33,58,88,116,131,147,132,132,145,163,267,267,192,192,192,192,208,239,239,250,270,270,195,9,9,109,121,218,218,218,238,238,13,30,30,30,30,30,41,58,83,5,5,24,24,24,24],"floor_reached":50,"playtime":2209,"items_purged":[],"score":565,"play_id":"ae9fd822-826b-493b-8cd3-be6cb47751c6","local_time":"20201223224256","is_ascension_mode":false,"campfire_choices":[{"data":"Guardian:HyperBeam_Guardian","floor":1.0,"key":"SMITH"},{"data":"Guardian:BaubleBeam","floor":18.0,"key":"SMITH"},{"floor":28.0,"key":"REST"},{"floor":30.0,"key":"REST"},{"data":"1","floor":35,"key":"LIFT"},{"data":"2","floor":43,"key":"LIFT"}],"circlet_count":0,"master_deck":["Guardian:Defend_Guardian","Guardian:Defend_Guardian","Guardian:Defend_Guardian","Guardian:CurlUp","Guardian:TwinSlam+1","Guardian:HyperBeam_Guardian+1","Guardian:TimeCapacitor","Guardian:Gem_Blue","Guardian:VentSteam","Guardian:ShieldCharger","Guardian:BaubleBeam+1","Slimebound:Tackle+1","Slimebound:Tackle+1","Slimebound:Tackle+1","Guardian:DonusPower+1","Guardian:WalkerClaw","Guardian:Gem_Orange","Guardian:TimeSifter","CurseOfTheBell","Guardian:Gem_Red","Guardian:PiercingHide+1","expansioncontent:QuickStudy","Guardian:TimeBomb","Guardian:ChargeCore+1","Guardian:RevengeProtocol","Guardian:Orbwalk"],"relics":["Guardian:ModeShifter","Guardian:PickAxe","Odd Mushroom","Singing Bowl","Philosopher\u0027s Stone","downfall:HeartBlessingGreen","PreservedInsect","downfall:HeartBlessingBlue","Nunchaku","Calling Bell","Boot","Ornamental Fan","Girya","Akabeko","Bag of Preparation","Orichalcum","Kunai","Centennial Puzzle","Red Mask","downfall:RedIOUUpgrade"],"acts_visited":["Exordium","TheCity","TheBeyond"],"potions_floor_usage":[33,33,38,38,49,49],"damage_taken":[{"damage":11.0,"enemies":"Jaw Worm","floor":2.0,"turns":3.0},{"damage":0.0,"enemies":"2 Louse","floor":6.0,"turns":1.0},{"damage":0.0,"enemies":"The Mushroom Lair","floor":8.0,"turns":2.0},{"damage":12.0,"enemies":"3 Sentries","floor":9.0,"turns":3.0},{"damage":0.0,"enemies":"Small Slimes","floor":10.0,"turns":1.0},{"damage":0.0,"enemies":"3 Louse","floor":11.0,"turns":1.0},{"damage":10.0,"enemies":"downfall:FleeingMerchant","floor":12.0,"turns":4.0},{"damage":0.0,"enemies":"2 Fungi Beasts","floor":14.0,"turns":2.0},{"damage":8.0,"enemies":"Exordium Thugs","floor":15.0,"turns":4.0},{"damage":22.0,"enemies":"downfall:Ironclad","floor":16.0,"turns":8.0},{"damage":0.0,"enemies":"Chosen","floor":20.0,"turns":1.0},{"damage":24.0,"enemies":"3 Cultists","floor":22.0,"turns":5.0},{"damage":32.0,"enemies":"Gremlin Leader","floor":23.0,"turns":5.0},{"damage":22.0,"enemies":"Snecko","floor":25.0,"turns":4.0},{"damage":8.0,"enemies":"Chosen and Byrds","floor":26.0,"turns":4.0},{"damage":12.0,"enemies":"downfall:FleeingMerchant","floor":29.0,"turns":4.0},{"damage":14.0,"enemies":"Snake Plant","floor":32.0,"turns":3.0},{"damage":16,"enemies":"downfall:Defect","floor":33,"turns":6},{"damage":10,"enemies":"3 Shapes","floor":36,"turns":3},{"damage":6,"enemies":"downfall:FleeingMerchant","floor":38,"turns":3},{"damage":0,"enemies":"Orb Walker","floor":39,"turns":2},{"damage":11,"enemies":"Jaw Worm Horde","floor":44,"turns":3},{"damage":33,"enemies":"Maw","floor":45,"turns":7},{"damage":2,"enemies":"Giant Head","floor":46,"turns":6},{"damage":20,"enemies":"Spire Growth","floor":49,"turns":4},{"damage":30,"enemies":"downfall:Silent","floor":50,"turns":7}],"seed_played":"-2538652420546320034","potions_obtained":[{"floor":2.0,"key":"AttackPotion"},{"floor":9.0,"key":"Dexterity Potion"},{"floor":11.0,"key":"EntropicBrew"},{"floor":14.0,"key":"Guardian:BlockOnCardUsePotion"},{"floor":26.0,"key":"AttackPotion"},{"floor":32.0,"key":"SteroidPotion"},{"floor":33,"key":"Slimebound:ThreeZeroPotion"},{"floor":36,"key":"GamblersBrew"},{"floor":44,"key":"FearPotion"},{"floor":45,"key":"SneckoOil"},{"floor":46,"key":"PowerPotion"}],"is_trial":false,"path_per_floor":["R","M","?","?","?","M","T","?","E","M","M","$","?","M","M","B",null,"R","?","M","?","M","E","T","M","M","?","R","$","R","?","M","B",null,"R","M","?","$","M","T","T","?","R","M","M","E","$","?","M","B"],"character_chosen":"GUARDIAN","items_purchased":["Nunchaku","Guardian:WalkerClaw","Akabeko","expansioncontent:QuickStudy","Bag of Preparation","Guardian:TimeBomb","Guardian:Orbwalk"],"campfire_rested":2,"item_purchase_floors":[29,29,38,38,38,38,47],"current_hp_per_floor":[80,69,69,69,69,69,69,69,59,61,63,53,53,55,49,42,90,90,90,90,90,68,36,36,14,8,8,49,37,68,68,54,38,104,104,94,94,88,88,88,88,88,88,79,46,44,44,44,26,0,0,0],"gold":24,"neow_bonus":"THREE_RARE_CARDS","is_daily":false,"chose_seed":false,"campfire_upgraded":2,"win_rate":0.0,"timestamp":1608763376,"path_taken":["R","M","?","?","?","M","T","?","E","M","M","$","?","M","M","BOSS","R","?","M","?","?","E","T","M","M","?","R","?","R","?","M","BOSS","R","M","?","$","M","?","T","?","R","M","?","E","$","?","M","BOSS"],"items_purchased_type":["Relic","Card","Relic","Card","Relic","Card","Card"],"build_version":"2020-12-22","purchased_purges":0,"victory":false,"max_hp_per_floor":[80,80,80,80,80,80,80,80,82,84,86,86,86,88,90,90,90,90,90,90,90,92,92,92,92,94,94,104,104,104,104,104,104,104,104,104,104,104,104,104,104,104,104,106,106,106,106,106,108,108,108,108],"card_choices":[{"not_picked":["Guardian:ExploitGems","Guardian:SphericShield"],"picked":"Guardian:HyperBeam_Guardian","floor":0.0},{"not_picked":["Guardian:PrimingBeam","Guardian:ShieldCharger"],"picked":"Guardian:TimeCapacitor","floor":2.0},{"not_picked":["Guardian:Incinerate","Guardian:HyperBeam_Guardian"],"picked":"Guardian:VentSteam","floor":6.0},{"not_picked":["Guardian:ChargeCore","Guardian:RollAttack"],"picked":"Guardian:ShieldCharger","floor":8.0},{"not_picked":["Guardian:MultiBeam","Guardian:PrimingBeam","Guardian:BronzeArmor"],"picked":"Singing Bowl","floor":9.0},{"not_picked":["Guardian:ShieldCharger","Guardian:Gem_Blue","Guardian:Planning"],"picked":"Singing Bowl","floor":10.0},{"not_picked":["Guardian:VentSteam","Guardian:Planning","Guardian:TemporalShield"],"picked":"Singing Bowl","floor":11.0},{"not_picked":["Guardian:RollAttack","Guardian:HyperBeam_Guardian"],"picked":"Guardian:Gem_Lightblue","floor":12.0},{"not_picked":["Guardian:MultiBeam","Guardian:Emergency","Guardian:Gem_Lightblue"],"picked":"Singing Bowl","floor":14.0},{"not_picked":["Guardian:PolyBeam","Guardian:SpikerProtocol","Guardian:Gem_Fragmented"],"picked":"Singing Bowl","floor":15.0},{"not_picked":["Guardian:FierceBash","Guardian:HyperBeam_Guardian"],"picked":"Guardian:BaubleBeam","floor":16.0},{"not_picked":["Guardian:Gem_Lightblue","Guardian:Gem_Fragmented"],"picked":"Guardian:Gem_Crimson","floor":20.0},{"not_picked":["Guardian:ShieldSpikes","Guardian:RollAttack","Guardian:TemporalShield"],"picked":"Singing Bowl","floor":22.0},{"not_picked":["Guardian:Planning","Guardian:ArmoredProtocol"],"picked":"Guardian:Gem_Red","floor":23.0},{"not_picked":["Guardian:TimeCapacitor","Guardian:Gem_Purple"],"picked":"Guardian:Gem_Fragmented","floor":25.0},{"not_picked":["Guardian:Incinerate","Guardian:ChargeCore","Guardian:PrismaticBeam"],"picked":"Singing Bowl","floor":26.0},{"not_picked":["Guardian:Incinerate","Guardian:Gem_Cyan"],"picked":"Guardian:DonusPower+1","floor":29.0},{"not_picked":["Guardian:ArmoredProtocol","Guardian:Gem_Red"],"picked":"Guardian:Gem_Orange","floor":32.0},{"not_picked":["Guardian:BaubleBeam","Guardian:Gem_Synthetic"],"picked":"Guardian:TimeSifter","floor":33},{"not_picked":["Guardian:Planning","Guardian:Gem_Cyan"],"picked":"Guardian:Gem_Red","floor":36},{"not_picked":["Guardian:Incinerate+1","Guardian:PrismaticBarrier+1"],"picked":"Guardian:PiercingHide+1","floor":38},{"not_picked":["Guardian:Suspension+1","Guardian:Gem_Blue"],"picked":"Guardian:ChargeCore+1","floor":39},{"not_picked":["Guardian:Emergency+1","Guardian:Gem_Lightblue","Guardian:SentryBeam+1"],"picked":"Singing Bowl","floor":44},{"not_picked":["Guardian:Planning+1","Guardian:Gem_White"],"picked":"Guardian:ChargeCore+1","floor":45},{"not_picked":["Guardian:PrismaticBeam","Guardian:PrimingBeam"],"picked":"Guardian:RevengeProtocol","floor":46},{"not_picked":["Guardian:PiercingHide+1","Guardian:WalkerClaw","Guardian:PrimingBeam+1"],"picked":"Singing Bowl","floor":49}],"player_experience":1127733,"relics_obtained":[{"floor":7.0,"key":"Vajra"},{"floor":8.0,"key":"Odd Mushroom"},{"floor":9.0,"key":"Singing Bowl"},{"floor":23.0,"key":"PreservedInsect"},{"floor":34,"key":"Boot"},{"floor":34,"key":"Ornamental Fan"},{"floor":34,"key":"Girya"},{"floor":40,"key":"Orichalcum"},{"floor":41,"key":"Kunai"},{"floor":46,"key":"Centennial Puzzle"}],"event_choices":[{"damage_healed":0.0,"max_hp_gain":0.0,"max_hp_loss":0.0,"gold_gain":0.0,"event_name":"Mushrooms","player_choice":"Fought Mushrooms","floor":8.0,"gold_loss":0.0,"damage_taken":0.0},{"damage_healed":0.0,"max_hp_gain":0.0,"max_hp_loss":0.0,"gold_gain":0.0,"event_name":"Living Wall","player_choice":"Grow","floor":13.0,"gold_loss":0.0,"damage_taken":0.0,"cards_upgraded":["Guardian:TwinSlam"]},{"damage_healed":0.0,"max_hp_gain":0.0,"max_hp_loss":0.0,"gold_gain":0.0,"event_name":"Vampires","player_choice":"Ignored","floor":27.0,"gold_loss":0.0,"damage_taken":0.0},{"damage_healed":0,"gold_gain":0,"player_choice":"Ignored","damage_taken":0,"max_hp_gain":0,"max_hp_loss":0,"event_name":"Mysterious Sphere","floor":37,"gold_loss":0}],"is_beta":false,"boss_relics":[{"not_picked":["Tiny House","Snecko Eye"],"picked":"Philosopher\u0027s Stone"},{"not_picked":["Guardian:StasisSlotReductionRelic","Velvet Choker"],"picked":"Calling Bell"}],"items_purged_floors":[],"is_endless":false,"potions_floor_spawned":[2,9,11,14,15,26,32,33,36,44,45,46],"killed_by":"downfall:Silent","ascension_level":0}}