{"host":"nh1tx9wty0m9wedw","time":1608703109,"event":{"mods":["BaseMod","Colored Map","Colored Powertips","Minty Spire (QoL Compilation)"],"gold_per_floor":[114,189,189,114,114,154,154,154,154,193,243,278,278,291,291,420,420,445,157,157,72,86,122,147,147,170,170,16,16,59,73,73,199,199,214,229,229,49,64,103,103,118,143,206,246,261,261,294,294,294],"floor_reached":51,"playtime":3986,"items_purged":["Injury","Bloodletting+1"],"score":873,"play_id":"0c21021e-7ae4-4753-bb54-1022c5b1ba0a","local_time":"20201223065829","is_ascension_mode":true,"campfire_choices":[{"floor":7,"key":"REST"},{"data":"Armaments","floor":15,"key":"SMITH"},{"floor":25,"key":"REST"},{"floor":32,"key":"REST"},{"data":"Demon Form","floor":41,"key":"SMITH"},{"data":"Metallicize","floor":47,"key":"SMITH"},{"floor":49,"key":"REST"}],"circlet_count":0,"master_deck":["Defend_R","Defend_R","Defend_R","Defend_R","Bash","Thunderclap","Anger+1","Cleave","Iron Wave","Armaments+1","Bludgeon","Shockwave+1","Combust+1","Flex+1","Fire Breathing","RitualDagger","Twin Strike","Shrug It Off","Demon Form+1","Battle Trance+1","Body Slam+1","Flame Barrier","Metallicize+1","Parasite","Carnage","Rupture+1","Pommel Strike+1","Iron Wave","Juggernaut","Heavy Blade+1","Armaments+1"],"relics":["Burning Blood","Red Skull","Golden Idol","Ornamental Fan","Bird Faced Urn","Bag of Preparation","Blood Vial","Thread and Needle","Astrolabe","MealTicket","PreservedInsect","Bronze Scales","Art of War","Nloth\u0027s Gift","Meat on the Bone","Empty Cage","Orichalcum","Self Forming Clay","Lantern","CaptainsWheel","Kunai","Blue Candle"],"acts_visited":["Exordium","TheCity","TheBeyond"],"potions_floor_usage":[10,12,14,22,30,31,33,36,39,44,45,50],"damage_taken":[{"damage":4,"enemies":"Jaw Worm","floor":1,"turns":4},{"damage":32,"enemies":"Gremlin Nob","floor":6,"turns":4},{"damage":31,"enemies":"Lagavulin","floor":10,"turns":4},{"damage":16,"enemies":"3 Sentries","floor":12,"turns":4},{"damage":0,"enemies":"2 Louse","floor":14,"turns":2},{"damage":38,"enemies":"Slime Boss","floor":16,"turns":9},{"damage":25,"enemies":"2 Thieves","floor":18,"turns":3},{"damage":0,"enemies":"Shell Parasite","floor":22,"turns":7},{"damage":62,"enemies":"Book of Stabbing","floor":23,"turns":8},{"damage":22,"enemies":"Snake Plant","floor":24,"turns":6},{"damage":1,"enemies":"Gremlin Leader","floor":30,"turns":4},{"damage":6,"enemies":"Cultist and Chosen","floor":31,"turns":5},{"damage":70,"enemies":"Automaton","floor":33,"turns":8},{"damage":6,"enemies":"Orb Walker","floor":35,"turns":5},{"damage":12,"enemies":"3 Darklings","floor":36,"turns":5},{"damage":20,"enemies":"Writhing Mass","floor":39,"turns":7},{"damage":39,"enemies":"Giant Head","floor":40,"turns":8},{"damage":37,"enemies":"Sphere and 2 Shapes","floor":42,"turns":8},{"damage":31,"enemies":"2 Orb Walkers","floor":44,"turns":4},{"damage":2,"enemies":"Nemesis","floor":45,"turns":7},{"damage":27,"enemies":"Jaw Worm Horde","floor":46,"turns":4},{"damage":40,"enemies":"Reptomancer","floor":48,"turns":7},{"damage":67,"enemies":"Time Eater","floor":50,"turns":10}],"seed_played":"-9092804759793604041","potions_obtained":[{"floor":6,"key":"DuplicationPotion"},{"floor":10,"key":"AttackPotion"},{"floor":14,"key":"Fruit Juice"},{"floor":18,"key":"PowerPotion"},{"floor":24,"key":"Energy Potion"},{"floor":30,"key":"BlessingOfTheForge"},{"floor":31,"key":"FearPotion"},{"floor":35,"key":"Block Potion"},{"floor":36,"key":"Dexterity Potion"},{"floor":40,"key":"FearPotion"},{"floor":42,"key":"AttackPotion"},{"floor":48,"key":"Strength Potion"}],"is_trial":false,"path_per_floor":["M","?","?","$","?","E","R","?","T","E","T","E","?","M","R","B",null,"M","$","?","?","M","E","M","R","T","T","$","?","E","M","R","B",null,"M","M","?","$","M","E","R","M","T","?","E","M","R","E","R","B",null],"character_chosen":"IRONCLAD","items_purchased":["Fire Breathing","MealTicket","Demon Form","Metallicize","Orichalcum"],"campfire_rested":4,"item_purchase_floors":[19,19,28,38,38],"current_hp_per_floor":[80,69,69,69,69,43,67,67,67,42,42,34,60,73,73,43,85,66,66,60,60,72,20,8,33,33,33,48,48,55,59,84,35,85,85,81,81,81,71,58,58,47,47,40,50,51,51,41,65,26],"gold":294,"neow_bonus":"RANDOM_COMMON_RELIC","is_daily":false,"chose_seed":false,"campfire_upgraded":3,"win_rate":0.0,"timestamp":1608703109,"path_taken":["M","?","?","$","?","E","R","?","T","E","?","E","?","M","R","BOSS","M","$","?","?","M","E","M","R","T","?","?","?","E","M","R","BOSS","M","?","?","$","M","E","R","M","T","?","E","M","R","E","R","BOSS"],"items_purchased_type":["Card","Relic","Card","Card","Relic"],"build_version":"2020-12-22","purchased_purges":2,"victory":true,"max_hp_per_floor":[80,80,80,80,80,80,80,80,80,80,80,80,80,85,85,85,85,85,85,85,85,85,85,85,85,85,85,85,85,85,85,85,85,85,85,85,81,81,81,81,81,81,81,81,81,81,81,81,81,81],"card_choices":[{"not_picked":["Twin Strike","True Grit"],"picked":"Thunderclap","floor":1},{"not_picked":["Havoc","Wild Strike"],"picked":"Anger","floor":6},{"not_picked":["Limit Break","Thunderclap"],"picked":"Cleave","floor":10},{"not_picked":["Warcry","Whirlwind"],"picked":"Iron Wave","floor":12},{"not_picked":["Clash","Feel No Pain"],"picked":"Armaments","floor":14},{"not_picked":["Offering","Exhume"],"picked":"Bludgeon","floor":16},{"not_picked":["Havoc","Pommel Strike"],"picked":"Flex+1","floor":18},{"not_picked":["Dark Embrace","Clothesline","Anger+1"],"picked":"Twin Strike","floor":22},{"not_picked":["Entrench+1","Uppercut","Clash"],"picked":"Shrug It Off","floor":23},{"not_picked":["True Grit+1","Clash","Thunderclap","Warcry"],"picked":"SKIP","floor":24},{"not_picked":["Anger","Heavy Blade"],"picked":"Battle Trance+1","floor":30},{"not_picked":["Battle Trance","Fire Breathing","Dark Embrace"],"picked":"SKIP","floor":31},{"not_picked":["Warcry","Spot Weakness+1"],"picked":"Body Slam+1","floor":35},{"not_picked":["Twin Strike","Body Slam+1"],"picked":"Flame Barrier","floor":36},{"not_picked":["Shrug It Off+1","Barricade"],"picked":"Carnage","floor":39},{"not_picked":["Clothesline+1","Double Tap"],"picked":"Rupture+1","floor":40},{"not_picked":["Sword Boomerang","Thunderclap"],"picked":"Pommel Strike+1","floor":42},{"not_picked":["Flex","Berserk"],"picked":"Iron Wave","floor":44},{"not_picked":["Armaments","Shrug It Off+1"],"picked":"Juggernaut","floor":45},{"not_picked":["Pummel+1","Sword Boomerang"],"picked":"Heavy Blade+1","floor":46},{"not_picked":["Feel No Pain+1","Corruption"],"picked":"Armaments+1","floor":48}],"player_experience":576437,"relics_obtained":[{"floor":6,"key":"Ornamental Fan"},{"floor":9,"key":"Bird Faced Urn"},{"floor":10,"key":"Bag of Preparation"},{"floor":11,"key":"Blood Vial"},{"floor":12,"key":"Thread and Needle"},{"floor":23,"key":"PreservedInsect"},{"floor":26,"key":"Bronze Scales"},{"floor":27,"key":"Art of War"},{"floor":30,"key":"Meat on the Bone"},{"floor":40,"key":"Self Forming Clay"},{"floor":43,"key":"Lantern"},{"floor":44,"key":"CaptainsWheel"},{"floor":45,"key":"Kunai"},{"floor":48,"key":"Blue Candle"}],"event_choices":[{"damage_healed":0,"gold_gain":75,"player_choice":"Gather Gold","damage_taken":11,"max_hp_gain":0,"max_hp_loss":0,"event_name":"World of Goop","floor":2,"gold_loss":0},{"damage_healed":0,"gold_gain":0,"player_choice":"Take Wound","damage_taken":0,"relics_obtained":["Golden Idol"],"max_hp_gain":0,"max_hp_loss":0,"event_name":"Golden Idol","floor":3,"gold_loss":0,"cards_obtained":["Injury"]},{"damage_healed":0,"gold_gain":0,"player_choice":"Ignored","damage_taken":0,"max_hp_gain":0,"max_hp_loss":0,"event_name":"Shining Light","floor":5,"gold_loss":0},{"damage_healed":0,"gold_gain":0,"player_choice":"Grow","damage_taken":0,"max_hp_gain":0,"max_hp_loss":0,"event_name":"Living Wall","floor":8,"gold_loss":0,"cards_upgraded":["Anger"]},{"damage_healed":26,"gold_gain":0,"player_choice":"Banana","damage_taken":0,"max_hp_gain":0,"max_hp_loss":0,"event_name":"Big Fish","floor":13,"gold_loss":0},{"damage_healed":0,"gold_gain":0,"player_choice":"Joined the Cult","damage_taken":6,"max_hp_gain":0,"max_hp_loss":0,"event_name":"Nest","floor":20,"gold_loss":0,"cards_obtained":["RitualDagger"]},{"damage_healed":0,"gold_gain":0,"player_choice":"Obtained Relic","damage_taken":0,"relics_obtained":["Question Card"],"max_hp_gain":0,"max_hp_loss":0,"event_name":"Addict","floor":21,"gold_loss":85},{"damage_healed":0,"gold_gain":0,"player_choice":"Traded Relic","damage_taken":0,"relics_obtained":["Nloth\u0027s Gift"],"max_hp_gain":0,"max_hp_loss":0,"event_name":"N\u0027loth","floor":29,"relics_lost":["Question Card"],"gold_loss":0},{"damage_healed":0,"gold_gain":0,"player_choice":"Max HP","damage_taken":0,"max_hp_gain":0,"max_hp_loss":4,"event_name":"Winding Halls","floor":37,"gold_loss":0},{"damage_healed":0,"gold_gain":0,"player_choice":"Fight","damage_taken":0,"max_hp_gain":0,"max_hp_loss":0,"event_name":"Mysterious Sphere","floor":44,"gold_loss":0}],"is_beta":false,"boss_relics":[{"not_picked":["Snecko Eye","Fusion Hammer"],"picked":"Astrolabe"},{"not_picked":["Pandora\u0027s Box","Sozu"],"picked":"Empty Cage"}],"items_purged_floors":[4,19],"is_endless":false,"potions_floor_spawned":[6,10,14,18,24,30,31,35,36,40,42,48],"ascension_level":3}}