{"host":"q9718omregw4er46","time":1608744162,"event":{"mods":["BaseMod","Colored Powertips","Minty Spire (QoL Compilation)","Quick Restart","Relic Stats"],"gold_per_floor":[117,135,410,16,32,64,64,95,95,127,141,141,157,183,183,255,255,268,283,283,99,117,117,151,151,151,184,202,30,30,45,45,118,118,132,144,144,144,67,67,87,112,124,155,167,207,14,56,56,56,56,56,56,0,39,39,39],"floor_reached":56,"playtime":2509,"items_purged":["Regret","Strike_P","Judgement+1"],"score":2106,"play_id":"b62ed66d-1f12-4bd3-bef5-1d806fe88793","local_time":"20201223222242","is_ascension_mode":true,"campfire_choices":[{"data":"TalkToTheHand","floor":7.0,"key":"SMITH"},{"data":"BowlingBash","floor":15.0,"key":"SMITH"},{"data":"LessonLearned","floor":23.0,"key":"SMITH"},{"data":"EmptyFist","floor":25.0,"key":"SMITH"},{"floor":32.0,"key":"REST"},{"data":"TalkToTheHand","floor":40.0,"key":"SMITH"},{"floor":49.0,"key":"RECALL"},{"data":"MentalFortress","floor":53.0,"key":"SMITH"}],"circlet_count":0,"master_deck":["AscendersBane","Eruption","Vigilance+1","FollowUp+1","BowlingBash+1","TalkToTheHand+1","ReachHeaven+1","LessonLearned+1","EmptyFist+1","Vault+1","Tantrum","Swivel+1","WheelKick+1","SandsOfTime+1","Ragnarok+1","Indignation","Vault+1","DevaForm+1","EmptyFist","Brilliance+1","MentalFortress+1","Wireheading+1","TalkToTheHand+1","Adaptation","Fasting2+1","EmptyMind+1","LikeWater+1"],"relics":["PureWater","NeowsBlessing","Incense Burner","Meat on the Bone","Pocketwatch","Mango","Juzu Bracelet","Unceasing Top","Snecko Eye","War Paint","Dead Branch","Bottled Flame","Pandora\u0027s Box","MawBank","CeramicFish","Vajra","Sundial"],"acts_visited":["Exordium","TheCity","TheBeyond","TheEnding"],"potions_floor_usage":[56,56],"damage_taken":[{"damage":0.0,"enemies":"Jaw Worm","floor":1.0,"turns":1.0},{"damage":0.0,"enemies":"Cultist","floor":2.0,"turns":1.0},{"damage":0.0,"enemies":"2 Louse","floor":5.0,"turns":2.0},{"damage":12.0,"enemies":"Gremlin Nob","floor":6.0,"turns":3.0},{"damage":9.0,"enemies":"Lagavulin","floor":8.0,"turns":5.0},{"damage":0.0,"enemies":"Gremlin Nob","floor":10.0,"turns":3.0},{"damage":6.0,"enemies":"Lots of Slimes","floor":11.0,"turns":4.0},{"damage":1.0,"enemies":"Large Slime","floor":13.0,"turns":5.0},{"damage":6.0,"enemies":"Lagavulin","floor":14.0,"turns":5.0},{"damage":21.0,"enemies":"Slime Boss","floor":16.0,"turns":8.0},{"damage":2.0,"enemies":"2 Thieves","floor":18.0,"turns":6.0},{"damage":0.0,"enemies":"3 Byrds","floor":19.0,"turns":4.0},{"damage":0.0,"enemies":"Snake Plant","floor":22.0,"turns":4.0},{"damage":18.0,"enemies":"Book of Stabbing","floor":24.0,"turns":6.0},{"damage":30.0,"enemies":"Slavers","floor":27.0,"turns":8.0},{"damage":0.0,"enemies":"Snecko","floor":28.0,"turns":2.0},{"damage":15.0,"enemies":"3 Cultists","floor":31.0,"turns":6.0},{"damage":1.0,"enemies":"Champ","floor":33.0,"turns":6.0},{"damage":0.0,"enemies":"3 Darklings","floor":35.0,"turns":4.0},{"damage":7.0,"enemies":"3 Shapes","floor":36.0,"turns":2.0},{"damage":14.0,"enemies":"Sphere and 2 Shapes","floor":41.0,"turns":8.0},{"damage":17.0,"enemies":"Nemesis","floor":42.0,"turns":7.0},{"damage":29.0,"enemies":"4 Shapes","floor":44.0,"turns":9.0},{"damage":8.0,"enemies":"Giant Head","floor":46.0,"turns":6.0},{"damage":0.0,"enemies":"Reptomancer","floor":48.0,"turns":4.0},{"damage":12.0,"enemies":"Donu and Deca","floor":50.0,"turns":7.0},{"damage":40.0,"enemies":"Awakened One","floor":51.0,"turns":10.0},{"damage":66,"enemies":"Shield and Spear","floor":55,"turns":6},{"damage":18,"enemies":"The Heart","floor":56,"turns":2}],"seed_played":"-1212238985127840512","potions_obtained":[{"floor":1.0,"key":"Fire Potion"},{"floor":6.0,"key":"AttackPotion"},{"floor":11.0,"key":"DuplicationPotion"},{"floor":16.0,"key":"Energy Potion"},{"floor":22.0,"key":"AttackPotion"},{"floor":30.0,"key":"Swift Potion"}],"is_trial":false,"path_per_floor":["M","M","?","$","M","E","R","E","T","E","M","?","M","E","R","B",null,"M","M","?","$","M","R","E","R","T","E","M","$","?","M","R","B",null,"M","M","?","?","$","R","M","E","T","M","?","E","$","E","R","B","B",null,"R","$","E","B"],"character_chosen":"WATCHER","items_purchased":["Incense Burner","Tantrum","SandsOfTime","DuplicationPotion","Adaptation","DuplicationPotion","Strength Potion"],"campfire_rested":1,"item_purchase_floors":[4,21,29,29,39,47,54],"current_hp_per_floor":[61,61,61,61,61,49,49,40,54,54,48,48,47,53,53,44,73,71,71,47,47,47,47,41,41,41,23,35,35,35,32,58,57,80,80,73,73,73,73,73,59,54,54,37,37,41,41,53,53,53,25,72,72,72,18,0,0],"gold":39,"neow_bonus":"THREE_ENEMY_KILL","is_daily":false,"chose_seed":false,"campfire_upgraded":6,"win_rate":0.0,"timestamp":1608744162,"path_taken":["M","M","?","$","?","E","R","E","T","E","M","?","M","E","R","BOSS","M","M","?","$","M","R","E","R","T","E","M","$","?","M","R","BOSS","M","M","?","?","$","R","M","E","T","M","?","E","?","E","R","BOSS","BOSS","R","$","E","BOSS"],"items_purchased_type":["Relic","Card","Card","Potion","Card","Potion","Potion"],"build_version":"2020-12-22","purchased_purges":3,"victory":false,"max_hp_per_floor":[68,68,68,68,68,68,68,68,82,82,82,82,82,82,82,82,82,82,82,87,87,87,87,87,87,87,87,87,87,87,87,87,87,87,87,87,87,87,87,87,87,87,87,87,87,87,87,87,87,87,87,87,87,87,87,87,87],"relic_stats":{"counters":[29,144],"Dead Branch":[86],"CeramicFish":18,"Juzu Bracelet":2,"War Paint":["Swivel","Defend_P"],"MawBank":60,"Sundial":[0],"Snecko Eye":[188,211,180,205],"Pandora\u0027s Box":["Indignation","Vault","Judgement","DevaForm","EmptyFist","Brilliance","MentalFortress"],"obtain_stats":[{"NeowsBlessing":0,"Dead Branch":26,"CeramicFish":46,"Vajra":48,"Mango":9,"Incense Burner":4,"Juzu Bracelet":10,"War Paint":24,"MawBank":42,"Bottled Flame":27,"Sundial":55,"Snecko Eye":17,"Pandora\u0027s Box":34,"PureWater":0,"Unceasing Top":14,"Meat on the Bone":6,"Pocketwatch":8},{"NeowsBlessing":0,"Dead Branch":14,"CeramicFish":24,"Vajra":25,"Mango":5,"Incense Burner":2,"Juzu Bracelet":6,"War Paint":14,"MawBank":22,"Bottled Flame":15,"Sundial":28,"Snecko Eye":10,"Pandora\u0027s Box":18,"PureWater":0,"Unceasing Top":9,"Meat on the Bone":4,"Pocketwatch":5},{"NeowsBlessing":0,"Dead Branch":57,"CeramicFish":115,"Vajra":119,"Mango":12,"Incense Burner":2,"Juzu Bracelet":15,"War Paint":57,"MawBank":100,"Bottled Flame":65,"Sundial":142,"Snecko Eye":37,"Pandora\u0027s Box":79,"PureWater":0,"Unceasing Top":29,"Meat on the Bone":7,"Pocketwatch":12}],"Unceasing Top":[0],"Meat on the Bone":156,"Pocketwatch":[102]},"card_choices":[{"not_picked":["Nirvana","PathToVictory"],"picked":"FollowUp","floor":1.0},{"not_picked":["WaveOfTheHand","DeceiveReality"],"picked":"BowlingBash","floor":2.0},{"not_picked":["BowlingBash","PathToVictory"],"picked":"TalkToTheHand","floor":5.0},{"not_picked":["FlurryOfBlows","Study"],"picked":"ReachHeaven","floor":6.0},{"not_picked":["JustLucky","Halt","FollowUp"],"picked":"SKIP","floor":8.0},{"not_picked":["Wish","ConjureBlade"],"picked":"LessonLearned","floor":10.0},{"not_picked":["CrushJoints","WreathOfFlame"],"picked":"EmptyFist","floor":11.0},{"not_picked":["JustLucky","Worship","Fasting2"],"picked":"SKIP","floor":13.0},{"not_picked":["CutThroughFate","EmptyBody","Consecrate"],"picked":"SKIP","floor":14.0},{"not_picked":["Scrawl","Alpha"],"picked":"Vault","floor":16.0},{"not_picked":["EmptyBody+1","JustLucky","Protect"],"picked":"SKIP","floor":18.0},{"not_picked":["JustLucky","PathToVictory","Nirvana"],"picked":"SKIP","floor":19.0},{"not_picked":["FlyingSleeves","Crescendo"],"picked":"Swivel","floor":22.0},{"not_picked":["ConjureBlade","FlyingSleeves"],"picked":"CrushJoints+1","floor":24.0},{"not_picked":["Fasting2","FearNoEvil","Prostrate"],"picked":"SKIP","floor":27.0},{"not_picked":["ClearTheMind","Crescendo"],"picked":"WheelKick+1","floor":28.0},{"not_picked":["Study","Tantrum","FlyingSleeves"],"picked":"SKIP","floor":31.0},{"not_picked":["Devotion","Alpha"],"picked":"Ragnarok","floor":33.0},{"not_picked":["Crescendo+1","Consecrate+1"],"picked":"Wireheading+1","floor":35.0},{"not_picked":["Meditate","WreathOfFlame"],"picked":"TalkToTheHand","floor":36.0},{"not_picked":["SashWhip","EmptyBody","FlyingSleeves"],"picked":"SKIP","floor":41.0},{"not_picked":["FollowUp","Worship"],"picked":"Fasting2","floor":42.0},{"not_picked":["Adaptation","Protect","EmptyFist+1"],"picked":"SKIP","floor":44.0},{"not_picked":["Halt","ClearTheMind","Study"],"picked":"SKIP","floor":46.0},{"not_picked":["LessonLearned","Consecrate"],"picked":"EmptyMind+1","floor":48.0},{"not_picked":["Evaluate","Tantrum+1"],"picked":"LikeWater+1","floor":55}],"player_experience":1094472,"relics_obtained":[{"floor":6.0,"key":"Meat on the Bone"},{"floor":8.0,"key":"Pocketwatch"},{"floor":9.0,"key":"Mango"},{"floor":10.0,"key":"Juzu Bracelet"},{"floor":14.0,"key":"Unceasing Top"},{"floor":24.0,"key":"War Paint"},{"floor":26.0,"key":"Dead Branch"},{"floor":27.0,"key":"Bottled Flame"},{"floor":42.0,"key":"MawBank"},{"floor":46.0,"key":"CeramicFish"},{"floor":48.0,"key":"Vajra"},{"floor":55,"key":"Sundial"}],"event_choices":[{"damage_healed":0.0,"max_hp_gain":0.0,"max_hp_loss":0.0,"gold_gain":275.0,"event_name":"Golden Shrine","player_choice":"Desecrate","floor":3.0,"gold_loss":0.0,"damage_taken":0.0,"cards_obtained":["Regret"]},{"damage_healed":0.0,"max_hp_gain":0.0,"max_hp_loss":0.0,"gold_gain":0.0,"event_name":"Liars Game","player_choice":"Ignored","floor":12.0,"gold_loss":0.0,"damage_taken":0.0},{"damage_healed":0.0,"max_hp_gain":5.0,"max_hp_loss":0.0,"gold_gain":0.0,"event_name":"Forgotten Altar","player_choice":"Shed Blood","floor":20.0,"gold_loss":0.0,"damage_taken":29.0},{"damage_healed":0.0,"max_hp_gain":0.0,"max_hp_loss":0.0,"gold_gain":0.0,"event_name":"Lab","player_choice":"Got Potions","floor":30.0,"gold_loss":0.0,"damage_taken":0.0},{"damage_healed":0.0,"max_hp_gain":0.0,"max_hp_loss":0.0,"gold_gain":0.0,"event_name":"SensoryStone","player_choice":"Memory 1","floor":37.0,"gold_loss":0.0,"damage_taken":0.0},{"cards_removed":["CrushJoints"],"damage_healed":0.0,"max_hp_gain":0.0,"max_hp_loss":0.0,"gold_gain":0.0,"event_name":"Falling","player_choice":"Removed Attack","floor":38.0,"gold_loss":0.0,"damage_taken":0.0},{"damage_healed":0.0,"max_hp_gain":0.0,"max_hp_loss":0.0,"gold_gain":0.0,"event_name":"The Moai Head","player_choice":"Ignored","floor":45.0,"gold_loss":0.0,"damage_taken":0.0}],"is_beta":false,"boss_relics":[{"not_picked":["Black Star","HolyWater"],"picked":"Snecko Eye"},{"not_picked":["Philosopher\u0027s Stone","Sozu"],"picked":"Pandora\u0027s Box"}],"items_purged_floors":[4,21,47],"is_endless":false,"potions_floor_spawned":[1,6,11,16,22,31,33,35,42,48],"killed_by":"The Heart","ascension_level":20}}