{"host":"81h68oe4mr04pk3r","time":1608714654,"event":{"mods":["Act Like it!","Aspiration","BaseMod","BetterRewards","Colored Map","Colored Powertips","Conspire","Downfall","Hermit","Hubris","Infinite Spire","Jorbs\u0027s Wanderer Trilogy","Koishi","Lobotomy","LobotomyExtend","Marisa????????","Minty Spire (QoL Compilation)","Quick Restart","Reimu??????","Remilia??????","Replay The Spire","StSLib","The Bug Knight","The Construct","The Cursed","The Disciple","The Servant 0.9.4"],"gold_per_floor":[119,137,21,21,21,21,48,48,48,61,61,61,61,74,74,179,179,196,19,35,46,46,46,46,57,57,57,67,85,85,85,85,180,180,194,194,194],"floor_reached":36,"playtime":1703,"items_purged":[],"score":437,"play_id":"185fd0eb-a9b6-474b-a7d0-9323ef5ac96c","local_time":"20201223011054","is_ascension_mode":false,"campfire_choices":[{"data":"Ricochet","floor":6,"key":"SMITH"},{"floor":8,"key":"REST"},{"floor":13,"key":"REST"},{"data":"SilverBlades","floor":15,"key":"SMITH"},{"floor":23,"key":"REST"},{"data":"Sunlight","floor":27,"key":"SMITH"},{"floor":32,"key":"REST"}],"circlet_count":0,"master_deck":["Strike_S","Strike_S","Defend_S","Defend_S","KidneyShot","Exchange","ReplayTheSpireMod:Private Reserves+1","Ricochet+1","Misdirection","InstantArmor","ShiftingGears","SilverBlades+1","Ricochet","Starlight","Sunlight+1","Foresight","SurpressingFire","TimeWarp","GearUp+1","Read","Snipe","FastForward+1","FastForward","hubris:InfiniteBlow+12","KillingDoll+1","Revamp+1"],"relics":["Uniform","Lizard Tail","Mercury Hourglass","Empty Cage","MutagenicStrength","Molten Egg 2","ReplayFunnel","SlaversCollar"],"acts_visited":["Exordium","TheCity","TheBeyond"],"potions_floor_usage":[33,35,35],"damage_taken":[{"damage":0,"enemies":"Cultist","floor":1,"turns":4},{"damage":0,"enemies":"Small Slimes","floor":2,"turns":3},{"damage":40,"enemies":"Lagavulin","floor":7,"turns":12},{"damage":0,"enemies":"Jaw Worm","floor":10,"turns":3},{"damage":0,"enemies":"2 Fungi Beasts","floor":14,"turns":1},{"damage":0,"enemies":"Slime Boss","floor":16,"turns":5},{"damage":4,"enemies":"Spheric Guardian","floor":18,"turns":3},{"damage":0,"enemies":"Chosen","floor":20,"turns":3},{"damage":21,"enemies":"Shelled Parasite and Fungi","floor":21,"turns":5},{"damage":9,"enemies":"Centurion and Healer","floor":25,"turns":4},{"damage":3,"enemies":"Snake Plant","floor":28,"turns":4},{"damage":4,"enemies":"Chosen and Byrds","floor":29,"turns":4},{"damage":49,"enemies":"conspire:MysteriousRune","floor":33,"turns":7},{"damage":12,"enemies":"3 Darklings","floor":35,"turns":3},{"damage":40,"enemies":"3 Shapes","floor":36,"turns":4}],"seed_played":"4846623941208957000","potions_obtained":[{"floor":14,"key":"EssenceOfSteel"},{"floor":16,"key":"BlessingOfTheForge"},{"floor":18,"key":"SpeedPotion"},{"floor":33,"key":"Explosive Potion"}],"is_trial":false,"path_per_floor":["M","M","$","?","?","R","E","R","T","M","?","?","R","M","R","B",null,"M","$","M","M","?","R","?","M","T","R","M","M","?","AVR","R","B",null,"M","M"],"character_chosen":"THE_SERVANT","items_purchased":["InstantArmor","ShiftingGears","SurpressingFire","FairyPotion"],"campfire_rested":4,"item_purchase_floors":[3,3,19,19],"current_hp_per_floor":[65,65,65,65,65,65,25,44,44,44,44,44,63,63,63,63,65,61,61,61,40,40,59,59,50,50,50,47,43,43,43,62,13,65,53,13,13],"gold":194,"neow_bonus":"RANDOM_COLORLESS","is_daily":false,"chose_seed":false,"campfire_upgraded":3,"win_rate":0.0,"timestamp":1608714654,"path_taken":["M","M","$","?","?","R","E","R","T","M","?","?","R","M","R","BOSS","M","$","M","M","?","R","?","M","T","R","M","?","?","AVR","R","BOSS","M","M"],"items_purchased_type":["Card","Card","Card","Potion"],"build_version":"2020-12-22","purchased_purges":0,"victory":false,"max_hp_per_floor":[65,65,65,65,65,65,65,65,65,65,65,65,65,65,65,65,65,65,65,65,65,65,65,65,65,65,65,65,65,65,65,65,65,65,65,65,65],"card_choices":[{"not_picked":["Finesse","Deep Breath"],"picked":"ReplayTheSpireMod:Private Reserves","floor":0},{"not_picked":["BottledTime","Alleviate"],"picked":"Ricochet","floor":1},{"not_picked":["Defy","Revamp"],"picked":"Misdirection","floor":2},{"not_picked":["Defy","Replace"],"picked":"SilverBlades","floor":7},{"not_picked":["ShatteredReality","Replace"],"picked":"Ricochet","floor":10},{"not_picked":["ReturningBlade","Rewind"],"picked":"Starlight","floor":14},{"not_picked":["TheWorld","FloweringNight"],"picked":"Sunlight","floor":16},{"not_picked":["Replace+1","Sabotage+1"],"picked":"Foresight","floor":18},{"not_picked":["DoubleEdge","Potential"],"picked":"TimeWarp","floor":20},{"not_picked":["BottledTime","Starlight+1"],"picked":"GearUp+1","floor":21},{"not_picked":["Starlight","Defy"],"picked":"Snipe","floor":25},{"not_picked":["StarChef","Ricochet+1"],"picked":"FastForward+1","floor":28},{"not_picked":["DoubleEdge+1","BottledTime"],"picked":"FastForward","floor":29},{"not_picked":["Solidify","ForgedInTime"],"picked":"KillingDoll+1","floor":33},{"not_picked":["Alleviate","BottledTime+1"],"picked":"Revamp+1","floor":35}],"player_experience":166454,"relics_obtained":[{"floor":7,"key":"Lizard Tail"},{"floor":9,"key":"Mercury Hourglass"},{"floor":26,"key":"Molten Egg 2"}],"event_choices":[{"damage_healed":0,"gold_gain":0,"player_choice":"Inject Mutagens","damage_taken":0,"relics_obtained":["MutagenicStrength"],"max_hp_gain":0,"max_hp_loss":0,"event_name":"Drug Dealer","floor":22,"gold_loss":0},{"damage_healed":0,"gold_gain":0,"cards_transformed":["Defend_S"],"player_choice":"Transformed","damage_taken":0,"max_hp_gain":0,"max_hp_loss":0,"event_name":"Transmorgrifier","floor":24,"gold_loss":0,"cards_obtained":["Read"]}],"is_beta":false,"boss_relics":[{"not_picked":["RedLine:ReiMu","Velvet Choker"],"picked":"Empty Cage"},{"not_picked":["ChewingGum","aspiration:SecretTechniqueScroll"],"picked":"SlaversCollar"}],"items_purged_floors":[],"is_endless":false,"potions_floor_spawned":[14,16,18,20,28,33],"killed_by":"3 Shapes","ascension_level":0}}