{"host":"5fasz840ryq7obdf","time":1608733867,"event":{"mods":["AchievementEnabler","BaseMod","Bestiary","Better Altar","Better Skull","Better Third Choice","BetterRewards","Block Reminder","Colored Powertips","Curses Come First","Minty Spire (QoL Compilation)","Quick Restart","Relic Stats","Shop Mod","Spicy Shops","StSLib"],"gold_per_floor":[142,6,6,58,108,144,144,205,229,254,298,298,333,20,20,118,181,255,255,24,95,145,184,184,255,255,440,536,536,584,658,658,754,754,807,855,321,400,733,762,762,789,837,932,957,92,122,122,122,122,122],"floor_reached":52,"playtime":7363,"items_purged":["Strike_P","Strike_P","Defend_P","Defend_P","Strike_P"],"score":2920,"play_id":"e4a31428-e718-4f07-aa14-f54ed09c77a2","local_time":"20201223143107","is_ascension_mode":true,"campfire_choices":[{"floor":7.0,"key":"REST"},{"data":"Eruption","floor":12.0,"key":"SMITH"},{"data":"Crescendo","floor":15.0,"key":"SMITH"},{"data":"Wish","floor":24.0,"key":"SMITH"},{"data":"Defend_P","floor":29.0,"key":"PURGE"},{"data":"CrushJoints","floor":32.0,"key":"SMITH"},{"data":"Defend_P","floor":41.0,"key":"PURGE"},{"data":"Judgement+1","floor":49.0,"key":"PURGE"}],"circlet_count":0,"master_deck":["AscendersBane","Eruption+1","Vigilance","Wish+1","Wallop","FlurryOfBlows+1","CutThroughFate","Weave","Wireheading","Indignation+1","Wallop","Crescendo+1","CutThroughFate","SashWhip+1","Wallop+1","Swivel","Weave","MentalFortress","Omniscience+1","Crescendo+1","FlurryOfBlows","Nirvana+1","Wallop+1","Collect+1","Crescendo+1","LessonLearned+1","Consecrate+1","CrushJoints+1","Protect+1","JustLucky","SpiritShield+1","WindmillStrike","Protect+1","Trip+1","DeusExMachina+1","EmptyFist+1","ThirdEye+1","CutThroughFate"],"relics":["PureWater","Oddly Smooth Stone","Pantograph","Ancient Tea Set","Juzu Bracelet","Lantern","Bird Faced Urn","Damaru","Nunchaku","Happy Flower","MealTicket","Meat on the Bone","Tiny House","Incense Burner","PreservedInsect","Toxic Egg 2","Ginger","Letter Opener","Peace Pipe","Akabeko","Busted Crown","Art of War","Toy Ornithopter","Bronze Scales","Yang","TungstenRod","Vajra","Potion Belt","Bag of Preparation","ClockworkSouvenir","Pear"],"acts_visited":["Exordium","TheCity","TheBeyond"],"potions_floor_usage":[],"damage_taken":[{"damage":2.0,"enemies":"Small Slimes","floor":1.0,"turns":5.0},{"damage":0.0,"enemies":"Jaw Worm","floor":5.0,"turns":4.0},{"damage":16.0,"enemies":"Gremlin Nob","floor":6.0,"turns":3.0},{"damage":2.0,"enemies":"3 Sentries","floor":8.0,"turns":4.0},{"damage":0.0,"enemies":"Cultist","floor":10.0,"turns":3.0},{"damage":0.0,"enemies":"Exordium Wildlife","floor":11.0,"turns":2.0},{"damage":0.0,"enemies":"Gremlin Nob","floor":13.0,"turns":2.0},{"damage":34.0,"enemies":"The Guardian","floor":16.0,"turns":6.0},{"damage":7.0,"enemies":"Spheric Guardian","floor":18.0,"turns":3.0},{"damage":8.0,"enemies":"2 Thieves","floor":21.0,"turns":3.0},{"damage":31.0,"enemies":"Gremlin Leader","floor":23.0,"turns":4.0},{"damage":0.0,"enemies":"Slavers","floor":25.0,"turns":3.0},{"damage":0.0,"enemies":"Colosseum Slavers","floor":27.0,"turns":2.0},{"damage":0.0,"enemies":"Colosseum Nobs","floor":27.0,"turns":4.0},{"damage":10.0,"enemies":"Gremlin Leader","floor":28.0,"turns":4.0},{"damage":28.0,"enemies":"Centurion and Healer","floor":30.0,"turns":5.0},{"damage":0.0,"enemies":"Book of Stabbing","floor":31.0,"turns":2.0},{"damage":0.0,"enemies":"Champ","floor":33.0,"turns":5.0},{"damage":16.0,"enemies":"Orb Walker","floor":35.0,"turns":6.0},{"damage":5.0,"enemies":"3 Shapes","floor":36.0,"turns":3.0},{"damage":0.0,"enemies":"Jaw Worm Horde","floor":38.0,"turns":4.0},{"damage":4.0,"enemies":"Nemesis","floor":40.0,"turns":3.0},{"damage":13.0,"enemies":"Giant Head","floor":42.0,"turns":4.0},{"damage":14.0,"enemies":"Nemesis","floor":44.0,"turns":5.0},{"damage":0.0,"enemies":"Mind Bloom Boss Battle","floor":45.0,"turns":4.0},{"damage":32.0,"enemies":"Reptomancer","floor":47.0,"turns":4.0},{"damage":78,"enemies":"Awakened One","floor":50,"turns":7},{"damage":25,"enemies":"Time Eater","floor":51,"turns":6}],"seed_played":"-2293141070430454389","potions_obtained":[{"floor":6.0,"key":"Ambrosia"},{"floor":8.0,"key":"FearPotion"},{"floor":11.0,"key":"DistilledChaos"},{"floor":16.0,"key":"Explosive Potion"},{"floor":17.0,"key":"FairyPotion"},{"floor":21.0,"key":"StancePotion"},{"floor":23.0,"key":"ColorlessPotion"},{"floor":27.0,"key":"SteroidPotion"},{"floor":33.0,"key":"BottledMiracle"}],"is_trial":false,"path_per_floor":["M","$","?","?","M","E","R","E","T","M","M","R","E","$","R","B",null,"M","?","$","M","?","E","R","E","T","?","E","R","M","E","R","B",null,"M","M","$","M","?","E","R","E","T","E","?","$","E","?","R","B","B",null],"character_chosen":"WATCHER","items_purchased":["Oddly Smooth Stone","Pantograph","Wish","Ancient Tea Set","Wallop","Juzu Bracelet","FlurryOfBlows","CutThroughFate","Weave","Wireheading","Lantern","Bird Faced Urn","Wallop","Crescendo","Meat on the Bone","MentalFortress","Nirvana","Wallop","Art of War","Trip+1","Vajra","Potion Belt","Bag of Preparation","ThirdEye+1","ClockworkSouvenir"],"campfire_rested":1,"item_purchase_floors":[0,0,0,0,0,0,0,0,0,0,0,0,2,2,14,14,20,20,37,37,46,46,46,46,46],"current_hp_per_floor":[19,19,19,19,21,5,23,23,23,23,23,23,25,40,40,40,62,57,57,67,59,59,34,34,34,34,34,42,42,32,34,34,63,66,55,52,67,67,67,63,63,52,52,42,67,67,47,47,47,35,41],"gold":122,"neow_bonus":"","is_daily":false,"chose_seed":false,"campfire_upgraded":4,"win_rate":0.0,"timestamp":1608733867,"path_taken":["M","$","?","?","M","E","R","E","T","M","M","R","E","?","R","BOSS","M","?","$","M","?","E","R","E","T","?","E","R","M","E","R","BOSS","M","M","$","M","?","E","R","E","T","E","?","$","E","?","R","BOSS","BOSS"],"items_purchased_type":["Relic","Relic","Card","Relic","Card","Relic","Card","Card","Card","Card","Relic","Relic","Card","Card","Relic","Card","Card","Card","Relic","Card","Relic","Relic","Relic","Card","Relic"],"build_version":"2020-12-22","purchased_purges":5,"victory":true,"max_hp_per_floor":[68,68,62,62,62,62,62,62,62,62,62,62,62,62,62,62,67,67,67,67,67,67,67,67,67,67,67,67,67,67,67,67,67,67,67,67,67,67,67,67,67,67,67,67,67,67,77,77,77,77,77],"relic_stats":{"Happy Flower":[50],"counters":[53,167],"Yang":[154],"PreservedInsect":420,"Juzu Bracelet":1,"Bag of Preparation":[6],"Ginger":[4],"Letter Opener":[120],"Peace Pipe":3,"Nunchaku":[28],"Busted Crown":16,"Pantograph":122,"Bird Faced Urn":[61],"Bronze Scales":[123],"MealTicket":40,"Art of War":[6],"obtain_stats":[{"Ice Cream":30,"Tiny House":17,"CeramicFish":14,"Vajra":11,"Ginger":27,"Centennial Puzzle":42,"MealTicket":13,"HandDrill":12,"Toxic Egg 2":26,"Pear":47,"Happy Flower":0,"Oddly Smooth Stone":0,"Pen Nib":40,"Letter Opener":27,"War Paint":42,"Akabeko":31,"OrangePellets":0,"Bottled Flame":13,"Shuriken":20,"Bronze Scales":43,"Bird Faced Urn":0,"Molten Egg 2":40,"Black Star":34,"Meat on the Bone":0,"Darkstone Periapt":31,"Lantern":0,"Yang":8,"Juzu Bracelet":26,"Incense Burner":23,"Bag of Preparation":46,"Ancient Tea Set":12,"Cursed Key":17,"ClockworkSouvenir":46,"Nunchaku":46,"Pantograph":0,"Tiny Chest":9,"Red Mask":36,"InkBottle":24,"Potion Belt":28,"Golden Idol":3,"Damaru":6,"PreservedInsect":25,"Odd Mushroom":10,"Peace Pipe":28,"Busted Crown":34,"Bag of Marbles":0,"Art of War":46,"Membership Card":0,"PureWater":0,"Toy Ornithopter":40,"TungstenRod":45},{"Ice Cream":16,"Tiny House":33,"CeramicFish":9,"Vajra":8,"Ginger":39,"Centennial Puzzle":22,"MealTicket":32,"HandDrill":8,"Toxic Egg 2":37,"Pear":51,"Happy Flower":0,"Oddly Smooth Stone":0,"Pen Nib":21,"Letter Opener":39,"War Paint":22,"Akabeko":42,"OrangePellets":0,"Bottled Flame":9,"Shuriken":12,"Bronze Scales":22,"Bird Faced Urn":25,"Molten Egg 2":21,"Black Star":18,"Meat on the Bone":0,"Darkstone Periapt":17,"Lantern":25,"Yang":6,"Juzu Bracelet":15,"Incense Burner":36,"Bag of Preparation":50,"Ancient Tea Set":8,"Cursed Key":10,"ClockworkSouvenir":50,"Nunchaku":24,"Pantograph":25,"Tiny Chest":6,"Red Mask":19,"InkBottle":14,"Potion Belt":16,"Golden Idol":26,"Damaru":28,"PreservedInsect":37,"Odd Mushroom":7,"Peace Pipe":40,"Busted Crown":43,"Bag of Marbles":0,"Art of War":24,"Membership Card":0,"PureWater":0,"Toy Ornithopter":47,"TungstenRod":50},{"Ice Cream":36,"Tiny House":86,"CeramicFish":29,"Vajra":22,"Ginger":105,"Centennial Puzzle":47,"MealTicket":80,"HandDrill":22,"Toxic Egg 2":99,"Pear":154,"Happy Flower":0,"Oddly Smooth Stone":0,"Pen Nib":46,"Letter Opener":105,"War Paint":47,"Akabeko":116,"OrangePellets":0,"Bottled Flame":29,"Shuriken":32,"Bronze Scales":47,"Bird Faced Urn":57,"Molten Egg 2":46,"Black Star":39,"Meat on the Bone":0,"Darkstone Periapt":38,"Lantern":57,"Yang":19,"Juzu Bracelet":35,"Incense Burner":96,"Bag of Preparation":150,"Ancient Tea Set":22,"Cursed Key":30,"ClockworkSouvenir":150,"Nunchaku":50,"Pantograph":57,"Tiny Chest":19,"Red Mask":40,"InkBottle":34,"Potion Belt":36,"Golden Idol":62,"Damaru":69,"PreservedInsect":99,"Odd Mushroom":21,"Peace Pipe":109,"Busted Crown":121,"Bag of Marbles":0,"Art of War":50,"Membership Card":0,"PureWater":0,"Toy Ornithopter":137,"TungstenRod":150}],"Toy Ornithopter":0,"TungstenRod":14,"Meat on the Bone":108},"card_choices":[{"not_picked":["Collect","BowlingBash"],"picked":"Indignation","floor":1.0},{"not_picked":["SashWhip","FollowUp"],"picked":"CutThroughFate","floor":5.0},{"not_picked":["ClearTheMind","Vengeance"],"picked":"Brilliance","floor":6.0},{"not_picked":["Indignation","BowlingBash"],"picked":"SashWhip","floor":8.0},{"not_picked":["Halt","ThirdEye"],"picked":"Wallop","floor":10.0},{"not_picked":["WheelKick","PathToVictory"],"picked":"Swivel","floor":11.0},{"not_picked":["DeceiveReality","ReachHeaven"],"picked":"Weave","floor":13.0},{"not_picked":["MasterReality","Vault"],"picked":"Omniscience","floor":16.0},{"not_picked":["Pray","Evaluate"],"picked":"Crescendo","floor":17.0},{"not_picked":["InnerPeace+1","Protect"],"picked":"FlurryOfBlows","floor":18.0},{"not_picked":["EmptyFist","Conclude"],"picked":"Collect","floor":21.0},{"not_picked":["SashWhip","JustLucky"],"picked":"Crescendo+1","floor":23.0},{"not_picked":["Halt","Prostrate"],"picked":"LessonLearned","floor":25.0},{"not_picked":["FlyingSleeves+1","WreathOfFlame+1"],"picked":"Consecrate","floor":27.0},{"not_picked":["FollowUp","ForeignInfluence+1"],"picked":"CrushJoints","floor":28.0},{"not_picked":["PathToVictory+1","Conclude"],"picked":"Protect+1","floor":30.0},{"not_picked":["Consecrate","TalkToTheHand"],"picked":"JustLucky","floor":31.0},{"not_picked":["Judgement+1","Scrawl+1"],"picked":"SpiritShield+1","floor":33.0},{"not_picked":[],"picked":"WindmillStrike","floor":35.0},{"not_picked":[],"picked":"Protect+1","floor":36.0},{"not_picked":["Crescendo+1"],"picked":"SKIP","floor":38.0},{"not_picked":["BowlingBash"],"picked":"SKIP","floor":40.0},{"not_picked":[],"picked":"Judgement+1","floor":42.0},{"not_picked":[],"picked":"DeusExMachina+1","floor":44.0},{"not_picked":[],"picked":"EmptyFist+1","floor":45.0},{"not_picked":[],"picked":"CutThroughFate","floor":47.0}],"player_experience":983699,"relics_obtained":[{"floor":6.0,"key":"Damaru"},{"floor":8.0,"key":"Nunchaku"},{"floor":9.0,"key":"Happy Flower"},{"floor":13.0,"key":"MealTicket"},{"floor":23.0,"key":"Incense Burner"},{"floor":25.0,"key":"PreservedInsect"},{"floor":26.0,"key":"Toxic Egg 2"},{"floor":27.0,"key":"Ginger"},{"floor":27.0,"key":"Letter Opener"},{"floor":28.0,"key":"Peace Pipe"},{"floor":31.0,"key":"Akabeko"},{"floor":40.0,"key":"Toy Ornithopter"},{"floor":42.0,"key":"Bronze Scales"},{"floor":44.0,"key":"Yang"},{"floor":45.0,"key":"TungstenRod"},{"floor":47.0,"key":"Pear"}],"event_choices":[{"damage_healed":0.0,"max_hp_gain":0.0,"max_hp_loss":6.0,"gold_gain":0.0,"event_name":"Golden Idol","player_choice":"Lose Max HP","floor":3.0,"gold_loss":0.0,"damage_taken":0.0,"relics_obtained":["Golden Idol"]},{"damage_healed":0.0,"max_hp_gain":0.0,"max_hp_loss":0.0,"gold_gain":52.0,"event_name":"Golden Wing","player_choice":"Gained Gold","floor":4.0,"gold_loss":0.0,"damage_taken":0.0},{"damage_healed":0.0,"max_hp_gain":0.0,"max_hp_loss":0.0,"gold_gain":0.0,"event_name":"Vampires","player_choice":"Ignored","floor":19.0,"gold_loss":0.0,"damage_taken":0.0},{"damage_healed":0.0,"max_hp_gain":0.0,"max_hp_loss":0.0,"gold_gain":50.0,"event_name":"Golden Shrine","player_choice":"Pray","floor":22.0,"gold_loss":0.0,"damage_taken":0.0},{"damage_healed":0.0,"max_hp_gain":0.0,"max_hp_loss":0.0,"gold_gain":0.0,"event_name":"Colosseum","player_choice":"Fight","floor":27.0,"gold_loss":0.0,"damage_taken":0.0},{"damage_healed":0.0,"max_hp_gain":0.0,"max_hp_loss":0.0,"gold_gain":0.0,"event_name":"Colosseum","player_choice":"Fought Nobs","floor":27.0,"gold_loss":0.0,"damage_taken":0.0},{"damage_healed":0.0,"max_hp_gain":0.0,"max_hp_loss":0.0,"gold_gain":333.0,"event_name":"The Moai Head","player_choice":"Gave Idol","floor":39.0,"relics_lost":["Golden Idol"],"gold_loss":0.0,"damage_taken":0.0},{"damage_healed":0.0,"max_hp_gain":0.0,"max_hp_loss":0.0,"gold_gain":0.0,"event_name":"MindBloom","player_choice":"Fight","floor":45.0,"gold_loss":0.0,"damage_taken":0.0},{"cards_removed":["Brilliance"],"damage_healed":0.0,"max_hp_gain":0.0,"max_hp_loss":0.0,"gold_gain":0.0,"event_name":"Falling","player_choice":"Removed Attack","floor":48.0,"gold_loss":0.0,"damage_taken":0.0}],"is_beta":false,"boss_relics":[{"not_picked":["Philosopher\u0027s Stone","Snecko Eye"],"picked":"Tiny House"},{"not_picked":["Calling Bell","Runic Dome"],"picked":"Busted Crown"}],"items_purged_floors":[0,20,37,37,46],"is_endless":false,"potions_floor_spawned":[6,8,11,16,21,23,27,27,33,35,36,42,44],"ascension_level":20}}