{"host":"lytueob6x0yvfkof","time":1608725954,"event":{"mods":["Act Like it!","Aspiration","Bard","BaseMod","Beaked The Cultist","Colored Map","Conspire","Downfall","Glutton Mod","Halation","Hallownest","HololiveMod","Hubris","Infinite Spire","Jedi Mod","Mad Scientist","Marisa????????","Mimic Mod","Minty Spire (QoL Compilation)","Potionbrewer","Reimu??????","Remilia??????","Replay The Spire","Somnambulant","StSLib","The Bug Knight","The Clintock","The Construct","The Cursed","The Disciple","The Elementalist","The Exalted","The Forsaken","The Hierophant","The Jungle","The Mystic","The Runesmith","The Servant 0.9.4","TheArtist","TheBandit","Yuyuko","vexMod"],"gold_per_floor":[117,117,72,16,32,65,75,75,75,90,116,134,144,161,161,259,259,273,292,302,302,316,345,90,108,139,139,139,151,151,0,0,0,0],"floor_reached":33,"playtime":3076,"items_purged":["Strike_P"],"score":306,"play_id":"17d812bb-5de9-4400-90b6-060bd801ccd0","local_time":"20201223121914","is_ascension_mode":false,"campfire_choices":[{"data":"Judgement","floor":8.0,"key":"SMITH"},{"floor":15.0,"key":"REST"},{"floor":27,"key":"REST"},{"data":"BattleHymn","floor":32,"key":"SMITH"}],"circlet_count":0,"master_deck":["Strike_P","Strike_P","Strike_P","Defend_P","Defend_P","Defend_P","Defend_P","Eruption","Vigilance","Consecrate","Crescendo","Replay:Hum","FollowUp","Judgement+1","EmptyFist","ReachHeaven","Conclude","DevaForm","CutThroughFate","Replay:AllIn","EmptyBody+1","SashWhip","Wallop","FlyingSleeves","Halt+1","BattleHymn+1","EmptyFist+1","EmptyBody","EmptyMind","CommonCold"],"relics":["PureWater","NeowsBlessing","halation:EternalFortune","infinitespire:PuzzleCube","aspiration:ChemicalBlood","Replay:Baseball","potionbrewer:ToyAutogyro","Replay:Fungal Core","Centennial Puzzle","Orichalcum","Bromod:ArcaneAwakening","hubris:Icosahedron","ReplayTheSpireMod:Ring of Exchange","jedi:fakemustache"],"acts_visited":["Exordium","TheCity"],"potions_floor_usage":[18,18,19,20,23,23,29,29,29,33],"damage_taken":[{"damage":0.0,"enemies":"Jaw Worm","floor":1.0,"turns":1.0},{"damage":0.0,"enemies":"2 Louse","floor":5.0,"turns":1.0},{"damage":0.0,"enemies":"Gremlin Nob","floor":6.0,"turns":1.0},{"damage":0.0,"enemies":"Cultist","floor":7.0,"turns":2.0},{"damage":8.0,"enemies":"Gremlin Gang","floor":10.0,"turns":3.0},{"damage":19.0,"enemies":"Lagavulin","floor":11.0,"turns":3.0},{"damage":0.0,"enemies":"Large Slime","floor":12.0,"turns":3.0},{"damage":9.0,"enemies":"Blue Slaver","floor":13.0,"turns":3.0},{"damage":4.0,"enemies":"2 Fungi Beasts","floor":14.0,"turns":2.0},{"damage":20.0,"enemies":"Fading Forest","floor":16.0,"turns":11.0},{"damage":16,"enemies":"3 Byrds","floor":18,"turns":5},{"damage":5,"enemies":"Chosen","floor":19,"turns":4},{"damage":14,"enemies":"Centurion and Healer","floor":20,"turns":4},{"damage":6,"enemies":"Sentry and Sphere","floor":22,"turns":3},{"damage":6,"enemies":"HollowMod:Nosk","floor":23,"turns":7},{"damage":11,"enemies":"Snake Plant","floor":25,"turns":2},{"damage":7,"enemies":"Shelled Parasite and Fungi","floor":26,"turns":6},{"damage":8,"enemies":"Shelled Parasite and Fungi","floor":29,"turns":4},{"damage":53,"enemies":"Champ","floor":33,"turns":9}],"seed_played":"7892195461158662026","potions_obtained":[{"floor":6.0,"key":"SteroidPotion"},{"floor":10.0,"key":"SkillPotion"},{"floor":11.0,"key":"Fruit Juice"},{"floor":14.0,"key":"potionbrewer:StunPotion"},{"floor":18,"key":"PowerPotion"},{"floor":23,"key":"MagicPotion:ReiMu"},{"floor":25,"key":"Swift Potion"}],"is_trial":false,"path_per_floor":["M","?","$","?","M","E","M","R","T","M","E","M","M","M","R","B",null,"M","M","M","?","M","E","$","M","MIM","R","?","M","?","$","R","B"],"character_chosen":"WATCHER","items_purchased":["Crescendo","Orichalcum","BattleHymn","jedi:fakemustache"],"campfire_rested":2,"item_purchase_floors":[3,24,24,31],"current_hp_per_floor":[72,75,75,75,75,75,75,75,75,67,48,48,39,35,57,47,75,64,59,45,45,39,33,33,25,18,42,42,34,34,44,44,0,0],"gold":0,"neow_bonus":"THREE_ENEMY_KILL","is_daily":false,"chose_seed":false,"campfire_upgraded":2,"win_rate":0.0,"timestamp":1608725954,"path_taken":["M","?","?","?","?","E","M","R","T","M","E","M","M","M","R","BOSS","M","?","M","?","M","E","$","M","MIM","R","?","M","?","$","R","BOSS"],"items_purchased_type":["Card","Relic","Card","Relic"],"build_version":"2020-12-22","purchased_purges":1,"victory":false,"max_hp_per_floor":[72,75,75,75,75,75,75,75,75,75,75,75,75,75,75,75,75,80,80,80,80,80,80,80,83,83,83,83,83,83,83,83,83,83],"card_choices":[{"not_picked":["Replay:AtTheReady","ThirdEye"],"picked":"Consecrate","floor":1.0},{"not_picked":["FlyingSleeves","FollowUp"],"picked":"Replay:Hum","floor":5.0},{"not_picked":["TalkToTheHand","Replay:Cycle"],"picked":"FollowUp","floor":6.0},{"not_picked":["ReachHeaven","JustLucky"],"picked":"Judgement","floor":7.0},{"not_picked":["Replay:AtTheReady","EmptyBody"],"picked":"EmptyFist","floor":10.0},{"not_picked":["Evaluate","ForeignInfluence"],"picked":"ReachHeaven","floor":11.0},{"not_picked":["JustLucky","Consecrate"],"picked":"Conclude","floor":12.0},{"not_picked":["JustLucky","EmptyBody"],"picked":"DevaForm","floor":13.0},{"not_picked":["JustLucky","InnerPeace"],"picked":"CutThroughFate","floor":14.0},{"not_picked":["Ragnarok","Blasphemy"],"picked":"Replay:AllIn","floor":16.0},{"not_picked":["BowlingBash","FollowUp"],"picked":"EmptyBody+1","floor":18},{"not_picked":["Replay:Hum","Evaluate"],"picked":"SashWhip","floor":19},{"not_picked":["EmptyMind","Replay:Hum+1"],"picked":"Wallop","floor":20},{"not_picked":["PathToVictory","jedi:nirvanicrebirth"],"picked":"FlyingSleeves","floor":22},{"not_picked":["BowlingBash+1","Adaptation"],"picked":"Halt+1","floor":23},{"not_picked":["CrushJoints","Crescendo"],"picked":"EmptyFist+1","floor":25},{"not_picked":["Replay:Hum","Prostrate"],"picked":"EmptyBody","floor":26},{"not_picked":["FollowUp","DeceiveReality"],"picked":"EmptyMind","floor":29}],"player_experience":192754,"relics_obtained":[{"floor":6.0,"key":"aspiration:ChemicalBlood"},{"floor":9.0,"key":"Replay:Baseball"},{"floor":11.0,"key":"potionbrewer:ToyAutogyro"},{"floor":23,"key":"Centennial Puzzle"},{"floor":25,"key":"halation:EternalFortune"},{"floor":26,"key":"Bromod:ArcaneAwakening"},{"floor":30,"key":"ReplayTheSpireMod:Ring of Exchange"}],"event_choices":[{"damage_healed":0.0,"max_hp_gain":0.0,"max_hp_loss":0.0,"gold_gain":0.0,"event_name":"WeMeetAgain","player_choice":"Paid Gold","floor":4.0,"gold_loss":56.0,"damage_taken":0.0,"relics_obtained":["infinitespire:PuzzleCube"]}],"is_beta":false,"boss_relics":[{"not_picked":["hubris:RunicObelisk","halation:MonkeysPaw"],"picked":"Replay:Fungal Core"}],"items_purged_floors":[24],"is_endless":false,"potions_floor_spawned":[6,10,11,12,14,16,18,23,25],"killed_by":"Champ","ascension_level":0}}