{"host":"cgaibh95wzkurumv","time":1608685462,"event":{"mods":["BaseMod","Minty Spire (QoL Compilation)","Replay The Spire","StSLib","The Runesmith"],"gold_per_floor":[114,189,204,219,69,99,99,121,121,121,121,136,136,61,61,161,161,176,191,191,41,56,86,101,101,101,101,131,131,230,245,245,345,345,360,375,225,250,44,44,59,59,59,59,59,59],"floor_reached":45,"playtime":1798,"items_purged":[],"score":474,"play_id":"710fbf11-5586-44a8-95e2-81937c5f6f16","local_time":"20201222220422","daily_mods":["SealedDeck","Red Cards","Night Terrors"],"is_ascension_mode":false,"campfire_choices":[{"data":"A Thousand Cuts","floor":13,"key":"SMITH"},{"data":"Noxious Fumes","floor":15,"key":"SMITH"},{"data":"Adrenaline","floor":29,"key":"SMITH"},{"data":"Flame Barrier","floor":32,"key":"SMITH"},{"data":"Tools of the Trade","floor":40,"key":"SMITH"},{"data":"Thunderclap","floor":42,"key":"SMITH"},{"data":"Rage","floor":44,"key":"SMITH"}],"circlet_count":0,"master_deck":["Rage+1","Dagger Spray","Sucker Punch","Dodge and Roll","Expertise","Dagger Throw","PiercingWail","Thunderclap+1","Flame Barrier+1","Hidden Blade","Iron Wave","Noxious Fumes+1","A Thousand Cuts+1","Adrenaline+1","Cleave","A Thousand Cuts+1","Replay:Poison Smokescreen+1","Hallucinations","Tools of the Trade+1","Mind Blast+1","Calculated Gamble+1"],"relics":["Ring of the Snake","Tiny Chest","Mummified Hand","Ring of Peace","Odd Mushroom","Replay:Bottled Snecko","Pocketwatch","Cursed Key","Anchor","Kunai","Omamori","Ginger","Bird Faced Urn","Snecko Heart","Potion Belt","Blue Doll","Vajra","Gambling Chip"],"acts_visited":["Exordium","TheCity","TheBeyond"],"potions_floor_usage":[],"damage_taken":[{"damage":0,"enemies":"2 Louse","floor":1,"turns":2},{"damage":0,"enemies":"Jaw Worm","floor":3,"turns":4},{"damage":0,"enemies":"Small Slimes","floor":4,"turns":3},{"damage":8,"enemies":"Replay:BlueRogue","floor":6,"turns":8},{"damage":0,"enemies":"The Mushroom Lair","floor":8,"turns":4},{"damage":0,"enemies":"2 Fungi Beasts","floor":12,"turns":3},{"damage":11,"enemies":"Hexaghost","floor":16,"turns":9},{"damage":0,"enemies":"Shell Parasite","floor":18,"turns":5},{"damage":0,"enemies":"3 Byrds","floor":19,"turns":3},{"damage":0,"enemies":"Snecko","floor":22,"turns":5},{"damage":6,"enemies":"Gremlin Leader","floor":23,"turns":4},{"damage":0,"enemies":"Shelled Parasite and Fungi","floor":24,"turns":4},{"damage":0,"enemies":"Replay:Snechameleon","floor":28,"turns":5},{"damage":0,"enemies":"Snake Plant","floor":31,"turns":3},{"damage":21,"enemies":"Champ","floor":33,"turns":10},{"damage":0,"enemies":"3 Shapes","floor":35,"turns":3},{"damage":0,"enemies":"3 Darklings","floor":36,"turns":3},{"damage":0,"enemies":"Transient","floor":41,"turns":5},{"damage":140,"enemies":"Maw","floor":45,"turns":3}],"seed_played":"4926568582952100995","potions_obtained":[{"floor":1,"key":"Flashbang"},{"floor":3,"key":"Poison Potion"},{"floor":23,"key":"Fire Potion"},{"floor":41,"key":"ColorlessPotion"}],"is_trial":false,"path_per_floor":["M","?","M","M","$","E","?","?","T","?","T","M","R","$","R","B",null,"M","M","?","$","M","E","M","$","T","T","E","R","?","M","R","B",null,"M","M","$","T","$","R","M","R","T","R","M"],"character_chosen":"THE_SILENT","items_purchased":["Tiny Chest","CunningPotion","Anchor","Potion Belt","Vajra","Mind Blast+1"],"campfire_rested":0,"item_purchase_floors":[5,14,21,37,39,39],"current_hp_per_floor":[70,59,59,59,59,51,51,51,51,44,44,44,44,44,44,33,70,70,70,70,70,70,64,64,64,64,64,64,64,64,70,70,49,70,70,70,70,70,70,70,70,70,70,70,0,0],"gold":59,"neow_bonus":"","is_daily":true,"chose_seed":false,"campfire_upgraded":7,"win_rate":0.0,"timestamp":1608685462,"path_taken":["M","?","M","M","$","E","?","?","T","?","?","M","R","?","R","BOSS","M","M","?","$","?","E","M","$","T","?","E","R","?","?","R","BOSS","M","M","?","?","$","R","M","R","T","R","M"],"items_purchased_type":["Relic","Potion","Relic","Relic","Relic","Card"],"build_version":"2020-12-13","purchased_purges":0,"victory":false,"max_hp_per_floor":[70,70,70,70,70,70,70,70,70,70,70,70,70,70,70,70,70,70,70,70,70,70,70,70,70,70,70,70,70,70,70,70,70,70,70,70,70,70,70,70,70,70,70,70,70,70],"card_choices":[{"not_picked":["Skewer","ReplayTheSpireMod:Tripwire","Pommel Strike"],"picked":"SKIP","floor":1},{"not_picked":["Hemokinesis","Clothesline"],"picked":"Hidden Blade","floor":3},{"not_picked":["Dodge and Roll","Deadly Poison"],"picked":"Iron Wave","floor":4},{"not_picked":["Heavy Blade","Blade Dance"],"picked":"Noxious Fumes","floor":6},{"not_picked":["Flex","Carnage"],"picked":"A Thousand Cuts","floor":8},{"not_picked":["Deflect","Dagger Throw","Thunderclap"],"picked":"SKIP","floor":12},{"not_picked":["Fiend Fire","Malaise"],"picked":"Adrenaline","floor":16},{"not_picked":["Dagger Throw","Replay:Undeath\u0027s Touch","Body Slam"],"picked":"SKIP","floor":18},{"not_picked":["Whirlwind","Clothesline+1"],"picked":"Cleave","floor":19},{"not_picked":["Outmaneuver","Warcry+1"],"picked":"Replay:Poison Smokescreen+1","floor":22},{"not_picked":["Hidden Blade","Anger+1","Warcry"],"picked":"SKIP","floor":23},{"not_picked":["Heavy Blade+1","Burst","Poisoned Stab+1"],"picked":"SKIP","floor":24},{"not_picked":["Acrobatics","Dark Embrace","Slice"],"picked":"SKIP","floor":28},{"not_picked":["True Grit+1","Bouncing Flask","Rampage"],"picked":"SKIP","floor":31},{"not_picked":["Grand Finale","Phantasmal Killer"],"picked":"Tools of the Trade","floor":33},{"not_picked":["Bouncing Flask+1","Hidden Blade","Prepared"],"picked":"SKIP","floor":35},{"not_picked":["Sword Boomerang+1","Quick Slash+1","ReplayTheSpireMod:Strike From Hell"],"picked":"SKIP","floor":36},{"not_picked":["Whirlwind+1","Thunderclap"],"picked":"Calculated Gamble+1","floor":41}],"player_experience":238521,"relics_obtained":[{"floor":6,"key":"Mummified Hand"},{"floor":7,"key":"Ring of Peace"},{"floor":8,"key":"Odd Mushroom"},{"floor":9,"key":"Replay:Bottled Snecko"},{"floor":11,"key":"Pocketwatch"},{"floor":23,"key":"Kunai"},{"floor":26,"key":"Omamori"},{"floor":27,"key":"Ginger"},{"floor":28,"key":"Bird Faced Urn"},{"floor":38,"key":"Blue Doll"},{"floor":43,"key":"Gambling Chip"}],"event_choices":[{"damage_healed":0,"gold_gain":75,"player_choice":"Gather Gold","damage_taken":11,"max_hp_gain":0,"max_hp_loss":0,"event_name":"World of Goop","floor":2,"gold_loss":0},{"damage_healed":0,"gold_gain":0,"player_choice":"Fought Mushrooms","damage_taken":0,"max_hp_gain":0,"max_hp_loss":0,"event_name":"Mushrooms","floor":8,"gold_loss":0},{"cards_removed":["Deflect"],"damage_healed":0,"gold_gain":0,"player_choice":"Card Removal","damage_taken":7,"max_hp_gain":0,"max_hp_loss":0,"event_name":"Golden Wing","floor":10,"gold_loss":0},{"damage_healed":0,"gold_gain":0,"player_choice":"Copied","damage_taken":0,"max_hp_gain":0,"max_hp_loss":0,"event_name":"Duplicator","floor":20,"gold_loss":0,"cards_obtained":["A Thousand Cuts"]},{"damage_healed":0,"gold_gain":99,"player_choice":"Stole From Cult","damage_taken":0,"max_hp_gain":0,"max_hp_loss":0,"event_name":"Nest","floor":30,"gold_loss":0}],"is_beta":false,"boss_relics":[{"not_picked":["Replay:Bronze Core","Honey Jar"],"picked":"Cursed Key"},{"not_picked":["HoveringKite","Snecko Eye"],"picked":"Snecko Heart"}],"items_purged_floors":[],"is_endless":false,"potions_floor_spawned":[1,3,23,28,31,33,36,41],"killed_by":"Maw","ascension_level":0}}