{"host":"svwqvw2il1zfkkg0","time":1608760794,"event":{"mods":["AchievementEnabler","BaseMod","BetterRewards","Colored Map","Colored Powertips","Custom Start","Downfall","GifTheSpireLib","Highlight Path","Hubris","Infinite Spire","Minty Spire (QoL Compilation)","Quick Restart","Replay The Spire","Shop Mod","StSLib","SuperFastMode"],"gold_per_floor":[111,111,163,176,191,191,209,239,312,323,352,352,363,363,363,468,468,479,496,166,180,191,191,191,209,209,225,125,135,146,146,146,146,146],"floor_reached":33,"playtime":1165,"items_purged":["Replay:Hysterical Blindness","Voices"],"score":338,"play_id":"00bde47c-777d-409a-a48c-e27afab87cc2","local_time":"20201223135954","is_ascension_mode":false,"campfire_choices":[{"floor":6,"key":"REST"},{"floor":12,"key":"REST"},{"data":"Cloak And Dagger","floor":15,"key":"SMITH"},{"data":"1","floor":23,"key":"LIFT"},{"floor":32,"key":"REST"}],"circlet_count":0,"master_deck":["Strike_G","Strike_G+1","Strike_G+1","Strike_G","Strike_G","Defend_G","Defend_G","Defend_G","Defend_G","Defend_G","Survivor","Neutralize","Cloak And Dagger+1","ReplayTheSpireMod:Splinters","Backstab","Cloak And Dagger","Blade Dance","Corpse Explosion","Pot Of Greed","Pot Of Greed","Leg Sweep","Flying Knee","Quick Slash","Dagger Throw","Cloak And Dagger","Bullet Time","Pot Of Greed","Hallucinations","Sucker Punch+1","Bullet Time","Blade Dance+1","Neutralize","Atom Bomb","Hidden Blade","Die Die Die","Blade Dance+1","Decay","Pot Of Greed"],"relics":["Ring of the Snake","Mummified Hand","Grinning Jar","InkBottle","Snack Pack","Replay:Ancient Bell","Bronze Scales","Shuriken","Girya","Pear","infinitespire:WardingShard"],"acts_visited":["Exordium","TheCity"],"potions_floor_usage":[8,8,11,16,18,25,27,30,33],"damage_taken":[{"damage":0,"enemies":"2 Louse","floor":1,"turns":2},{"damage":6,"enemies":"Jaw Worm","floor":4,"turns":3},{"damage":4,"enemies":"infinitespire:Voidling","floor":5,"turns":3},{"damage":0,"enemies":"Looter","floor":7,"turns":2},{"damage":3,"enemies":"Replay:BlueRogue","floor":8,"turns":3},{"damage":0,"enemies":"Red Slaver","floor":10,"turns":3},{"damage":21,"enemies":"3 Sentries","floor":11,"turns":3},{"damage":2,"enemies":"Lots of Slimes","floor":13,"turns":3},{"damage":18,"enemies":"Slime Boss","floor":16,"turns":11},{"damage":20,"enemies":"2 Thieves","floor":18,"turns":2},{"damage":0,"enemies":"3 Byrds","floor":19,"turns":2},{"damage":20,"enemies":"Centurion and Healer","floor":21,"turns":6},{"damage":14,"enemies":"Sentry and Sphere","floor":22,"turns":5},{"damage":17,"enemies":"Snecko","floor":25,"turns":4},{"damage":25,"enemies":"Snake Plant","floor":27,"turns":3},{"damage":15,"enemies":"Shelled Parasite and Fungi","floor":29,"turns":4},{"damage":6,"enemies":"Centurion and Healer","floor":30,"turns":4},{"damage":62,"enemies":"Automaton","floor":33,"turns":6}],"seed_played":"-6134910938056711456","potions_obtained":[{"floor":3,"key":"Ancient Potion"},{"floor":4,"key":"champ:CounterPotion"},{"floor":5,"key":"Fire Potion"},{"floor":8,"key":"GamblersBrew"},{"floor":13,"key":"ColorlessPotion"},{"floor":16,"key":"SkillPotion"},{"floor":21,"key":"champ:CounterPotion"},{"floor":25,"key":"SteroidPotion"},{"floor":27,"key":"LiquidBronze"}],"is_trial":false,"path_per_floor":["M","?","?","M","M","R","M","E","T","M","E","R","M","?","R","B",null,"M","M","$","M","M","R","?","M","T","M","$","M","M","?","R","B"],"character_chosen":"THE_SILENT","items_purchased":["Pear"],"campfire_rested":3,"item_purchase_floors":[20],"current_hp_per_floor":[77,62,62,56,52,75,75,72,72,72,51,74,74,74,74,71,77,57,59,69,59,53,53,53,40,40,21,21,16,18,18,44,0,0],"gold":146,"neow_bonus":"TEN_PERCENT_HP_BONUS","is_daily":false,"chose_seed":false,"campfire_upgraded":1,"win_rate":0.0,"timestamp":1608760794,"path_taken":["M","?","?","M","M","R","M","E","T","M","E","R","?","?","R","BOSS","M","M","$","M","M","R","?","M","T","M","$","M","?","?","R","BOSS"],"items_purchased_type":["Relic"],"build_version":"2020-12-22","purchased_purges":2,"victory":false,"max_hp_per_floor":[77,77,77,77,77,77,77,77,77,77,77,77,77,77,77,77,77,77,77,87,87,87,87,87,87,87,87,87,87,87,87,87,87,87],"card_choices":[{"not_picked":["Blade Dance","All Out Attack"],"picked":"Cloak And Dagger","floor":1},{"not_picked":["Bane","Deadly Poison"],"picked":"Backstab","floor":3},{"not_picked":["Deadly Poison","Slice"],"picked":"Cloak And Dagger","floor":4},{"not_picked":["Flying Knee","All Out Attack"],"picked":"Blade Dance","floor":5},{"not_picked":["Caltrops","Deflect"],"picked":"Corpse Explosion","floor":7},{"not_picked":["Flying Knee","Prepared"],"picked":"Leg Sweep","floor":8},{"not_picked":["Deadly Poison","Deflect"],"picked":"Flying Knee","floor":10},{"not_picked":["Poisoned Stab","Slice"],"picked":"Quick Slash","floor":11},{"not_picked":["Backflip","Prepared"],"picked":"Dagger Throw","floor":13},{"not_picked":["Die Die Die","Poison Darts"],"picked":"Bullet Time","floor":16},{"not_picked":["Normality","ReplayTheSpireMod:Faulty Equipment"],"picked":"Voices","floor":17},{"not_picked":["ReplayTheSpireMod:Doomed","CurseOfTheBell"],"picked":"Replay:Hysterical Blindness","floor":17},{"not_picked":["Normality","hexamod:Haunted"],"picked":"Hallucinations","floor":17},{"not_picked":["Slice","hubris:SlightOfHand","Deflect+1"],"picked":"SKIP","floor":18},{"not_picked":["Quick Slash+1","Dodge and Roll+1"],"picked":"Sucker Punch+1","floor":19},{"not_picked":["Acrobatics","Bane+1"],"picked":"Bullet Time","floor":21},{"not_picked":["Replay:Poison Smokescreen+1","Dagger Spray+1"],"picked":"Blade Dance+1","floor":22},{"not_picked":["Deadly Poison+1","Terror","Deflect"],"picked":"SKIP","floor":25},{"not_picked":["ReplayTheSpireMod:The Works","Expertise+1"],"picked":"Hidden Blade","floor":27},{"not_picked":["Expertise+1","Cloak And Dagger"],"picked":"Die Die Die","floor":29},{"not_picked":["Deflect","Replay:Poison Smokescreen+1"],"picked":"Blade Dance+1","floor":30}],"player_experience":415503,"relics_obtained":[{"floor":3,"key":"Mummified Hand"},{"floor":8,"key":"Grinning Jar"},{"floor":9,"key":"InkBottle"},{"floor":11,"key":"Snack Pack"},{"floor":26,"key":"infinitespire:WardingShard"}],"event_choices":[{"damage_healed":0,"gold_gain":0,"player_choice":"Entered Light","damage_taken":15,"max_hp_gain":0,"max_hp_loss":0,"event_name":"Shining Light","floor":2,"gold_loss":0,"cards_upgraded":["Strike_G","Strike_G"]},{"damage_healed":0,"gold_gain":0,"player_choice":"1 cards matched","damage_taken":0,"max_hp_gain":0,"max_hp_loss":0,"event_name":"Match and Keep!","floor":14,"gold_loss":0,"cards_obtained":["Cloak And Dagger"]},{"damage_healed":0,"gold_gain":0,"player_choice":"2 cards matched","damage_taken":0,"max_hp_gain":0,"max_hp_loss":0,"event_name":"Match and Keep!","floor":24,"gold_loss":0,"cards_obtained":["Neutralize","Atom Bomb"]},{"damage_healed":0,"gold_gain":0,"player_choice":"Smashed Altar","damage_taken":0,"max_hp_gain":0,"max_hp_loss":0,"event_name":"Forgotten Altar","floor":31,"gold_loss":0,"cards_obtained":["Decay"]}],"is_beta":false,"boss_relics":[{"not_picked":["Painkiller Herb","Replay:Drink Me"],"picked":"Replay:Ancient Bell"},{"not_picked":["Omamori","Dream Catcher"],"picked":"Bronze Scales"},{"not_picked":["hubris:TinFlute","Question Card"],"picked":"Shuriken"},{"not_picked":["infinitespire:Lychee Nut","Byrd Skull"],"picked":"Girya"}],"items_purged_floors":[20,28],"is_endless":false,"potions_floor_spawned":[4,5,8,13,16,21,25,27],"killed_by":"Automaton","ascension_level":0}}