{"host":"g9y2ptialarrkhtq","time":1608720441,"event":{"mods":["BaseMod","Minty Spire (QoL Compilation)","StSLib","[地精首领爬塔]The Maniac"],"gold_per_floor":[168,182,182,200,211,238,258,284,284,298,353,323,343,394,394,497,497,511,176,176,181,191,191,215,215,215,215,241,241,340,168,168,262,262,287,162,162,169,169,203,212,234,234,234,255,255,266,268,268,260,260,260,53,79,70],"floor_reached":56,"playtime":4902,"items_purged":["maniac:Strike","maniac:Strike","maniac:Strike","maniac:Strike"],"score":1387,"play_id":"6de2465f-c873-48b2-b692-2699c3163b79","local_time":"20201223184721","is_ascension_mode":true,"campfire_choices":[{"floor":15.0,"key":"REST"},{"data":"maniac:StormOfTime","floor":23.0,"key":"SMITH"},{"data":"maniac:BladeArtist","floor":25.0,"key":"SMITH"},{"data":"maniac:Deal","floor":27.0,"key":"SMITH"},{"data":"maniac:Deal+1","floor":29.0,"key":"SMITH"},{"data":"maniac:Deal+2","floor":32.0,"key":"SMITH"},{"floor":46,"key":"REST"},{"floor":49,"key":"RECALL"},{"data":"maniac:Deal+3","floor":52,"key":"SMITH"}],"circlet_count":0,"master_deck":["maniac:Strike","maniac:Defend","maniac:Defend","maniac:Defend","maniac:Defend+1","maniac:BurnBlood","maniac:AbyssShackle","maniac:ShelteringEdge","maniac:ArmToTheTeeth","maniac:Reforge","maniac:BladeArtist+1","maniac:StormOfTime+1","maniac:ShatteredShield","maniac:BladesInCloak","maniac:Deal+4","maniac:HammerStrike","maniac:TimeForm","Madness","Madness","maniac:Traceback"],"relics":["maniac:BrokenHorn","Tiny House","NlothsMask","PreservedInsect","Regal Pillow","TungstenRod","Busted Crown","Matryoshka","White Beast Statue","Meat on the Bone","Pear","Black Star","maniac:SmartDetector","Bottled Lightning","Gremlin Horn","Lantern","Omamori","Smiling Mask","Pen Nib","Pantograph","Anchor","ClockworkSouvenir","Eternal Feather","Bag of Marbles"],"acts_visited":["Exordium","TheCity","TheBeyond","TheEnding"],"potions_floor_usage":[38,40,41,47,50,55,55,55],"damage_taken":[{"damage":3.0,"enemies":"Cultist","floor":1.0,"turns":5.0},{"damage":0.0,"enemies":"Small Slimes","floor":2.0,"turns":3.0},{"damage":0.0,"enemies":"2 Louse","floor":4.0,"turns":3.0},{"damage":8.0,"enemies":"Blue Slaver","floor":5.0,"turns":5.0},{"damage":23.0,"enemies":"3 Sentries","floor":6.0,"turns":16.0},{"damage":6.0,"enemies":"Red Slaver","floor":7.0,"turns":5.0},{"damage":9.0,"enemies":"Lagavulin","floor":8.0,"turns":5.0},{"damage":6.0,"enemies":"Lots of Slimes","floor":10.0,"turns":6.0},{"damage":24.0,"enemies":"Gremlin Nob","floor":11.0,"turns":4.0},{"damage":0.0,"enemies":"Looter","floor":12.0,"turns":4.0},{"damage":0.0,"enemies":"3 Louse","floor":13.0,"turns":4.0},{"damage":22.0,"enemies":"Hexaghost","floor":16.0,"turns":10.0},{"damage":26.0,"enemies":"2 Thieves","floor":18.0,"turns":5.0},{"damage":18.0,"enemies":"Spheric Guardian","floor":21.0,"turns":5.0},{"damage":0.0,"enemies":"Snecko","floor":22.0,"turns":4.0},{"damage":2.0,"enemies":"Gremlin Leader","floor":24.0,"turns":3.0},{"damage":12.0,"enemies":"Book of Stabbing","floor":28.0,"turns":3.0},{"damage":28.0,"enemies":"Champ","floor":33.0,"turns":7.0},{"damage":12.0,"enemies":"Orb Walker","floor":35.0,"turns":5.0},{"damage":0,"enemies":"3 Darklings","floor":38,"turns":5},{"damage":60,"enemies":"Reptomancer","floor":40,"turns":3},{"damage":14,"enemies":"Sphere and 2 Shapes","floor":41,"turns":4},{"damage":0,"enemies":"Giant Head","floor":42,"turns":5},{"damage":29,"enemies":"Reptomancer","floor":45,"turns":5},{"damage":8,"enemies":"Jaw Worm Horde","floor":47,"turns":3},{"damage":0,"enemies":"Maw","floor":48,"turns":4},{"damage":23,"enemies":"Awakened One","floor":50,"turns":9},{"damage":46,"enemies":"Shield and Spear","floor":54,"turns":5},{"damage":64,"enemies":"The Heart","floor":55,"turns":8}],"seed_played":"2007716913655161664","potions_obtained":[{"floor":0.0,"key":"EssenceOfSteel"},{"floor":4.0,"key":"Ancient Potion"},{"floor":7.0,"key":"DistilledChaos"},{"floor":8.0,"key":"GamblersBrew"},{"floor":11.0,"key":"DuplicationPotion"},{"floor":13.0,"key":"Explosive Potion"},{"floor":16.0,"key":"PowerPotion"},{"floor":22.0,"key":"DistilledChaos"},{"floor":28.0,"key":"Strength Potion"},{"floor":33.0,"key":"ColorlessPotion"},{"floor":35.0,"key":"ColorlessPotion"},{"floor":38,"key":"Block Potion"},{"floor":40,"key":"LiquidMemories"},{"floor":41,"key":"Swift Potion"},{"floor":42,"key":"Weak Potion"},{"floor":45,"key":"DistilledChaos"},{"floor":47,"key":"PowerPotion"},{"floor":54,"key":"CultistPotion"}],"is_trial":false,"path_per_floor":["M","M","?","M","M","E","M","E","T","M","?","M","M","?","R","B",null,"M","$","?","M","M","R","E","R","T","R","E","R","?","$","R","B",null,"M","$","?","M","?","E","M","E","T","T","E","R","M","M","R","B",null,"R","$","E","B",null],"character_chosen":"THE_MANIAC","items_purchased":["Matryoshka","DuplicationPotion","ClockworkSouvenir"],"campfire_rested":2,"item_purchase_floors":[19,31,53],"current_hp_per_floor":[82,82,82,82,74,51,45,36,36,30,6,6,6,6,46,24,85,59,59,95,77,77,77,75,75,75,75,73,73,73,73,73,57,105,93,93,93,93,81,33,31,43,43,43,26,72,64,64,64,66,105,105,105,59,32],"gold":70,"neow_bonus":"BOSS_RELIC","is_daily":false,"chose_seed":false,"campfire_upgraded":6,"win_rate":0.0,"timestamp":1608720441,"path_taken":["M","M","?","M","?","E","M","E","T","M","?","M","M","?","R","BOSS","M","$","?","?","?","R","E","R","T","R","E","R","?","$","R","BOSS","M","$","?","M","?","E","M","E","T","?","E","R","M","M","R","BOSS","R","$","E","BOSS"],"items_purchased_type":["Relic","Potion","Relic"],"build_version":"2020-12-22","purchased_purges":4,"victory":true,"max_hp_per_floor":[85,85,85,85,85,85,85,85,85,85,85,85,85,85,85,85,85,85,85,95,95,95,95,95,95,95,95,105,105,105,105,105,105,105,105,105,105,105,105,105,105,105,105,105,105,105,105,105,105,105,105,105,105,105,105],"card_choices":[{"not_picked":["maniac:Confront","maniac:PanickyParry"],"picked":"maniac:ShelteringEdge","floor":0.0},{"not_picked":["maniac:BladeShoot","maniac:WardAndDefend"],"picked":"maniac:ArmToTheTeeth","floor":1.0},{"not_picked":["maniac:BladesInCloak","maniac:UndyingDesire","maniac:ListenToNone"],"picked":"SKIP","floor":2.0},{"not_picked":["maniac:ShelteringEdge","maniac:ColdHeart"],"picked":"maniac:Reforge","floor":4.0},{"not_picked":["maniac:SpectralKnives","maniac:PanickyParry","maniac:Intimidate"],"picked":"SKIP","floor":5.0},{"not_picked":["maniac:Simulacrum","maniac:ShiftingShadows"],"picked":"maniac:BladeArtist","floor":6.0},{"not_picked":["maniac:DashForward","maniac:Refine","maniac:EndOfTheRoad"],"picked":"SKIP","floor":7.0},{"not_picked":["maniac:SecretBackups","maniac:DashForward"],"picked":"maniac:StormOfTime","floor":8.0},{"not_picked":["maniac:MeleeStrike","maniac:Intimidate","maniac:ListenToNone"],"picked":"SKIP","floor":10.0},{"not_picked":["maniac:Feint","maniac:ListenToNone"],"picked":"maniac:ShatteredShield","floor":11.0},{"not_picked":["maniac:Confront","maniac:Whirlscythe"],"picked":"maniac:BladesInCloak","floor":12.0},{"not_picked":["maniac:SpectralFlash","maniac:ShelteringEdge"],"picked":"maniac:ShadowContact","floor":13.0},{"not_picked":["maniac:StormOfTime","maniac:RallyToMe"],"picked":"maniac:Deal","floor":16.0},{"not_picked":["maniac:EndOfTheRoad"],"picked":"SKIP","floor":18.0},{"not_picked":["maniac:ArmToTheTeeth+1"],"picked":"SKIP","floor":21.0},{"not_picked":["maniac:ShelteringEdge"],"picked":"SKIP","floor":22.0},{"not_picked":[],"picked":"maniac:HammerStrike","floor":24.0},{"not_picked":["maniac:Confront"],"picked":"SKIP","floor":28.0},{"not_picked":[],"picked":"maniac:TimeForm","floor":33.0},{"not_picked":["maniac:Refine+1"],"picked":"SKIP","floor":35.0},{"not_picked":["maniac:ListenToNone+1"],"picked":"SKIP","floor":38},{"not_picked":["maniac:PanickyParry+1"],"picked":"SKIP","floor":40},{"not_picked":[],"picked":"maniac:Traceback","floor":41},{"not_picked":["maniac:PerceiveDanger"],"picked":"SKIP","floor":42},{"not_picked":["maniac:ExpectedMoves"],"picked":"SKIP","floor":45},{"not_picked":["maniac:UndyingDesire"],"picked":"SKIP","floor":47},{"not_picked":["maniac:WardAndDefend+1"],"picked":"SKIP","floor":48},{"not_picked":["maniac:ForsakenHand"],"picked":"SKIP","floor":54}],"player_experience":105457,"relics_obtained":[{"floor":6.0,"key":"PreservedInsect"},{"floor":8.0,"key":"Regal Pillow"},{"floor":11.0,"key":"TungstenRod"},{"floor":24.0,"key":"White Beast Statue"},{"floor":26.0,"key":"Meat on the Bone"},{"floor":28.0,"key":"Pear"},{"floor":40,"key":"maniac:SmartDetector"},{"floor":40,"key":"Bottled Lightning"},{"floor":42,"key":"Gremlin Horn"},{"floor":42,"key":"Lantern"},{"floor":43,"key":"Omamori"},{"floor":43,"key":"Smiling Mask"},{"floor":44,"key":"Pen Nib"},{"floor":45,"key":"Pantograph"},{"floor":45,"key":"Anchor"},{"floor":54,"key":"Eternal Feather"},{"floor":54,"key":"Bag of Marbles"}],"event_choices":[{"damage_healed":0.0,"max_hp_gain":0.0,"max_hp_loss":0.0,"gold_gain":0.0,"event_name":"FaceTrader","player_choice":"Trade","floor":3.0,"gold_loss":0.0,"damage_taken":0.0,"relics_obtained":["NlothsMask"]},{"damage_healed":0.0,"max_hp_gain":0.0,"max_hp_loss":0.0,"gold_gain":30.0,"event_name":"Dead Adventurer","player_choice":"Searched \u00272\u0027 times","floor":11.0,"gold_loss":0.0,"damage_taken":0.0},{"damage_healed":0.0,"max_hp_gain":0.0,"max_hp_loss":0.0,"gold_gain":51.0,"event_name":"Golden Wing","player_choice":"Gained Gold","floor":14.0,"gold_loss":0.0,"damage_taken":0.0},{"cards_removed":["maniac:ShadowContact"],"damage_healed":26.0,"max_hp_gain":10.0,"max_hp_loss":0.0,"gold_gain":0.0,"event_name":"Bonfire Elementals","player_choice":"Offered Rare","floor":20.0,"gold_loss":0.0,"damage_taken":0.0},{"damage_healed":0.0,"max_hp_gain":0.0,"max_hp_loss":0.0,"gold_gain":99.0,"event_name":"Nest","player_choice":"Stole From Cult","floor":30.0,"gold_loss":0.0,"damage_taken":0.0},{"damage_healed":0,"gold_gain":0,"player_choice":"Ignored","damage_taken":0,"max_hp_gain":0,"max_hp_loss":0,"event_name":"Mysterious Sphere","floor":37,"gold_loss":0},{"damage_healed":0,"gold_gain":0,"player_choice":"Embrace Madness","damage_taken":13,"max_hp_gain":0,"max_hp_loss":0,"event_name":"Winding Halls","floor":39,"gold_loss":0,"cards_obtained":["Madness","Madness"]}],"is_beta":false,"boss_relics":[{"not_picked":["Runic Dome","Velvet Choker"],"picked":"Busted Crown"},{"not_picked":["Fusion Hammer","Astrolabe"],"picked":"Black Star"}],"items_purged_floors":[19,31,36,53],"is_endless":false,"potions_floor_spawned":[4,7,8,11,13,16,22,28,33,35,38,40,41,42,45,47,48,54],"ascension_level":1}}