{"host":"irqpc5dtltfquxh7","time":1608725375,"event":{"mods":["2.2 Compatiblity","AchievementEnabler","Act Like it!","Ascension Reborn","Aspiration","BaseMod","Better Third Choice","BetterRewards","CapriCore","Colored Map","Colored Powertips","Conspire","Friendly Minions","Halation","Highlight Path","Hubris","Infinite Spire","Jedi Mod","Minty Spire (QoL Compilation)","MostiFishMod","Permanent Neow","Replay The Spire","RumiaBox-????????","Shop Mod","Spicy Shops","Spikes Relics","StSLib","Strawberry Spire","Unknown Chances","Waifu the Spire","vexMod","???????????mod"],"gold_per_floor":[130,142,19,31,6,39,39],"floor_reached":6,"playtime":495,"items_purged":[],"score":71,"play_id":"6dd30fe8-6e3f-4757-84d8-aa0326a3dedb","local_time":"20201223180935","is_ascension_mode":true,"campfire_choices":[],"circlet_count":0,"master_deck":["AT_purpleEX","AT_purpleEX","AT_purpleEX","AT_purpleEX","Defend_purpleEX","Defend_purpleEX","Defend_purpleEX","Defend_purpleEX","Observe_purple_1","Observe_purple_2","BarrageBoundary_PipeDream_purple","DimensionStaggered_purple","OmniscientAndOmnipotent_Monster_purple","CommonSense_AntiCommonSense_purple","ExistenceContinue_purple"],"relics":["Boundary_crack","Memoryfragments_purpleEX","DaveBox","BirthdayGift-Tetrahedron","Anchor"],"acts_visited":["Exordium"],"potions_floor_usage":[4],"damage_taken":[{"damage":2,"enemies":"2 Louse","floor":1,"turns":2},{"damage":2,"enemies":"Small Slimes","floor":2,"turns":2},{"damage":2,"enemies":"Jaw Worm","floor":4,"turns":2},{"damage":23,"enemies":"3 Sentries","floor":6,"turns":3}],"seed_played":"-2448058070779118257","potions_obtained":[{"floor":1,"key":"jedi:StrikingPotion"},{"floor":2,"key":"Weak Potion"}],"is_trial":false,"path_per_floor":["M","M","$","M","?","E"],"character_chosen":"Youkari","items_purchased":["CommonSense_AntiCommonSense_purple"],"campfire_rested":0,"item_purchase_floors":[3],"current_hp_per_floor":[68,69,69,67,67,46,46],"gold":39,"neow_bonus":"ONE_RANDOM_RARE_CARD","is_daily":false,"chose_seed":false,"campfire_upgraded":0,"win_rate":0.0,"timestamp":1608725375,"path_taken":["M","M","$","M","?","E"],"items_purchased_type":["Card"],"build_version":"2020-12-22","purchased_purges":0,"victory":false,"max_hp_per_floor":[70,70,70,70,70,70,70],"card_choices":[{"not_picked":["Shallow_ocean_purpleEX","ButterflyHabitatTemple_purple"],"picked":"DimensionStaggered_purple","floor":1},{"not_picked":["Line_surface_state_purple","Charmbait_purple"],"picked":"OmniscientAndOmnipotent_Monster_purple","floor":2},{"not_picked":["Realm_recovery_purpleEX","Shallow_ocean_purpleEX","StateErode_purple"],"picked":"SKIP","floor":4},{"not_picked":["PositiveMatter_Antimatter_Universe_purple","DimensionStaggered_purple"],"picked":"ExistenceContinue_purple","floor":6}],"player_experience":402142,"relics_obtained":[{"floor":6,"key":"Anchor"}],"event_choices":[],"is_beta":false,"boss_relics":[],"items_purged_floors":[],"is_endless":false,"potions_floor_spawned":[1,2],"killed_by":"3 Sentries","ascension_level":0}}