{"host":"1sep654oresgee70","time":1608757657,"event":{"mods":["2.2 Compatiblity","Aspiration","BaseMod","Better Altar","Better Match","Better Note","Better Sensory Stone","Better Skull","Better Third Choice","Better Vampires","Better-Laid Plans","BetterRewards","Block Reminder","Conspire","Curses Come First","Displayed Cursed Tome","Gold Saver","Hubris","Infinite Spire","Minty Spire (QoL Compilation)","Potion Indicator Mod","Quick Restart","Red Circlet Mod","Replay The Spire","Shop Mod","Spicy Shops","StSLib","The Blue Laboratory","Thieving Mod","Transform Curses","Unceasing Turn Reminder","UnlockEverythingMod"],"gold_per_floor":[110,129,78,93,268,268,296,296,296,296,23,48,84,113,113,231,231,257,286,286,318,10,10,32,78,78,130,130,130,156,176,176,298,298,351,37,68,68,68,68,107,143,143,188,188,188,229,275,275,399,399,441,341,341,385,385,427,427,408,408],"floor_reached":59,"playtime":2503,"items_purged":[],"score":1085,"play_id":"0da5395c-2c86-4f9f-898c-5238fb9c771a","local_time":"20201223220737","is_ascension_mode":true,"campfire_choices":[{"floor":6,"key":"REST"},{"floor":8,"key":"REST"},{"floor":15,"key":"RECALL"},{"data":"Electrodynamics","floor":23,"key":"SMITH"},{"floor":32,"key":"REST"},{"data":"infinitespire:Punishment","floor":40,"key":"SMITH"},{"floor":46,"key":"REST"},{"floor":49,"key":"REST"},{"data":"Ball Lightning","floor":58,"key":"SMITH"}],"circlet_count":0,"master_deck":["Zap","Dualcast","Deep Breath","FIFO Queue","Coolheaded","Barrage","Chill","ReplayGash","Self Repair","Go for the Eyes","Replay:Bootleg Shield Generator","ReplayTheSpireMod:Calculation Training","Ball Lightning+1","Turbo","Electrodynamics+1","Sweeping Beam+1","Glacier","Electrodynamics+1","Loop+1","Static Discharge","Coolheaded","Coolheaded+1","ReplayTheSpireMod:Dual Polarity+1","Thunder Strike","hubris:Fate+1","Consecrate+1","Redo","After Image","Beam Cell","ReplayTheSpireMod:System Scan","Go for the Eyes","Doom and Gloom","Reinforced Body","Reinforced Body","Buffer","Meteor Strike","Anger","Replay:BasicMightCard+1","infinitespire:Punishment+1","Replay:Cycle+1","Predator+1","Sanctity+1","Clothesline+1","TalkToTheHand+1","hubris:DoWhile","ThirdEye","conspire:SpireCoStock","conspire:SpireCoStock","Turbo","Electrodynamics","Flying Knee"],"relics":["Cracked Core","infinitespire:WardingShard","Replay:Bandana","Iron Hammer","Du-Vu Doll","conspire:Flyswatter","ChewingGum","Replay:Wax Seal","Lee\u0027s Waffle","Sling","hubris:SphereOfDissonance","Letter Opener","PrismaticShard","infinitespire:EvilPickle","Pandora\u0027s Box","Mango","Strawberry","hubris:ToyBattleship","Spirit Poop","Kunai","hubris:HollowSoul","hubris:Icosahedron","infinitespire:Eraser"],"acts_visited":["Exordium","TheCity","TheBeyond","Exordium"],"potions_floor_usage":[7,7,14,30,30,48,48,50,57,57],"damage_taken":[{"damage":1,"enemies":"Cultist","floor":1,"turns":4},{"damage":20,"enemies":"Small Slimes","floor":2,"turns":3},{"damage":6,"enemies":"Jaw Worm","floor":4,"turns":5},{"damage":22,"enemies":"3 Sentries","floor":7,"turns":6},{"damage":13,"enemies":"2 Fungi Beasts","floor":12,"turns":3},{"damage":11,"enemies":"Replay:BlueRogue","floor":13,"turns":6},{"damage":0,"enemies":"Exordium Thugs","floor":14,"turns":5},{"damage":34,"enemies":"Slime Boss","floor":16,"turns":12},{"damage":16,"enemies":"2 Thieves","floor":18,"turns":4},{"damage":14,"enemies":"Spheric Guardian","floor":19,"turns":4},{"damage":6,"enemies":"Centurion and Healer","floor":21,"turns":5},{"damage":1,"enemies":"3 Cultists","floor":24,"turns":4},{"damage":17,"enemies":"Nightmare","floor":25,"turns":7},{"damage":0,"enemies":"conspire:Head Lice","floor":27,"turns":5},{"damage":5,"enemies":"Shelled Parasite and Fungi","floor":30,"turns":4},{"damage":30,"enemies":"conspire:HollyBat","floor":31,"turns":12},{"damage":15,"enemies":"Pondfish","floor":33,"turns":7},{"damage":0,"enemies":"3 Shapes","floor":35,"turns":3},{"damage":16,"enemies":"Orb Walker","floor":37,"turns":2},{"damage":13,"enemies":"Giant Head","floor":41,"turns":8},{"damage":19,"enemies":"Spire Growth","floor":42,"turns":3},{"damage":33,"enemies":"4 Shapes","floor":44,"turns":4},{"damage":27,"enemies":"Reptomancer","floor":47,"turns":4},{"damage":34,"enemies":"3 Darklings","floor":48,"turns":2},{"damage":51,"enemies":"Time Eater","floor":50,"turns":10},{"damage":0,"enemies":"2 Louse","floor":52,"turns":2},{"damage":0,"enemies":"Jaw Worm","floor":55,"turns":2},{"damage":0,"enemies":"Lagavulin","floor":57,"turns":6},{"damage":36,"enemies":"Nightmare","floor":59,"turns":2}],"seed_played":"6521761888680381069","potions_obtained":[{"floor":1,"key":"blueLaboratory:EmptyBottle"},{"floor":2,"key":"blueLaboratory:NullPotion"},{"floor":13,"key":"blueLaboratory:BottleOfVodka"},{"floor":18,"key":"Languid Potion"},{"floor":21,"key":"Explosive Potion"},{"floor":27,"key":"Energy Potion"},{"floor":44,"key":"ColorlessPotion"},{"floor":47,"key":"SteroidPotion"},{"floor":50,"key":"blueLaboratory:TeslaPotion"},{"floor":55,"key":"blueLaboratory:StoneskinPotion"}],"is_trial":false,"path_per_floor":["M","M","?","M","?","R","E","R","T","?","$","M","E","M","R","B",null,"M","M","?","M","$","R","M","NM","T","E","AVR","?","M","M","R","B",null,"M","$","M","?","AVR","R","E","M","T","M","?","R","E","M","R","B",null,"M","?","?","M","?","E","R","NM"],"character_chosen":"DEFECT","items_purchased":["Du-Vu Doll","Self Repair","Go for the Eyes","Replay:Bootleg Shield Generator","Replay:Wax Seal","Lee\u0027s Waffle","Static Discharge","Sling","Coolheaded","Mango"],"campfire_rested":5,"item_purchase_floors":[11,11,11,11,22,22,22,22,22,36],"current_hp_per_floor":[74,54,54,48,48,70,48,70,70,70,70,57,56,63,63,39,75,69,65,65,69,82,82,82,72,72,79,79,82,82,62,82,77,82,82,96,87,87,87,87,103,84,84,58,58,88,61,27,57,13,103,103,103,103,103,103,103,103,0,0],"gold":408,"neow_bonus":"RANDOM_COLORLESS","is_daily":false,"chose_seed":false,"campfire_upgraded":3,"win_rate":0.0,"timestamp":1608757657,"path_taken":["M","?","?","?","?","R","E","R","T","?","$","M","E","?","R","BOSS","M","M","?","M","$","R","M","NM","T","E","AVR","?","M","M","R","BOSS","M","$","M","?","AVR","R","E","M","T","?","?","R","E","M","R","BOSS","M","?","?","?","?","E","R","NM"],"items_purchased_type":["Relic","Card","Card","Card","Relic","Relic","Card","Relic","Card","Relic"],"build_version":"2020-12-22","purchased_purges":0,"victory":false,"max_hp_per_floor":[75,75,75,75,75,75,75,75,75,75,75,75,75,75,75,75,75,75,75,75,75,82,82,82,82,82,82,82,82,82,82,82,82,82,82,96,96,96,96,96,103,103,103,103,103,103,103,103,103,103,103,103,103,103,103,103,103,103,103,103],"card_choices":[{"not_picked":["Blind","hubris:Ssssneak"],"picked":"Deep Breath","floor":0},{"not_picked":["ReplayTheSpireMod:System Scan","Turbo"],"picked":"FIFO Queue","floor":1},{"not_picked":["Streamline","Redo"],"picked":"Coolheaded","floor":2},{"not_picked":["Beam Cell","hubris:SpecializedCircuitry"],"picked":"Barrage","floor":4},{"not_picked":["BasicCrystalCard","Redo"],"picked":"Chill","floor":7},{"not_picked":["Steam","ReplaySolidLightProjector"],"picked":"ReplayTheSpireMod:Calculation Training","floor":12},{"not_picked":["Beam Cell","Conserve Battery"],"picked":"Ball Lightning","floor":13},{"not_picked":["Scrape","Barrage"],"picked":"Turbo","floor":14},{"not_picked":["Mirror Shield","ReplayRNGCard"],"picked":"Electrodynamics","floor":16},{"not_picked":["ReplaySort","Rebound"],"picked":"Sweeping Beam+1","floor":18},{"not_picked":["Cold Snap","Hologram+1"],"picked":"Glacier","floor":19},{"not_picked":["Beam Cell","Genetic Algorithm+1"],"picked":"Loop+1","floor":21},{"not_picked":["Stack+1","FIFO Queue"],"picked":"Coolheaded+1","floor":24},{"not_picked":["Steam Power","Steam"],"picked":"ReplayTheSpireMod:Dual Polarity+1","floor":25},{"not_picked":["ReplayTheSpireMod:Dual Polarity+1","Reboot"],"picked":"Thunder Strike","floor":27},{"not_picked":["Flying Knee+1","Panic Button"],"picked":"Consecrate+1","floor":30},{"not_picked":["Crescendo","ReplayTheSpireMod:LeadingStrike"],"picked":"Redo","floor":31},{"not_picked":["ReplayUltimateDefense","Secret Weapon"],"picked":"After Image","floor":33},{"not_picked":["Rebound+1","Body Slam+1"],"picked":"Anger","floor":35},{"not_picked":["Sword Boomerang+1","Uppercut"],"picked":"Replay:BasicMightCard+1","floor":37},{"not_picked":["Recycle","Replay:BluntJabs+1"],"picked":"Replay:Cycle+1","floor":41},{"not_picked":["Quick Slash","ReplayTheSpireMod:Shiv Toss"],"picked":"Predator+1","floor":42},{"not_picked":["Crescendo+1","Survey Options+1"],"picked":"Sanctity+1","floor":44},{"not_picked":["InnerPeace+1","Poisoned Stab+1"],"picked":"Clothesline+1","floor":47},{"not_picked":["Flash of Steel","Panic Button"],"picked":"TalkToTheHand+1","floor":48},{"not_picked":["Doppelganger","Envenom"],"picked":"hubris:DoWhile","floor":50},{"not_picked":["Life Link","PathToVictory"],"picked":"ThirdEye","floor":52},{"not_picked":["Crippling Poison","Deadly Poison"],"picked":"Turbo","floor":55},{"not_picked":["Phantasmal Killer","Endless Agony"],"picked":"Flying Knee","floor":57}],"player_experience":2369560,"relics_obtained":[{"floor":7,"key":"Replay:Bandana"},{"floor":9,"key":"Iron Hammer"},{"floor":13,"key":"conspire:Flyswatter"},{"floor":25,"key":"hubris:SphereOfDissonance"},{"floor":27,"key":"Letter Opener"},{"floor":41,"key":"Strawberry"},{"floor":43,"key":"hubris:ToyBattleship"},{"floor":47,"key":"Kunai"},{"floor":57,"key":"infinitespire:Eraser"}],"event_choices":[{"damage_healed":0,"gold_gain":0,"player_choice":"Paid Gold","damage_taken":0,"relics_obtained":["infinitespire:WardingShard"],"max_hp_gain":0,"max_hp_loss":0,"event_name":"WeMeetAgain","floor":3,"gold_loss":51},{"damage_healed":0,"gold_gain":175,"player_choice":"AGREE","damage_taken":93,"max_hp_gain":0,"max_hp_loss":0,"event_name":"betterThird:BetterSerpent","floor":5,"gold_loss":0},{"damage_healed":0,"gold_gain":0,"cards_transformed":["Doubt"],"player_choice":"Transformed","damage_taken":0,"max_hp_gain":0,"max_hp_loss":0,"event_name":"Transmorgrifier","floor":10,"gold_loss":0,"cards_obtained":["ReplayGash"]},{"cards_removed":["Electrodynamics"],"damage_healed":0,"gold_gain":0,"player_choice":"Take \u0026 Give","damage_taken":0,"max_hp_gain":0,"max_hp_loss":0,"event_name":"betterNote:BetterNote","floor":20,"gold_loss":0,"cards_obtained":["Electrodynamics"]},{"damage_healed":0,"gold_gain":0,"player_choice":"Upgraded","damage_taken":0,"max_hp_gain":0,"max_hp_loss":0,"event_name":"Upgrade Shrine","floor":38,"gold_loss":0,"cards_upgraded":["hubris:Fate"]},{"cards_removed":["Decay"],"damage_healed":0,"gold_gain":0,"player_choice":"Offered Curse","damage_taken":0,"relics_obtained":["Spirit Poop"],"max_hp_gain":0,"max_hp_loss":0,"event_name":"Bonfire Elementals","floor":45,"gold_loss":0},{"damage_healed":0,"gold_gain":0,"player_choice":"Invest 2","damage_taken":0,"max_hp_gain":0,"max_hp_loss":0,"event_name":"conspire:Investor","floor":53,"gold_loss":0},{"damage_healed":0,"gold_gain":4,"player_choice":"4","damage_taken":0,"max_hp_gain":0,"max_hp_loss":0,"event_name":"betterStone:BetterStone","floor":56,"gold_loss":0,"cards_obtained":["Electrodynamics"]}],"is_beta":false,"boss_relics":[{"not_picked":["aspiration:WatcherSkillbook","infinitespire:Cupcake"],"picked":"ChewingGum"},{"not_picked":["hubris:TerracottaHorce","Inserter"],"picked":"Pandora\u0027s Box"},{"not_picked":["Ring of Chaos","Replay:Wanted Poster"],"picked":"hubris:HollowSoul"}],"items_purged_floors":[],"is_endless":true,"potions_floor_spawned":[1,2,13,18,21,27,44,47,50,55],"killed_by":"Nightmare","ascension_level":3}}