{"host":"f5n4tidiz2n5sooh","time":1608704136,"event":{"mods":["BaseMod","Bestiary","Colored Map","Minty Spire (QoL Compilation)","Relic Stats","StSLib"],"gold_per_floor":[110,120,44,64,29,29,42,75,102,113,55,55,55,74,74,74,74],"floor_reached":16,"playtime":452,"items_purged":[],"score":254,"play_id":"7109a334-f612-4e4d-9bc0-50323e7c55ba","local_time":"20201223001536","is_ascension_mode":true,"campfire_choices":[{"data":"Choke","floor":6.0,"key":"SMITH"},{"data":"Riddle With Holes","floor":12,"key":"SMITH"},{"data":"Bouncing Flask","floor":15,"key":"SMITH"}],"circlet_count":0,"master_deck":["AscendersBane","Strike_G","Strike_G","Strike_G","Strike_G","Defend_G","Defend_G","Defend_G","Defend_G","Defend_G","Survivor","Neutralize","Dagger Spray","Choke+1","Riddle With Holes+1","Bouncing Flask+1"],"relics":["Snecko Eye","Bronze Scales","Happy Flower"],"acts_visited":["Exordium"],"potions_floor_usage":[8,8,8,16,16],"damage_taken":[{"damage":31.0,"enemies":"Cultist","floor":1.0,"turns":6.0},{"damage":5.0,"enemies":"2 Louse","floor":2.0,"turns":2.0},{"damage":0.0,"enemies":"Small Slimes","floor":4.0,"turns":1.0},{"damage":9.0,"enemies":"Blue Slaver","floor":7.0,"turns":4.0},{"damage":0,"enemies":"Gremlin Nob","floor":8,"turns":3},{"damage":0,"enemies":"Lots of Slimes","floor":10,"turns":2},{"damage":0,"enemies":"Large Slime","floor":14,"turns":3},{"damage":34,"enemies":"Slime Boss","floor":16,"turns":5}],"seed_played":"7868786539199264205","potions_obtained":[{"floor":4.0,"key":"EntropicBrew"},{"floor":8,"key":"DistilledChaos"},{"floor":10,"key":"Dexterity Potion"}],"is_trial":false,"path_per_floor":["M","M","$","M","?","R","M","E","T","M","?","R","?","M","R","B"],"character_chosen":"THE_SILENT","items_purchased":["Riddle With Holes"],"campfire_rested":0,"item_purchase_floors":[3],"current_hp_per_floor":[28,23,23,23,39,39,30,30,30,30,30,30,23,23,23,0,0],"gold":74,"neow_bonus":"BOSS_RELIC","is_daily":false,"chose_seed":false,"campfire_upgraded":3,"win_rate":0.0,"timestamp":1608704136,"path_taken":["M","M","?","M","?","R","M","E","T","M","?","R","?","?","R","BOSS"],"items_purchased_type":["Card"],"build_version":"2020-12-22","purchased_purges":0,"victory":false,"max_hp_per_floor":[66,66,66,66,66,66,66,66,66,66,66,66,66,66,66,66,66],"relic_stats":{"Happy Flower":[3],"counters":[8,26],"Bronze Scales":[8],"Snecko Eye":[40,32,57,46],"obtain_stats":[{"Happy Flower":9,"Bronze Scales":8,"Snecko Eye":0,"Ring of the Snake":0},{"Happy Flower":5,"Bronze Scales":5,"Snecko Eye":0,"Ring of the Snake":0},{"Happy Flower":16,"Bronze Scales":16,"Snecko Eye":0,"Ring of the Snake":0}]},"card_choices":[{"not_picked":["Outmaneuver","Cloak And Dagger"],"picked":"Dagger Spray","floor":1.0},{"not_picked":["Finisher","Accuracy"],"picked":"Choke","floor":2.0},{"not_picked":["Reflex","Bane","Prepared"],"picked":"SKIP","floor":4.0},{"not_picked":["Bane","Phantasmal Killer","Backflip"],"picked":"SKIP","floor":7.0},{"not_picked":["Masterful Stab","Underhanded Strike","Flechettes"],"picked":"SKIP","floor":8},{"not_picked":["Reflex","Deadly Poison"],"picked":"Bouncing Flask","floor":10},{"not_picked":["Acrobatics","Terror","Infinite Blades"],"picked":"SKIP","floor":14}],"player_experience":1916856,"relics_obtained":[{"floor":8,"key":"Bronze Scales"},{"floor":9,"key":"Happy Flower"}],"event_choices":[{"damage_healed":16.0,"max_hp_gain":0.0,"max_hp_loss":0.0,"gold_gain":0.0,"event_name":"The Cleric","player_choice":"Healed","floor":5.0,"gold_loss":35.0,"damage_taken":0.0},{"damage_healed":0,"gold_gain":0,"player_choice":"Left Gold","damage_taken":0,"max_hp_gain":0,"max_hp_loss":0,"event_name":"World of Goop","floor":11,"gold_loss":58},{"cards_removed":["Strike_G"],"damage_healed":0,"gold_gain":0,"player_choice":"Card Removal","damage_taken":7,"max_hp_gain":0,"max_hp_loss":0,"event_name":"Golden Wing","floor":13,"gold_loss":0}],"is_beta":false,"boss_relics":[],"items_purged_floors":[],"is_endless":false,"potions_floor_spawned":[4,8,10],"killed_by":"Slime Boss","ascension_level":20}}