{"host":"sxnl403xm2xmiyj1","time":1608718224,"event":{"mods":["AchievementEnabler","BaseMod","Colored Map","Keyboard Shortcuts","Minty Spire (QoL Compilation)","Quick Restart","StSLib","SuperFastMode"],"gold_per_floor":[112,62,72,84,101,101,16,51,125,140,172,172,197,17,17,118,118,136,136,136,153,153,182,182,216,242,242,262,262,290,308,308,411,411,431,446,28,48,48,82,82,108,108,108,108],"floor_reached":44,"playtime":1249,"items_purged":["Strike_G"],"score":736,"play_id":"7677cdb9-0421-4f08-b35d-92022e6d7cca","local_time":"20201223191024","is_ascension_mode":true,"campfire_choices":[{"data":"Noxious Fumes","floor":6.0,"key":"SMITH"},{"data":"Tactician","floor":15.0,"key":"SMITH"},{"data":"Tools of the Trade","floor":24.0,"key":"SMITH"},{"data":"Envenom","floor":27.0,"key":"SMITH"},{"data":"Bullet Time","floor":32.0,"key":"SMITH"}],"circlet_count":0,"master_deck":["Strike_G","Defend_G+1","Defend_G+1","Defend_G","Defend_G","Survivor","Neutralize","Bullet Time+1","Poisoned Stab","Noxious Fumes+1","Eviscerate","Deadly Poison","Bouncing Flask","Deadly Poison","Tools of the Trade+1","Acrobatics","Tactician+1","PiercingWail","PiercingWail","Envenom+1","Footwork","Acrobatics","Backstab","Heel Hook","Crippling Poison","Concentrate+1","Terror","Poisoned Stab+1","Caltrops+1","Envenom","Bouncing Flask+1","Blade Dance+1","Infinite Blades","Reflex","Bane","Dagger Throw+1","Panache","Footwork","Underhanded Strike+1"],"relics":["Ring of the Snake","Calipers","Mercury Hourglass","Centennial Puzzle","Singing Bowl","Snake Skull","Lee\u0027s Waffle","SacredBark","Oddly Smooth Stone","StrikeDummy","Orichalcum","Lantern","Art of War","HoveringKite","War Paint","Prayer Wheel","Vajra"],"acts_visited":["Exordium","TheCity","TheBeyond"],"potions_floor_usage":[],"damage_taken":[{"damage":6.0,"enemies":"Jaw Worm","floor":1.0,"turns":6.0},{"damage":0.0,"enemies":"Cultist","floor":3.0,"turns":5.0},{"damage":0.0,"enemies":"2 Louse","floor":4.0,"turns":4.0},{"damage":4.0,"enemies":"Large Slime","floor":5.0,"turns":6.0},{"damage":35.0,"enemies":"Gremlin Nob","floor":8.0,"turns":4.0},{"damage":0.0,"enemies":"Looter","floor":10.0,"turns":2.0},{"damage":5.0,"enemies":"3 Sentries","floor":11.0,"turns":5.0},{"damage":18.0,"enemies":"Gremlin Nob","floor":13.0,"turns":3.0},{"damage":10.0,"enemies":"The Guardian","floor":16.0,"turns":7.0},{"damage":7.0,"enemies":"Chosen","floor":18.0,"turns":4.0},{"damage":0.0,"enemies":"3 Byrds","floor":21.0,"turns":3.0},{"damage":12.0,"enemies":"Slavers","floor":23.0,"turns":4.0},{"damage":0.0,"enemies":"Gremlin Leader","floor":25.0,"turns":7.0},{"damage":16.0,"enemies":"Shelled Parasite and Fungi","floor":28.0,"turns":4.0},{"damage":3.0,"enemies":"Slavers","floor":30.0,"turns":4.0},{"damage":1.0,"enemies":"Cultist and Chosen","floor":31.0,"turns":5.0},{"damage":24.0,"enemies":"Champ","floor":33.0,"turns":9.0},{"damage":8.0,"enemies":"3 Shapes","floor":35.0,"turns":4.0},{"damage":5.0,"enemies":"Orb Walker","floor":36.0,"turns":4.0},{"damage":10.0,"enemies":"Transient","floor":38.0,"turns":5.0},{"damage":17.0,"enemies":"Reptomancer","floor":40.0,"turns":4.0},{"damage":28.0,"enemies":"Nemesis","floor":42.0,"turns":5.0},{"damage":0,"enemies":"Sphere and 2 Shapes","floor":44,"turns":2}],"seed_played":"-6789081213787276773","potions_obtained":[{"floor":3.0,"key":"Fire Potion"},{"floor":4.0,"key":"LiquidBronze"},{"floor":8.0,"key":"Weak Potion"},{"floor":16.0,"key":"Block Potion"},{"floor":21.0,"key":"Explosive Potion"},{"floor":23.0,"key":"ColorlessPotion"},{"floor":28.0,"key":"Regen Potion"},{"floor":35.0,"key":"Fire Potion"},{"floor":36.0,"key":"EntropicBrew"},{"floor":38.0,"key":"DuplicationPotion"}],"is_trial":false,"path_per_floor":["M","?","M","M","M","R","$","E","T","M","E","?","E","$","R","B",null,"M","?","?","M","?","E","R","E","T","R","M","?","E","M","R","B",null,"M","M","$","M","?","E","?","E","T","M"],"character_chosen":"THE_SILENT","items_purchased":["Bouncing Flask","Deadly Poison","Lee\u0027s Waffle","PiercingWail","Infinite Blades","Reflex","War Paint","Bane"],"campfire_rested":0,"item_purchase_floors":[7,7,14,14,37,37,37,37],"current_hp_per_floor":[64,64,64,64,60,60,60,25,25,25,20,20,2,77,77,67,75,68,68,68,68,68,58,58,58,58,58,42,42,73,72,72,48,71,63,58,58,48,48,31,31,3,3,3,3],"gold":108,"neow_bonus":"ONE_RANDOM_RARE_CARD","is_daily":false,"chose_seed":false,"campfire_upgraded":5,"win_rate":0.0,"timestamp":1608718224,"path_taken":["M","?","M","M","M","R","$","E","T","M","E","?","E","$","R","BOSS","M","?","?","M","?","E","R","E","T","R","M","?","E","M","R","BOSS","M","M","$","M","?","E","?","E","T","M"],"items_purchased_type":["Card","Card","Relic","Card","Card","Card","Relic","Card"],"build_version":"2020-12-22","purchased_purges":1,"victory":false,"max_hp_per_floor":[70,70,70,70,70,70,70,70,70,70,70,70,70,77,77,77,77,77,77,77,77,77,79,79,79,79,79,79,79,79,79,79,79,79,79,79,79,79,79,79,79,79,79,79,79],"card_choices":[{"not_picked":["Blur","Endless Agony"],"picked":"Poisoned Stab","floor":1.0},{"not_picked":["Skewer","Dagger Throw"],"picked":"Noxious Fumes","floor":3.0},{"not_picked":["Finisher","Prepared"],"picked":"Eviscerate","floor":4.0},{"not_picked":["Accuracy","Outmaneuver"],"picked":"Deadly Poison","floor":5.0},{"not_picked":["Terror","Tactician"],"picked":"Tools of the Trade","floor":8.0},{"not_picked":["Catalyst","Deadly Poison"],"picked":"Acrobatics","floor":10.0},{"not_picked":["Bane","Flechettes"],"picked":"Tactician","floor":11.0},{"not_picked":["Sucker Punch","Well Laid Plans"],"picked":"PiercingWail","floor":13.0},{"not_picked":["Wraith Form v2","Corpse Explosion"],"picked":"Envenom","floor":16.0},{"not_picked":["Predator","Choke"],"picked":"Footwork","floor":18.0},{"not_picked":["Dash+1","Quick Slash"],"picked":"Acrobatics","floor":21.0},{"not_picked":["Dagger Throw","Accuracy","Deadly Poison"],"picked":"Singing Bowl","floor":23.0},{"not_picked":["Flechettes","Blade Dance"],"picked":"Crippling Poison","floor":25.0},{"not_picked":["Quick Slash+1","Deadly Poison"],"picked":"Concentrate+1","floor":28.0},{"not_picked":["Flying Knee","Dagger Spray+1"],"picked":"Poisoned Stab+1","floor":30.0},{"not_picked":["Well Laid Plans","Deadly Poison"],"picked":"Caltrops+1","floor":31.0},{"not_picked":["Adrenaline","Unload"],"picked":"Envenom","floor":33.0},{"not_picked":["Caltrops+1","Backstab"],"picked":"Bouncing Flask+1","floor":35.0},{"not_picked":["Expertise+1","Noxious Fumes"],"picked":"Blade Dance+1","floor":36.0},{"not_picked":["Dash","Heel Hook"],"picked":"Dagger Throw+1","floor":38.0},{"not_picked":["Mind Blast","Bandage Up"],"picked":"Panache","floor":39.0},{"not_picked":["Caltrops+1","All Out Attack+1"],"picked":"Footwork","floor":40.0},{"not_picked":["Quick Slash+1","Deflect+1"],"picked":"Underhanded Strike+1","floor":42.0}],"player_experience":120699,"relics_obtained":[{"floor":8.0,"key":"Calipers"},{"floor":9.0,"key":"Mercury Hourglass"},{"floor":11.0,"key":"Centennial Puzzle"},{"floor":13.0,"key":"Snake Skull"},{"floor":23.0,"key":"StrikeDummy"},{"floor":25.0,"key":"Orichalcum"},{"floor":26.0,"key":"Lantern"},{"floor":30.0,"key":"Art of War"},{"floor":40.0,"key":"Prayer Wheel"},{"floor":42.0,"key":"Vajra"}],"event_choices":[{"cards_removed":["Strike_G"],"damage_healed":0.0,"max_hp_gain":0.0,"max_hp_loss":0.0,"gold_gain":0.0,"event_name":"The Cleric","player_choice":"Card Removal","floor":2.0,"gold_loss":50.0,"damage_taken":0.0},{"damage_healed":0.0,"max_hp_gain":0.0,"max_hp_loss":0.0,"gold_gain":0.0,"event_name":"WeMeetAgain","player_choice":"Gave Potion","floor":12.0,"gold_loss":0.0,"damage_taken":0.0,"relics_obtained":["Singing Bowl"]},{"damage_healed":0.0,"max_hp_gain":0.0,"max_hp_loss":0.0,"gold_gain":0.0,"event_name":"Cursed Tome","player_choice":"Ignored","floor":19.0,"gold_loss":0.0,"damage_taken":0.0},{"damage_healed":0.0,"max_hp_gain":0.0,"max_hp_loss":0.0,"gold_gain":0.0,"event_name":"The Mausoleum","player_choice":"Opened","floor":20.0,"gold_loss":0.0,"damage_taken":0.0,"relics_obtained":["Oddly Smooth Stone"]},{"damage_healed":0.0,"max_hp_gain":0.0,"max_hp_loss":0.0,"gold_gain":0.0,"cards_transformed":["Strike_G","Strike_G"],"event_name":"Drug Dealer","player_choice":"Became Test Subject","floor":22.0,"gold_loss":0.0,"damage_taken":0.0,"cards_obtained":["Backstab","Heel Hook"]},{"damage_healed":0.0,"max_hp_gain":0.0,"max_hp_loss":0.0,"gold_gain":0.0,"event_name":"Match and Keep!","player_choice":"1 cards matched","floor":29.0,"gold_loss":0.0,"damage_taken":0.0,"cards_obtained":["Terror"]},{"damage_healed":0.0,"max_hp_gain":0.0,"max_hp_loss":0.0,"gold_gain":0.0,"event_name":"SensoryStone","player_choice":"Memory 1","floor":39.0,"gold_loss":0.0,"damage_taken":0.0},{"cards_removed":["Defend_G"],"damage_healed":0.0,"max_hp_gain":0.0,"max_hp_loss":0.0,"gold_gain":0.0,"event_name":"Falling","player_choice":"Removed Skill","floor":41.0,"gold_loss":0.0,"damage_taken":0.0}],"is_beta":false,"boss_relics":[{"not_picked":["Ectoplasm","WristBlade"],"picked":"SacredBark"},{"not_picked":["Fusion Hammer","Busted Crown"],"picked":"HoveringKite"}],"items_purged_floors":[37],"is_endless":false,"potions_floor_spawned":[3,4,8,16,21,23,28,35,36,38],"killed_by":"Sphere and 2 Shapes","ascension_level":5}}