{"host":"vsgmwxc1n8l4tqfd","time":1608704162,"event":{"mods":["AchievementEnabler","BaseMod","Bestiary","Minty Spire (QoL Compilation)","Slay-I"],"gold_per_floor":[214,184,203,203,218,218,42,42,69,69,79,93,93,106,106,202,202,202,202,202,202,117,117,117],"floor_reached":23,"playtime":908,"items_purged":[],"score":181,"play_id":"329b0613-c49b-477f-99e3-0e6251cef52f","local_time":"20201223061602","is_ascension_mode":false,"campfire_choices":[{"data":"Dualcast","floor":6,"key":"SMITH"},{"data":"Lockon","floor":8,"key":"SMITH"},{"floor":10,"key":"REST"},{"data":"Hello World","floor":13,"key":"SMITH"},{"floor":15,"key":"REST"}],"circlet_count":0,"master_deck":["Strike_B","Strike_B","Strike_B","Strike_B","Defend_B","Defend_B","Defend_B","Defend_B","Zap","Dualcast+1","Lockon+1","Defragment","Darkness","Hello World+1","Flash of Steel","Conserve Battery","Melter","Beam Cell","Gash","Compile Driver","Echo Form","Doom and Gloom","Hologram+1","Necronomicurse"],"relics":["Cracked Core","Dream Catcher","Ectoplasm","Necronomicon","Mercury Hourglass"],"acts_visited":["Exordium","TheCity"],"potions_floor_usage":[11,14,23],"damage_taken":[{"damage":1,"enemies":"Small Slimes","floor":1,"turns":3},{"damage":0,"enemies":"Cultist","floor":3,"turns":3},{"damage":11,"enemies":"Jaw Worm","floor":5,"turns":2},{"damage":14,"enemies":"Exordium Thugs","floor":11,"turns":6},{"damage":8,"enemies":"Large Slime","floor":12,"turns":4},{"damage":8,"enemies":"2 Fungi Beasts","floor":14,"turns":4},{"damage":23,"enemies":"Slime Boss","floor":16,"turns":9},{"damage":12,"enemies":"Chosen","floor":18,"turns":4},{"damage":10,"enemies":"Spheric Guardian","floor":19,"turns":3},{"damage":28,"enemies":"Book of Stabbing","floor":23,"turns":4}],"seed_played":"6879349249715849030","potions_obtained":[{"floor":1,"key":"PotionOfCapacity"},{"floor":2,"key":"PotionOfCapacity"},{"floor":2,"key":"Regen Potion"},{"floor":12,"key":"PowerPotion"},{"floor":19,"key":"Block Potion"}],"is_trial":false,"path_per_floor":["M","?","M","?","M","R","$","R","T","R","M","M","R","M","R","B",null,"M","M","?","?","?","E"],"character_chosen":"DEFECT","items_purchased":["Hello World","Flash of Steel"],"campfire_rested":2,"item_purchase_floors":[7,7],"current_hp_per_floor":[74,74,74,74,63,63,63,63,63,75,70,62,62,54,75,52,75,63,53,37,23,23,0,0],"gold":117,"neow_bonus":"HUNDRED_GOLD","is_daily":false,"chose_seed":false,"campfire_upgraded":3,"win_rate":0.0,"timestamp":1608704162,"path_taken":["M","?","?","?","M","R","?","R","T","R","M","M","R","M","R","BOSS","M","M","?","?","?","E"],"items_purchased_type":["Card","Card"],"build_version":"2020-12-22","purchased_purges":0,"victory":false,"max_hp_per_floor":[75,75,75,75,75,75,75,75,75,75,75,75,75,75,75,75,75,75,75,75,80,80,80,80],"card_choices":[{"not_picked":["Loop","Ball Lightning"],"picked":"Lockon","floor":1},{"not_picked":["Stack","Gash"],"picked":"Defragment","floor":3},{"not_picked":["Beam Cell","Tempest"],"picked":"Darkness","floor":5},{"not_picked":["Amplify","Coolheaded"],"picked":"Conserve Battery","floor":10},{"not_picked":["Sweeping Beam","Stack"],"picked":"Melter","floor":11},{"not_picked":["Coolheaded","Gash"],"picked":"Beam Cell","floor":12},{"not_picked":["Steam Power","Leap"],"picked":"Gash","floor":14},{"not_picked":["Redo","Coolheaded"],"picked":"Compile Driver","floor":15},{"not_picked":["Reboot","Thunder Strike"],"picked":"Echo Form","floor":16},{"not_picked":["Coolheaded","Sweeping Beam"],"picked":"Doom and Gloom","floor":18},{"not_picked":["Stack","Turbo"],"picked":"Hologram+1","floor":19}],"player_experience":43094,"relics_obtained":[{"floor":9,"key":"Dream Catcher"},{"floor":20,"key":"Necronomicon"}],"event_choices":[{"damage_healed":0,"gold_gain":0,"player_choice":"Bought 2 Potions","damage_taken":0,"max_hp_gain":0,"max_hp_loss":0,"event_name":"The Woman in Blue","floor":2,"gold_loss":0},{"damage_healed":0,"gold_gain":0,"player_choice":"Ignored","damage_taken":0,"max_hp_gain":0,"max_hp_loss":0,"event_name":"NoteForYourself","floor":4,"gold_loss":0},{"damage_healed":0,"gold_gain":0,"player_choice":"Obtained Book","damage_taken":16,"max_hp_gain":0,"max_hp_loss":0,"event_name":"Cursed Tome","floor":20,"gold_loss":0},{"damage_healed":0,"gold_gain":0,"player_choice":"Shed Blood","damage_taken":19,"max_hp_gain":5,"max_hp_loss":0,"event_name":"Forgotten Altar","floor":21,"gold_loss":0},{"damage_healed":0,"gold_gain":0,"player_choice":"Obtained Relic","damage_taken":0,"relics_obtained":["Mercury Hourglass"],"max_hp_gain":0,"max_hp_loss":0,"event_name":"Addict","floor":22,"gold_loss":85}],"is_beta":false,"boss_relics":[{"not_picked":["Coffee Dripper","Philosopher\u0027s Stone"],"picked":"Ectoplasm"}],"items_purged_floors":[],"is_endless":false,"potions_floor_spawned":[1,12,19],"killed_by":"Book of Stabbing","ascension_level":0}}