{"host":"94aus4jnk6thj94q","time":1608728057,"event":{"mods":["BaseMod","Minty Spire (QoL Compilation)","Quick Restart","StSLib"],"gold_per_floor":[119,130,145,162,162,162,195,79,104,120,120,139,414,49,49,145,145,164,182,27,27,27,27],"floor_reached":22,"playtime":865,"items_purged":["Regret"],"score":236,"play_id":"5e203d3f-d357-4e49-a4e5-f7278ced5344","local_time":"20201223145417","is_ascension_mode":false,"campfire_choices":[{"floor":6.0,"key":"REST"},{"floor":15.0,"key":"REST"}],"circlet_count":0,"master_deck":["Strike_B","Strike_B","Strike_B","Strike_B","Defend_B","Defend_B","Defend_B","Defend_B+1","Zap","Dualcast+1","Static Discharge","Rainbow+1","Ball Lightning","Melter","Defragment","Lockon","Chill","Capacitor","Defragment","Blizzard","Core Surge"],"relics":["Cracked Core","War Paint","Juzu Bracelet","Runic Capacitor","SlaversCollar","Tiny Chest","MutagenicStrength"],"acts_visited":["Exordium","TheCity"],"potions_floor_usage":[],"damage_taken":[{"damage":2.0,"enemies":"Small Slimes","floor":1.0,"turns":4.0},{"damage":0.0,"enemies":"Cultist","floor":2.0,"turns":4.0},{"damage":6.0,"enemies":"Jaw Worm","floor":3.0,"turns":3.0},{"damage":5.0,"enemies":"Large Slime","floor":4.0,"turns":5.0},{"damage":21.0,"enemies":"3 Sentries","floor":7.0,"turns":6.0},{"damage":2.0,"enemies":"Blue Slaver","floor":10.0,"turns":2.0},{"damage":2.0,"enemies":"Looter","floor":12.0,"turns":3.0},{"damage":0.0,"enemies":"Slime Boss","floor":16.0,"turns":6.0},{"damage":7.0,"enemies":"Chosen","floor":18.0,"turns":4.0},{"damage":24.0,"enemies":"Shell Parasite","floor":19.0,"turns":4.0},{"damage":20,"enemies":"Centurion and Healer","floor":22,"turns":2}],"seed_played":"6034539376131622773","potions_obtained":[{"floor":3.0,"key":"Regen Potion"},{"floor":4.0,"key":"SpeedPotion"},{"floor":10.0,"key":"EntropicBrew"},{"floor":12.0,"key":"Block Potion"}],"is_trial":false,"path_per_floor":["M","M","M","M","?","R","E","$","T","M","?","M","?","$","R","B",null,"M","M","$","?","M"],"character_chosen":"DEFECT","items_purchased":["Defragment","Lockon","Defragment","Blizzard","Runic Capacitor","Tiny Chest"],"campfire_rested":2,"item_purchase_floors":[8,8,14,14,14,20],"current_hp_per_floor":[80,80,74,69,69,82,61,61,61,64,64,62,62,62,82,82,82,75,51,51,51,31,31],"gold":27,"neow_bonus":"TEN_PERCENT_HP_BONUS","is_daily":false,"chose_seed":false,"campfire_upgraded":0,"win_rate":0.0,"timestamp":1608728057,"path_taken":["M","M","M","M","?","R","E","$","T","M","?","M","?","?","R","BOSS","M","M","$","?","M"],"items_purchased_type":["Card","Card","Card","Card","Relic","Relic"],"build_version":"2020-12-22","purchased_purges":1,"victory":false,"max_hp_per_floor":[82,82,82,82,82,82,82,82,82,82,82,82,82,82,82,82,82,82,82,82,82,82,82],"card_choices":[{"not_picked":["Go for the Eyes","Turbo"],"picked":"Static Discharge","floor":1.0},{"not_picked":["Heatsinks","Steam","Beam Cell"],"picked":"SKIP","floor":2.0},{"not_picked":["Force Field","Hologram"],"picked":"Rainbow","floor":3.0},{"not_picked":["Rip and Tear","Force Field"],"picked":"Ball Lightning","floor":4.0},{"not_picked":["Auto Shields","Hologram"],"picked":"Melter","floor":7.0},{"not_picked":["Beam Cell","Sweeping Beam"],"picked":"Chill","floor":10.0},{"not_picked":["Hologram","Chill"],"picked":"Capacitor","floor":12.0},{"not_picked":["Thunder Strike","Rainbow"],"picked":"Core Surge","floor":16.0},{"not_picked":["Tempest","Force Field","Barrage"],"picked":"SKIP","floor":18.0},{"not_picked":["Blizzard","Rip and Tear","Barrage"],"picked":"SKIP","floor":19.0}],"player_experience":5630823,"relics_obtained":[{"floor":7.0,"key":"War Paint"},{"floor":9.0,"key":"Juzu Bracelet"}],"event_choices":[{"damage_healed":0.0,"max_hp_gain":0.0,"max_hp_loss":0.0,"gold_gain":0.0,"event_name":"NoteForYourself","player_choice":"Ignored","floor":5.0,"gold_loss":0.0,"damage_taken":0.0},{"damage_healed":0.0,"max_hp_gain":0.0,"max_hp_loss":0.0,"gold_gain":0.0,"event_name":"Living Wall","player_choice":"Grow","floor":11.0,"gold_loss":0.0,"damage_taken":0.0,"cards_upgraded":["Rainbow"]},{"damage_healed":0.0,"max_hp_gain":0.0,"max_hp_loss":0.0,"gold_gain":275.0,"event_name":"Golden Shrine","player_choice":"Desecrate","floor":13.0,"gold_loss":0.0,"damage_taken":0.0,"cards_obtained":["Regret"]},{"damage_healed":0.0,"max_hp_gain":0.0,"max_hp_loss":0.0,"gold_gain":0.0,"event_name":"Drug Dealer","player_choice":"Inject Mutagens","floor":21.0,"gold_loss":0.0,"damage_taken":0.0,"relics_obtained":["MutagenicStrength"]}],"is_beta":false,"boss_relics":[{"not_picked":["Empty Cage","Philosopher\u0027s Stone"],"picked":"SlaversCollar"}],"items_purged_floors":[14],"is_endless":false,"potions_floor_spawned":[3,4,10,12],"killed_by":"Centurion and Healer","ascension_level":0}}