{"host":"o7j6aatxjwpw1421","time":1608744096,"event":{"mods":["2.2 Compatiblity","BaseMod","Colored Map","DeckTracker","Highlight Path","Keyboard Shortcuts","Minty Spire (QoL Compilation)","Permanent Neow","Quick Restart","StSLib","SuperFastMode","everything is the same but u backflip on backflip"],"gold_per_floor":[119,129,147,161,178,178,201,227,254,254,266,278,25,25,25,129,129,149,165,165,165,181,181,195,120,146,146,158,12,46,61,61,165,165,180,1179,1194,1205,1205,1205,1239,1258,1258,1258,1258],"floor_reached":44,"playtime":2724,"items_purged":[],"score":822,"play_id":"bde2cdef-e07c-4e3a-9269-b21131c05035","local_time":"20201224022136","is_ascension_mode":true,"campfire_choices":[{"floor":6.0,"key":"REST"},{"floor":10.0,"key":"REST"},{"data":"Strike_R","floor":15.0,"key":"PURGE"},{"data":"Barricade","floor":23.0,"key":"SMITH"},{"data":"Evolve","floor":32.0,"key":"SMITH"},{"data":"Normality","floor":40,"key":"PURGE"}],"circlet_count":0,"master_deck":["AscendersBane","Bash","Pommel Strike","Reaper","Battle Trance","Shrug It Off","Barricade+1","Rage+1","Heavy Blade+1","Carnage+1","Wild Strike+1","Body Slam+1","Immolate+1","Disarm+1","Evolve+1","Body Slam+1","Shockwave+1","Shrug It Off+1","Limit Break+1","Heavy Blade+1","Offering+1","Headbutt+1","Normality","Reckless Charge+1","Sword Boomerang+1"],"relics":["Burning Blood","Peace Pipe","Odd Mushroom","Molten Egg 2","Red Skull","Toxic Egg 2","Pandora\u0027s Box","Enchiridion","Oddly Smooth Stone","Bag of Preparation","SacredBark","Potion Belt","Kunai"],"acts_visited":["Exordium","TheCity","TheBeyond"],"potions_floor_usage":[41],"damage_taken":[{"damage":10.0,"enemies":"Jaw Worm","floor":1.0,"turns":7.0},{"damage":12.0,"enemies":"Small Slimes","floor":2.0,"turns":5.0},{"damage":2.0,"enemies":"2 Louse","floor":3.0,"turns":2.0},{"damage":14.0,"enemies":"Red Slaver","floor":4.0,"turns":4.0},{"damage":16.0,"enemies":"3 Louse","floor":5.0,"turns":3.0},{"damage":25.0,"enemies":"The Mushroom Lair","floor":7.0,"turns":6.0},{"damage":35.0,"enemies":"Lagavulin","floor":8.0,"turns":6.0},{"damage":0.0,"enemies":"2 Fungi Beasts","floor":11.0,"turns":2.0},{"damage":11.0,"enemies":"Looter","floor":12.0,"turns":3.0},{"damage":33.0,"enemies":"Hexaghost","floor":16.0,"turns":16.0},{"damage":47.0,"enemies":"3 Byrds","floor":18.0,"turns":5.0},{"damage":1.0,"enemies":"Chosen","floor":19.0,"turns":4.0},{"damage":17.0,"enemies":"Centurion and Healer","floor":22.0,"turns":4.0},{"damage":17.0,"enemies":"Snake Plant","floor":24.0,"turns":3.0},{"damage":6.0,"enemies":"Cultist and Chosen","floor":28.0,"turns":3.0},{"damage":6.0,"enemies":"Slavers","floor":30.0,"turns":3.0},{"damage":13.0,"enemies":"Centurion and Healer","floor":31.0,"turns":6.0},{"damage":50.0,"enemies":"Automaton","floor":33.0,"turns":9.0},{"damage":34.0,"enemies":"Orb Walker","floor":35.0,"turns":5.0},{"damage":24.0,"enemies":"3 Shapes","floor":37.0,"turns":3.0},{"damage":29.0,"enemies":"Jaw Worm Horde","floor":38.0,"turns":4.0},{"damage":6,"enemies":"Giant Head","floor":41,"turns":6},{"damage":55,"enemies":"3 Darklings","floor":42,"turns":5},{"damage":12,"enemies":"Sphere and 2 Shapes","floor":44,"turns":3}],"seed_played":"-1453866559098624672","potions_obtained":[{"floor":2.0,"key":"ColorlessPotion"},{"floor":5.0,"key":"SkillPotion"},{"floor":11.0,"key":"HeartOfIron"},{"floor":12.0,"key":"SteroidPotion"},{"floor":16.0,"key":"SteroidPotion"},{"floor":22.0,"key":"Dexterity Potion"},{"floor":28.0,"key":"DistilledChaos"},{"floor":30.0,"key":"SpeedPotion"},{"floor":31.0,"key":"BloodPotion"},{"floor":37.0,"key":"Strength Potion"}],"is_trial":false,"path_per_floor":["M","M","M","M","M","R","?","E","T","R","M","M","$","?","R","B",null,"M","M","?","?","M","R","M","?","T","?","M","$","E","M","R","B",null,"M","?","M","M","?","R","E","M","T","M"],"character_chosen":"IRONCLAD","items_purchased":["Toxic Egg 2","Limit Break+1"],"campfire_rested":2,"item_purchase_floors":[13,29],"current_hp_per_floor":[47,41,45,37,27,51,40,11,11,35,41,36,36,36,36,16,64,31,45,29,29,32,32,28,28,28,28,46,46,58,59,59,15,64,42,42,56,33,33,33,55,13,13,1,1],"gold":1258,"neow_bonus":"ONE_RARE_RELIC","is_daily":false,"chose_seed":false,"campfire_upgraded":2,"win_rate":0.0,"timestamp":1608744096,"path_taken":["M","M","M","M","M","R","?","E","T","R","M","M","$","?","R","BOSS","M","M","?","?","M","R","M","?","T","?","M","$","E","M","R","BOSS","M","?","M","M","?","R","E","M","T","M"],"items_purchased_type":["Relic","Card"],"build_version":"2020-12-22","purchased_purges":0,"victory":false,"max_hp_per_floor":[80,80,80,80,80,80,80,80,80,80,80,80,80,80,80,80,80,80,80,80,80,80,80,80,80,80,80,80,80,80,80,80,80,80,80,80,80,80,80,80,80,80,80,80,80],"card_choices":[{"not_picked":["Clash","Cleave"],"picked":"Wild Strike","floor":1.0},{"not_picked":["Iron Wave","Twin Strike"],"picked":"Pommel Strike","floor":2.0},{"not_picked":["Headbutt","Spot Weakness"],"picked":"Clothesline","floor":3.0},{"not_picked":["Cleave","Havoc","Warcry"],"picked":"SKIP","floor":4.0},{"not_picked":["Bloodletting","Sword Boomerang"],"picked":"Reaper","floor":5.0},{"not_picked":["Headbutt","Rampage"],"picked":"Battle Trance","floor":7.0},{"not_picked":["Brutality","Burning Pact","Ghostly Armor"],"picked":"SKIP","floor":8.0},{"not_picked":["True Grit","Cleave+1"],"picked":"Shrug It Off","floor":11.0},{"not_picked":["Metallicize","Twin Strike+1","Perfected Strike+1"],"picked":"SKIP","floor":12.0},{"not_picked":["Juggernaut","Demon Form"],"picked":"Barricade","floor":16.0},{"not_picked":["Whirlwind+1","Battle Trance+1"],"picked":"Disarm+1","floor":18.0},{"not_picked":["Hemokinesis+1","Twin Strike+1"],"picked":"Evolve","floor":19.0},{"not_picked":["Armaments+1","Dropkick+1"],"picked":"Body Slam+1","floor":22.0},{"not_picked":["Rage+1","Cleave+1"],"picked":"Shockwave+1","floor":24.0},{"not_picked":["Headbutt+1","Pommel Strike+1","Shrug It Off+1"],"picked":"SKIP","floor":28.0},{"not_picked":["Headbutt+1","Pommel Strike+1"],"picked":"Shrug It Off+1","floor":28.0},{"not_picked":["Twin Strike+1","Anger+1"],"picked":"Heavy Blade+1","floor":30.0},{"not_picked":["Rage+1","Iron Wave+1","Warcry+1"],"picked":"SKIP","floor":31.0},{"not_picked":["Berserk","Brutality"],"picked":"Offering+1","floor":33.0},{"not_picked":["Anger+1","Feel No Pain+1"],"picked":"Headbutt+1","floor":35.0},{"not_picked":["Dark Embrace+1","Pommel Strike+1","Rampage+1"],"picked":"SKIP","floor":37.0},{"not_picked":["Cleave+1","Bloodletting+1"],"picked":"Reckless Charge+1","floor":38.0},{"not_picked":["Iron Wave+1","Havoc+1"],"picked":"Sword Boomerang+1","floor":41},{"not_picked":["Clash+1","Wild Strike+1","Rupture+1"],"picked":"SKIP","floor":42}],"player_experience":346055,"relics_obtained":[{"floor":7.0,"key":"Odd Mushroom"},{"floor":8.0,"key":"Molten Egg 2"},{"floor":9.0,"key":"Red Skull"},{"floor":20.0,"key":"Enchiridion"},{"floor":26.0,"key":"Oddly Smooth Stone"},{"floor":30.0,"key":"Bag of Preparation"},{"floor":41,"key":"Potion Belt"},{"floor":43,"key":"Kunai"}],"event_choices":[{"damage_healed":0.0,"max_hp_gain":0.0,"max_hp_loss":0.0,"gold_gain":0.0,"event_name":"Mushrooms","player_choice":"Fought Mushrooms","floor":7.0,"gold_loss":0.0,"damage_taken":0.0},{"cards_removed":["Strike_R"],"damage_healed":0.0,"max_hp_gain":0.0,"max_hp_loss":0.0,"gold_gain":0.0,"event_name":"Living Wall","player_choice":"Forget","floor":14.0,"gold_loss":0.0,"damage_taken":0.0},{"damage_healed":0.0,"max_hp_gain":0.0,"max_hp_loss":0.0,"gold_gain":0.0,"event_name":"Cursed Tome","player_choice":"Obtained Book","floor":20.0,"gold_loss":0.0,"damage_taken":16.0},{"cards_removed":["Clothesline"],"damage_healed":0.0,"max_hp_gain":0.0,"max_hp_loss":0.0,"gold_gain":0.0,"event_name":"Back to Basics","player_choice":"Elegance","floor":21.0,"gold_loss":0.0,"damage_taken":0.0},{"cards_removed":["Wild Strike"],"damage_healed":0.0,"max_hp_gain":0.0,"max_hp_loss":0.0,"gold_gain":0.0,"event_name":"Beggar","player_choice":"Gave Gold","floor":25.0,"gold_loss":75.0,"damage_taken":0.0},{"cards_removed":["Inflame"],"damage_healed":0.0,"max_hp_gain":0.0,"max_hp_loss":0.0,"gold_gain":0.0,"event_name":"Purifier","player_choice":"Purged","floor":27.0,"gold_loss":0.0,"damage_taken":0.0},{"damage_healed":0.0,"max_hp_gain":0.0,"max_hp_loss":0.0,"gold_gain":999.0,"event_name":"MindBloom","player_choice":"Gold","floor":36.0,"gold_loss":0.0,"damage_taken":0.0,"cards_obtained":["Normality","Normality"]},{"damage_healed":0,"gold_gain":0,"player_choice":"Ignored","damage_taken":0,"max_hp_gain":0,"max_hp_loss":0,"event_name":"Mysterious Sphere","floor":39,"gold_loss":0}],"is_beta":false,"boss_relics":[{"not_picked":["Empty Cage","Busted Crown"],"picked":"Pandora\u0027s Box"},{"not_picked":["Runic Pyramid","Tiny House"],"picked":"SacredBark"}],"items_purged_floors":[],"is_endless":false,"potions_floor_spawned":[2,5,11,12,16,22,28,30,31,37],"killed_by":"Sphere and 2 Shapes","ascension_level":11}}