{"host":"3jpwrwmmgyabjceh","time":1608724218,"event":{"mods":["AchievementEnabler","BaseMod","Colored Map","Colored Powertips","Highlight Path","Minty Spire (QoL Compilation)","Quick Restart","StSLib"],"gold_per_floor":[11,11,26,41,58,58,58,74,74,94,110,35,55,74,74,172,172,158,58,58,58,68,68,68,68,68,68,68,68,68,81,81,186,186,197,209,2,2,2],"floor_reached":38,"playtime":1219,"items_purged":["Strike_R","Evolve+1"],"score":460,"play_id":"b3693fd5-df61-4e58-9110-2f6c35cb3c50","local_time":"20201223145018","is_ascension_mode":true,"campfire_choices":[{"data":"Bash","floor":6,"key":"SMITH"},{"data":"Armaments","floor":7,"key":"SMITH"},{"data":"Armaments","floor":15,"key":"SMITH"},{"data":"Searing Blow","floor":23,"key":"SMITH"},{"floor":24,"key":"REST"},{"data":"Barricade","floor":27,"key":"SMITH"},{"data":"Searing Blow+1","floor":30,"key":"SMITH"},{"data":"Searing Blow+2","floor":32,"key":"SMITH"}],"circlet_count":0,"master_deck":["Defend_R","Defend_R","Defend_R","Bash+1","Pommel Strike","Body Slam","Armaments+1","Headbutt","Metallicize","Searing Blow+3","Armaments+1","Barricade+1","Bludgeon+1","Pommel Strike+1","Clothesline+1","Metallicize","Reaper+1","Spot Weakness+1","Shrug It Off"],"relics":["Burning Blood","WingedGreaves","Toy Ornithopter","Astrolabe","Bottled Lightning","Busted Crown","Whetstone"],"acts_visited":["Exordium","TheCity","TheBeyond"],"potions_floor_usage":[13,16,33,36],"damage_taken":[{"damage":1,"enemies":"Cultist","floor":1,"turns":3},{"damage":15,"enemies":"Small Slimes","floor":3,"turns":4},{"damage":2,"enemies":"Jaw Worm","floor":4,"turns":3},{"damage":11,"enemies":"Looter","floor":5,"turns":4},{"damage":8,"enemies":"Blue Slaver","floor":8,"turns":4},{"damage":0,"enemies":"Large Slime","floor":10,"turns":4},{"damage":13,"enemies":"Red Slaver","floor":11,"turns":3},{"damage":29,"enemies":"Gremlin Gang","floor":13,"turns":7},{"damage":6,"enemies":"Looter","floor":14,"turns":4},{"damage":55,"enemies":"The Guardian","floor":16,"turns":13},{"damage":28,"enemies":"2 Thieves","floor":18,"turns":4},{"damage":24,"enemies":"Spheric Guardian","floor":22,"turns":5},{"damage":21,"enemies":"Snecko","floor":31,"turns":4},{"damage":38,"enemies":"Champ","floor":33,"turns":12},{"damage":24,"enemies":"Orb Walker","floor":35,"turns":5},{"damage":39,"enemies":"3 Darklings","floor":36,"turns":4},{"damage":67,"enemies":"2 Orb Walkers","floor":38,"turns":3}],"seed_played":"-471434026737112209","potions_obtained":[{"floor":5,"key":"Ancient Potion"},{"floor":10,"key":"BloodPotion"},{"floor":14,"key":"Swift Potion"},{"floor":22,"key":"Energy Potion"},{"floor":35,"key":"DuplicationPotion"}],"is_trial":false,"path_per_floor":["M","T","M","M","M","R","R","M","T","M","M","$","M","M","R","B",null,"M","$","?","?","M","R","R","?","T","R","$","?","R","M","R","B",null,"M","M","$","?"],"character_chosen":"IRONCLAD","items_purchased":["Whetstone","Shrug It Off"],"campfire_rested":1,"item_purchase_floors":[37,37],"current_hp_per_floor":[80,80,71,75,70,70,70,68,68,74,67,67,65,65,65,21,65,43,43,43,43,25,25,49,49,49,49,49,75,75,60,60,33,68,55,40,40,0,0],"gold":2,"neow_bonus":"ONE_RARE_RELIC","is_daily":false,"chose_seed":false,"campfire_upgraded":7,"win_rate":0.0,"timestamp":1608724218,"path_taken":["M","?","M","M","M","R","R","M","T","M","M","$","M","M","R","BOSS","M","$","?","?","?","R","R","?","T","R","$","?","R","M","R","BOSS","M","M","$","?"],"items_purchased_type":["Relic","Card"],"build_version":"2020-12-22","purchased_purges":2,"victory":false,"max_hp_per_floor":[80,80,80,80,80,80,80,80,80,80,80,80,80,80,80,80,80,80,80,80,80,80,80,80,80,80,80,80,80,80,80,80,80,80,80,80,80,80,80],"card_choices":[{"not_picked":["Wild Strike","Anger"],"picked":"Pommel Strike","floor":1},{"not_picked":["Sever Soul","Second Wind"],"picked":"Body Slam","floor":3},{"not_picked":["Bloodletting","Flame Barrier"],"picked":"Armaments","floor":4},{"not_picked":["Havoc","Anger"],"picked":"Headbutt","floor":5},{"not_picked":["Rupture","Bloodletting","Fire Breathing"],"picked":"SKIP","floor":8},{"not_picked":["Offering","Hemokinesis","Rage"],"picked":"SKIP","floor":10},{"not_picked":["Armaments","Fire Breathing"],"picked":"Metallicize","floor":11},{"not_picked":["Rupture","Thunderclap"],"picked":"Searing Blow","floor":13},{"not_picked":["Dual Wield","Thunderclap"],"picked":"Armaments","floor":14},{"not_picked":["Double Tap","Juggernaut"],"picked":"Barricade","floor":16},{"not_picked":["Sword Boomerang","Clothesline","Iron Wave+1"],"picked":"SKIP","floor":18},{"not_picked":["Body Slam","Clash","Havoc"],"picked":"SKIP","floor":22},{"not_picked":["Metallicize","Shockwave+1","Havoc+1"],"picked":"SKIP","floor":31},{"not_picked":["Brutality","Impervious"],"picked":"Reaper","floor":33},{"not_picked":["Burning Pact+1"],"picked":"SKIP","floor":35},{"not_picked":[],"picked":"Spot Weakness+1","floor":36}],"player_experience":253837,"relics_obtained":[{"floor":9,"key":"Toy Ornithopter"},{"floor":26,"key":"Bottled Lightning"}],"event_choices":[{"damage_healed":0,"gold_gain":0,"player_choice":"Ignored","damage_taken":0,"max_hp_gain":0,"max_hp_loss":0,"event_name":"Ghosts","floor":20,"gold_loss":0},{"damage_healed":0,"gold_gain":0,"player_choice":"Bought 0 Potions","damage_taken":0,"max_hp_gain":0,"max_hp_loss":0,"event_name":"The Woman in Blue","floor":21,"gold_loss":0},{"damage_healed":0,"gold_gain":0,"cards_transformed":["Strike_R","Defend_R"],"player_choice":"Became Test Subject","damage_taken":0,"max_hp_gain":0,"max_hp_loss":0,"event_name":"Drug Dealer","floor":25,"gold_loss":0,"cards_obtained":["Clothesline","Metallicize"]},{"damage_healed":26,"gold_gain":0,"player_choice":"Heal","damage_taken":0,"max_hp_gain":0,"max_hp_loss":0,"event_name":"The Library","floor":29,"gold_loss":0},{"damage_healed":0,"gold_gain":0,"player_choice":"Fight","damage_taken":0,"max_hp_gain":0,"max_hp_loss":0,"event_name":"Mysterious Sphere","floor":38,"gold_loss":0}],"is_beta":false,"boss_relics":[{"not_picked":["Philosopher\u0027s Stone","Coffee Dripper"],"picked":"Astrolabe"},{"not_picked":["SlaversCollar","Fusion Hammer"],"picked":"Busted Crown"}],"items_purged_floors":[12,19],"is_endless":false,"potions_floor_spawned":[5,10,14,22,35],"killed_by":"2 Orb Walkers","ascension_level":5}}