{"host":"o3so5oxo9aakc7d5","time":1608714211,"event":{"mods":["BaseMod","Better Altar","Better Match","Better Sensory Stone","Better Skull","Better Third Choice","Block Reminder","CapriCore","Challenge The Spire","Googly Eyes","Jorbs\u0027s Wanderer Trilogy","Minty Spire (QoL Compilation)","Rare Cards Sparkle","Spicy Shops","StSLib"],"gold_per_floor":[118,118,134,59,77,102,102,117,144,144,178,192,221,61,61,161,161,176,41,68,88,88,88,99,125,125,125,125,136,154,164,164,164,164],"floor_reached":33,"playtime":949,"items_purged":["Strike_R","Strike_R","Strike_R","Strike_R"],"score":351,"play_id":"fbc12353-67d0-4fe6-90b7-6abb4d929e08","local_time":"20201223020331","is_ascension_mode":true,"campfire_choices":[{"data":"Uppercut","floor":7,"key":"SMITH"},{"data":"Feed","floor":15,"key":"SMITH"},{"data":"Reaper","floor":23,"key":"SMITH"},{"data":"Cleave","floor":28,"key":"SMITH"},{"floor":32,"key":"REST"}],"circlet_count":0,"master_deck":["Strike_R","Defend_R","Defend_R","Defend_R","Defend_R","Bash","Twin Strike","Cleave+1","Uppercut+1","Twin Strike","Twin Strike","Feed+1","Writhe","Reaper+1","Trip","Pommel Strike","Rampage"],"relics":["Burning Blood","Smiling Mask","Boot","Potion Belt","Vajra","Gremlin Horn","Lee\u0027s Waffle","Busted Crown","Red Mask","Lantern","Nloth\u0027s Gift"],"acts_visited":["Exordium","TheCity"],"potions_floor_usage":[33,33,33,33],"damage_taken":[{"damage":0,"enemies":"Small Slimes","floor":1,"turns":3},{"damage":5,"enemies":"Cultist","floor":3,"turns":4},{"damage":2,"enemies":"2 Louse","floor":5,"turns":3},{"damage":44,"enemies":"Lagavulin","floor":6,"turns":6},{"damage":10,"enemies":"2 Fungi Beasts","floor":8,"turns":3},{"damage":16,"enemies":"Gremlin Nob","floor":11,"turns":4},{"damage":9,"enemies":"Blue Slaver","floor":12,"turns":2},{"damage":17,"enemies":"3 Sentries","floor":13,"turns":6},{"damage":59,"enemies":"Slime Boss","floor":16,"turns":10},{"damage":19,"enemies":"Spheric Guardian","floor":18,"turns":4},{"damage":31,"enemies":"Masked Bandits","floor":20,"turns":4},{"damage":10,"enemies":"3 Byrds","floor":21,"turns":4},{"damage":40,"enemies":"Snake Plant","floor":24,"turns":5},{"damage":45,"enemies":"Slavers","floor":25,"turns":5},{"damage":32,"enemies":"Centurion and Healer","floor":29,"turns":4},{"damage":6,"enemies":"Chosen and Byrds","floor":30,"turns":4},{"damage":19,"enemies":"Cultist and Chosen","floor":31,"turns":5},{"damage":101,"enemies":"Collector","floor":33,"turns":7}],"seed_played":"-2443118194662424140","potions_obtained":[{"floor":5,"key":"Swift Potion"},{"floor":6,"key":"Weak Potion"},{"floor":8,"key":"ElixirPotion"},{"floor":12,"key":"FearPotion"},{"floor":18,"key":"Weak Potion"},{"floor":21,"key":"LiquidBronze"},{"floor":29,"key":"Energy Potion"}],"is_trial":false,"path_per_floor":["M","?","M","$","M","E","R","M","T","?","E","M","E","$","R","B",null,"M","$","?","M","?","R","M","E","T","?","R","M","M","M","R","B"],"character_chosen":"IRONCLAD","items_purchased":["Lee\u0027s Waffle","Trip"],"campfire_rested":1,"item_purchase_floors":[14,19],"current_hp_per_floor":[88,88,88,88,88,50,50,46,46,39,29,26,15,95,95,42,95,82,82,71,81,81,81,53,30,40,40,40,33,51,53,90,0,0],"gold":164,"neow_bonus":"TEN_PERCENT_HP_BONUS","is_daily":false,"chose_seed":false,"campfire_upgraded":4,"win_rate":0.0,"timestamp":1608714211,"path_taken":["M","?","M","?","M","E","R","M","T","?","E","M","E","$","R","BOSS","M","$","?","M","?","R","M","E","T","?","R","M","?","M","R","BOSS"],"items_purchased_type":["Relic","Card"],"build_version":"2020-12-22","purchased_purges":4,"victory":false,"max_hp_per_floor":[88,88,88,88,88,88,88,88,88,88,88,88,88,95,95,95,95,95,95,99,103,103,103,103,107,117,117,117,121,125,125,125,125,125],"card_choices":[{"not_picked":["Feel No Pain","Shrug It Off"],"picked":"Twin Strike","floor":1},{"not_picked":["Shrug It Off","Heavy Blade"],"picked":"Cleave","floor":3},{"not_picked":["True Grit","Wild Strike"],"picked":"Uppercut","floor":5},{"not_picked":["Sever Soul","Shockwave","Corruption"],"picked":"SKIP","floor":6},{"not_picked":["Clothesline","Intimidate","Sever Soul"],"picked":"SKIP","floor":8},{"not_picked":["Perfected Strike","Fire Breathing"],"picked":"Twin Strike","floor":11},{"not_picked":["Body Slam","Anger"],"picked":"Twin Strike","floor":12},{"not_picked":["Feel No Pain","Flex"],"picked":"Feed","floor":13},{"not_picked":["Double Tap","Exhume"],"picked":"Reaper","floor":16},{"not_picked":["Clash"],"picked":"SKIP","floor":18},{"not_picked":["Warcry"],"picked":"SKIP","floor":21},{"not_picked":["Heavy Blade"],"picked":"SKIP","floor":24},{"not_picked":["Anger"],"picked":"SKIP","floor":25},{"not_picked":[],"picked":"Pommel Strike","floor":29},{"not_picked":["Sever Soul+1"],"picked":"SKIP","floor":30},{"not_picked":[],"picked":"Rampage","floor":31}],"player_experience":518127,"relics_obtained":[{"floor":6,"key":"Smiling Mask"},{"floor":9,"key":"Boot"},{"floor":11,"key":"Vajra"},{"floor":13,"key":"Gremlin Horn"},{"floor":20,"key":"Red Mask"},{"floor":25,"key":"Lantern"},{"floor":26,"key":"Pear"}],"event_choices":[{"damage_healed":0,"gold_gain":0,"player_choice":"Ignored","damage_taken":0,"max_hp_gain":0,"max_hp_loss":0,"event_name":"Transmorgrifier","floor":2,"gold_loss":0},{"damage_healed":0,"gold_gain":0,"player_choice":"Relic ","damage_taken":7,"max_hp_gain":0,"max_hp_loss":0,"event_name":"betterThird:BetterScrap","floor":10,"gold_loss":0,"cards_obtained":["WreathOfFlame"]},{"damage_healed":0,"gold_gain":0,"player_choice":"Fought Bandits","damage_taken":0,"max_hp_gain":0,"max_hp_loss":0,"event_name":"Masked Bandits","floor":20,"gold_loss":0},{"damage_healed":0,"gold_gain":0,"player_choice":"Ignored","damage_taken":0,"max_hp_gain":0,"max_hp_loss":0,"event_name":"Ghosts","floor":22,"gold_loss":0},{"damage_healed":0,"gold_gain":0,"player_choice":"Traded Relic","damage_taken":0,"relics_obtained":["Nloth\u0027s Gift"],"max_hp_gain":0,"max_hp_loss":0,"event_name":"N\u0027loth","floor":27,"relics_lost":["Pear"],"gold_loss":0}],"is_beta":false,"boss_relics":[{"not_picked":["Pandora\u0027s Box","Calling Bell"],"picked":"Busted Crown"}],"items_purged_floors":[4,14,14,19],"is_endless":false,"potions_floor_spawned":[5,6,8,12,18,21,29],"killed_by":"Collector","ascension_level":1}}