{"host":"tgxjhppmfnb48qou","time":1608689910,"event":{"mods":["Aspiration","BaseMod","Better Altar","Better Note","Better Sensory Stone","Better Silent Start","Better Skull","Better Third Choice","CapriCore","Conspire","Curses Come First","Energized Spire","GifTheSpireLib","Gremlin Skip","Hubris","Infinite Spire","Minty Spire (QoL Compilation)","Permanent Neow","Quick Restart","Replay The Spire","Spicy Shops","StSLib","The Marked","vexMod"],"gold_per_floor":[14,25,37,50,50,50,81,94,94,94,126,126,145,145,145,243,243,256,256,32,45,56,83,83,110,110,110,110,110,110,110,110,210,210,227,227,237,178,178,189,189,215,284,21,21,51,51,84,84,84,84,84,21,55,55,55],"floor_reached":55,"playtime":6400,"items_purged":["theMarked:Strike","theMarked:Strike","Parasite","theMarked:Strike"],"score":994,"play_id":"47a61912-fa8b-4ee0-89a4-c6e2c3d81bf2","local_time":"20201222191830","is_ascension_mode":false,"campfire_choices":[{"data":"theMarked:SoldierOfQuellstein","floor":6,"key":"SMITH"},{"floor":10,"key":"RECALL"},{"data":"theMarked:Static","floor":12,"key":"SMITH"},{"floor":15,"key":"REST"},{"data":"theMarked:Seal","floor":24,"key":"SMITH"},{"floor":28,"key":"REST"},{"data":"theMarked:SummonStrength","floor":32,"key":"SMITH"},{"floor":41,"key":"REST"},{"data":"infinitespire:Fortify","floor":47,"key":"SMITH"},{"data":"theMarked:Static","floor":49,"key":"SMITH"},{"data":"theMarked:EnhanceMovement","floor":52,"key":"SMITH"}],"circlet_count":0,"master_deck":["theMarked:Defend","theMarked:Defend","theMarked:Defend","theMarked:Defend","theMarked:SoldierOfQuellstein+1","theMarked:SummonStrength+1","theMarked:WardOff","theMarked:ContemptForTheProud","theMarked:Static+1","theMarked:EmpowerWeapon","theMarked:Static+1","theMarked:EnhanceMovement+1","theMarked:Electrify","theMarked:Seal+1","theMarked:WardOff","theMarked:GodGivenPower+1","theMarked:EternalStudent","infinitespire:Fortify+1","theMarked:ReduceFriction+1","theMarked:EnhancedHearing+1","theMarked:TwofoldDefense+1","theMarked:ComboAttacks+1"],"relics":["theMarked:ArtifactOfAir","Iron Hammer","conspire:Boomerang","Philosopher\u0027s Stone","Membership Card","hubris:TenFootPole","Frozen Egg 2","Juzu Bracelet","hubris:BundleOfHerbs","Replay:Grab Bag","energizedSpire:MagnifyingGlass","energizedSpire:SpiderWeb","theMarked:SpiritSword","hubris:Backtick","theMarked:DemonDagger","Ornamental Fan","Anchor","infinitespire:CheckeredPen","Lee\u0027s Waffle","Orichalcum","Kunai","Pet Ghost","Replay:Accelerometer"],"acts_visited":["Exordium","TheCity","TheBeyond","TheEnding"],"potions_floor_usage":[4,4,25,35,37,37,42,50,50,54,55,55],"damage_taken":[{"damage":0,"enemies":"2 Louse","floor":1,"turns":5},{"damage":1,"enemies":"Cultist","floor":2,"turns":4},{"damage":3,"enemies":"Small Slimes","floor":3,"turns":4},{"damage":0,"enemies":"Gremlin Gang","floor":4,"turns":5},{"damage":16,"enemies":"Lagavulin","floor":7,"turns":6},{"damage":0,"enemies":"3 Louse","floor":8,"turns":3},{"damage":12,"enemies":"3 Sentries","floor":11,"turns":7},{"damage":0,"enemies":"Exordium Thugs","floor":13,"turns":3},{"damage":23,"enemies":"Fading Forest","floor":16,"turns":11},{"damage":1,"enemies":"Shell Parasite","floor":18,"turns":4},{"damage":4,"enemies":"3 Byrds","floor":21,"turns":4},{"damage":0,"enemies":"Sentry and Sphere","floor":22,"turns":3},{"damage":11,"enemies":"conspire:Head Lice","floor":23,"turns":3},{"damage":20,"enemies":"Gremlin Leader","floor":25,"turns":5},{"damage":53,"enemies":"Pondfish","floor":33,"turns":8},{"damage":10,"enemies":"3 Shapes","floor":35,"turns":5},{"damage":24,"enemies":"3 Darklings","floor":37,"turns":4},{"damage":6,"enemies":"Writhing Mass","floor":40,"turns":3},{"damage":18,"enemies":"conspire:MimicChest","floor":42,"turns":4},{"damage":0,"enemies":"Giant Head","floor":46,"turns":6},{"damage":2,"enemies":"R_Hoarder","floor":48,"turns":7},{"damage":0,"enemies":"hubris:GrandSnecko","floor":50,"turns":8},{"damage":10,"enemies":"Shield and Spear","floor":54,"turns":6},{"damage":82,"enemies":"The Heart","floor":55,"turns":5}],"seed_played":"-1742210391523978437","potions_obtained":[{"floor":1,"key":"ColorlessPotion"},{"floor":3,"key":"Reflective Coating"},{"floor":13,"key":"Ancient Potion"},{"floor":16,"key":"Toxic Potion"},{"floor":25,"key":"Elixir"},{"floor":29,"key":"EntropicBrew"},{"floor":29,"key":"LiquidMemories"},{"floor":29,"key":"LiquidBronze"},{"floor":33,"key":"Adrenaline Potion"},{"floor":40,"key":"SpeedPotion"},{"floor":45,"key":"BlessingOfTheForge"},{"floor":54,"key":"Weak Potion"}],"is_trial":false,"path_per_floor":["M","M","M","M","?","R","E","M","T","R","E","R","M","?","R","B",null,"M","?","$","M","M","E","R","E","T","?","R","?","AVR","?","R","B",null,"M","?","M","?","?","M","R","?","T","$","?","E","R","E","R","B",null,"R","$","E","B"],"character_chosen":"THE_DEFAULT","items_purchased":["Membership Card","hubris:TenFootPole","Lee\u0027s Waffle","theMarked:EnhancedHearing+1","Orichalcum"],"campfire_rested":3,"item_purchase_floors":[20,20,44,44,44],"current_hp_per_floor":[70,69,66,66,66,66,50,50,50,50,38,38,38,38,59,46,70,69,69,69,65,65,54,54,34,34,34,55,55,55,55,55,2,70,60,51,35,35,35,29,50,35,35,74,74,74,74,72,72,72,74,74,74,64,0,0],"gold":55,"neow_bonus":"THREE_RARE_CARDS","is_daily":false,"chose_seed":false,"campfire_upgraded":7,"win_rate":0.0,"timestamp":1608689910,"path_taken":["M","M","M","M","?","R","E","?","T","R","E","R","M","?","R","BOSS","M","?","$","M","M","E","R","E","T","?","R","?","AVR","?","R","BOSS","M","?","M","?","?","M","R","?","T","$","?","E","R","E","R","BOSS","R","$","E","BOSS"],"items_purchased_type":["Relic","Relic","Relic","Card","Relic"],"build_version":"2020-12-13","purchased_purges":4,"victory":false,"max_hp_per_floor":[70,70,70,70,70,70,70,70,70,70,70,70,70,70,70,70,70,70,70,70,70,70,70,70,70,70,70,70,70,70,70,70,70,70,70,70,70,70,70,70,70,70,70,74,74,74,74,74,74,74,74,74,74,74,74,74],"card_choices":[{"not_picked":["theMarked:DispelDoubt","theMarked:FavorableWinds"],"picked":"theMarked:SummonStrength","floor":0},{"not_picked":["theMarked:CreepingChasm","theMarked:ResourceFulStrike"],"picked":"theMarked:WardOff","floor":1},{"not_picked":["theMarked:Parkour","theMarked:ChainLightning"],"picked":"theMarked:ContemptForTheProud","floor":2},{"not_picked":["theMarked:Improvise","theMarked:WastefulAttack","theMarked:WastefulDefense"],"picked":"SKIP","floor":3},{"not_picked":["theMarked:TunnelVision","theMarked:WastefulAttack"],"picked":"theMarked:Static","floor":4},{"not_picked":["theMarked:TakeOffHeels","theMarked:SwordAndMagic","theMarked:UnarmedFury"],"picked":"SKIP","floor":7},{"not_picked":["theMarked:SwordAndMagic","theMarked:Improvise"],"picked":"theMarked:EmpowerWeapon","floor":8},{"not_picked":["theMarked:ResourceFulStrike","theMarked:ElectricStrings"],"picked":"theMarked:Static","floor":11},{"not_picked":["theMarked:KeepCalmAndFightOn","theMarked:MaelstromOfLightning"],"picked":"theMarked:EnhanceMovement","floor":13},{"not_picked":["theMarked:EnhanceMovement+1","theMarked:Electrocute"],"picked":"theMarked:Electrify","floor":18},{"not_picked":["theMarked:TwofoldDefense+1","theMarked:TunnelVision+1"],"picked":"theMarked:Seal","floor":21},{"not_picked":["theMarked:HeightenedSenses","theMarked:ElectricStrings","theMarked:Seal"],"picked":"SKIP","floor":22},{"not_picked":["theMarked:ElectricStrings+1","theMarked:Generate"],"picked":"theMarked:WardOff","floor":23},{"not_picked":["theMarked:EmpowerWeapon+1","theMarked:Overcharge"],"picked":"theMarked:GodGivenPower+1","floor":25},{"not_picked":["theMarked:DispelDoubt","theMarked:TakeOffHeels"],"picked":"theMarked:EternalStudent","floor":33},{"not_picked":["theMarked:SwordAndMagic","theMarked:Electrocute+1","theMarked:TwofoldDefense"],"picked":"SKIP","floor":35},{"not_picked":["infinitespire:SealOfDarkness+","infinitespire:FinalStrike"],"picked":"infinitespire:Fortify","floor":36},{"not_picked":["theMarked:Improvise+1","theMarked:BanishingStrike+1"],"picked":"theMarked:ReduceFriction","floor":37},{"not_picked":["theMarked:RepellingDischarge","theMarked:EmpowerWeapon+1","theMarked:HeightenedSenses+1"],"picked":"SKIP","floor":40},{"not_picked":["theMarked:RepellingDischarge","theMarked:WastefulDefense"],"picked":"theMarked:TwofoldDefense+1","floor":46},{"not_picked":["theMarked:MagicAdept+1","theMarked:GodGivenPower+1"],"picked":"theMarked:ComboAttacks+1","floor":48},{"not_picked":["theMarked:EnhancedHearing+1","theMarked:BanishingWave","theMarked:Panic"],"picked":"SKIP","floor":54}],"player_experience":40192,"relics_obtained":[{"floor":7,"key":"Iron Hammer"},{"floor":11,"key":"conspire:Boomerang"},{"floor":23,"key":"Frozen Egg 2"},{"floor":25,"key":"Juzu Bracelet"},{"floor":26,"key":"hubris:BundleOfHerbs"},{"floor":42,"key":"Anchor"},{"floor":43,"key":"infinitespire:CheckeredPen"},{"floor":46,"key":"Kunai"},{"floor":48,"key":"Pet Ghost"},{"floor":54,"key":"Replay:Accelerometer"}],"event_choices":[{"cards_removed":["theMarked:Strike"],"damage_healed":0,"gold_gain":0,"player_choice":"Purged","damage_taken":0,"max_hp_gain":0,"max_hp_loss":0,"event_name":"Purifier","floor":5,"gold_loss":0},{"damage_healed":0,"gold_gain":0,"player_choice":"LEAVE","damage_taken":0,"max_hp_gain":0,"max_hp_loss":0,"event_name":"betterThird:BetterScrap","floor":14,"gold_loss":0,"cards_obtained":["ReplayTheSpireMod:Shiv Toss"]},{"cards_removed":["theMarked:Strike"],"damage_healed":0,"gold_gain":0,"player_choice":"Give","damage_taken":0,"max_hp_gain":0,"max_hp_loss":0,"event_name":"betterNote:BetterNote","floor":19,"gold_loss":0,"cards_obtained":["theMarked:Strike"]},{"cards_removed":["theMarked:Strike"],"damage_healed":0,"gold_gain":0,"player_choice":"Offered Basic","damage_taken":0,"max_hp_gain":0,"max_hp_loss":0,"event_name":"Bonfire Elementals","floor":27,"gold_loss":0},{"damage_healed":0,"gold_gain":0,"player_choice":"Got Potions","damage_taken":0,"max_hp_gain":0,"max_hp_loss":0,"event_name":"Lab","floor":29,"gold_loss":0},{"damage_healed":0,"gold_gain":0,"player_choice":"Bought 0 Potions","damage_taken":0,"max_hp_gain":0,"max_hp_loss":0,"event_name":"The Woman in Blue","floor":31,"gold_loss":0},{"damage_healed":0,"gold_gain":0,"player_choice":"Paid Gold","damage_taken":0,"relics_obtained":["Ornamental Fan"],"max_hp_gain":0,"max_hp_loss":0,"event_name":"WeMeetAgain","floor":38,"gold_loss":59}],"is_beta":false,"boss_relics":[{"not_picked":["Runic Dome","hubris:HollowSoul"],"picked":"Philosopher\u0027s Stone"},{"not_picked":["aspiration:RunicSpoon","Painkiller Herb"],"picked":"Replay:Grab Bag"},{"not_picked":["energizedSpire:RedRose","Coffee Dripper"],"picked":"energizedSpire:MagnifyingGlass"},{"not_picked":["energizedSpire:NeverEndingSparkler","ReplayTheSpireMod:Onyx Gauntlets"],"picked":"energizedSpire:SpiderWeb"},{"not_picked":["Replay:Drink Me","vexMod:MysteryBossChallenge"],"picked":"theMarked:SpiritSword"},{"not_picked":["Kintsugi","Snecko Eye"],"picked":"hubris:Backtick"}],"items_purged_floors":[20,30,44,53],"is_endless":false,"potions_floor_spawned":[1,3,13,16,25,33,40,54],"killed_by":"The Heart","ascension_level":0}}