{"host":"rmsq46plbpwfbxcc","time":1608725972,"event":{"mods":["AchievementEnabler","BaseMod","Colored Map","DeckTracker","Minty Spire (QoL Compilation)","Permanent Neow","SuperFastMode"],"gold_per_floor":[109,127,127,127,52,52,52,52,52,52,84,84,84,119,119,197,247,265,49,99,111,124,124,124],"floor_reached":23,"playtime":596,"items_purged":[],"score":351,"play_id":"bd1c09b1-0be2-4467-8b20-ba39e1910d31","local_time":"20201223211932","is_ascension_mode":true,"campfire_choices":[{"data":"Neutralize","floor":6,"key":"SMITH"},{"data":"Footwork","floor":8,"key":"SMITH"},{"data":"Blur","floor":10,"key":"SMITH"},{"data":"Dagger Spray","floor":12,"key":"SMITH"},{"data":"Strike_G","floor":15,"key":"SMITH"}],"circlet_count":0,"master_deck":["AscendersBane","Strike_G+1","Strike_G+1","Strike_G","Strike_G","Strike_G","Defend_G","Defend_G","Defend_G","Defend_G","Survivor+1","Neutralize+1","Blur+1","Footwork+1","Dagger Spray+1","Glass Knife","Tactician","Terror","Blade Dance","Cloak And Dagger"],"relics":["Black Star","Meat on the Bone","Question Card","Pantograph","Pear","Shuriken","Bag of Marbles","Tiny House","Lantern"],"acts_visited":["Exordium","TheCity"],"potions_floor_usage":[11,18,21,23],"damage_taken":[{"damage":3,"enemies":"Cultist","floor":1,"turns":4},{"damage":4,"enemies":"Jaw Worm","floor":2,"turns":5},{"damage":27,"enemies":"Lagavulin","floor":11,"turns":13},{"damage":28,"enemies":"Gremlin Nob","floor":14,"turns":6},{"damage":52,"enemies":"Slime Boss","floor":16,"turns":12},{"damage":6,"enemies":"Chosen","floor":18,"turns":6},{"damage":10,"enemies":"Shell Parasite","floor":21,"turns":5},{"damage":18,"enemies":"Chosen and Byrds","floor":22,"turns":5},{"damage":47,"enemies":"Book of Stabbing","floor":23,"turns":5}],"seed_played":"6628146586572415545","potions_obtained":[{"floor":2,"key":"Fire Potion"},{"floor":16,"key":"Explosive Potion"},{"floor":17,"key":"Weak Potion"},{"floor":22,"key":"PowerPotion"}],"is_trial":false,"path_per_floor":["M","M","T","$","?","R","?","R","T","R","E","R","?","E","R","B",null,"M","$","?","M","M","E"],"character_chosen":"THE_SILENT","items_purchased":["Blade Dance","Lantern"],"campfire_rested":0,"item_purchase_floors":[19,19],"current_hp_per_floor":[56,52,52,52,52,52,52,52,52,52,47,47,47,31,31,16,66,60,60,60,50,44,0,0],"gold":124,"neow_bonus":"BOSS_RELIC","is_daily":false,"chose_seed":false,"campfire_upgraded":5,"win_rate":0.0,"timestamp":1608725972,"path_taken":["M","M","?","$","?","R","?","R","T","R","E","R","?","E","R","BOSS","M","$","?","M","M","E"],"items_purchased_type":["Card","Relic"],"build_version":"2020-12-22","purchased_purges":0,"victory":false,"max_hp_per_floor":[66,66,66,66,66,66,66,66,66,66,76,76,76,76,76,76,81,81,81,81,81,81,81,81],"card_choices":[{"not_picked":["Slice","Flying Knee"],"picked":"Blur","floor":1},{"not_picked":["Tactician","Deflect"],"picked":"Footwork","floor":2},{"not_picked":["Prepared","Sucker Punch","Deflect"],"picked":"Dagger Spray","floor":11},{"not_picked":["Acrobatics","Masterful Stab","Setup","Malaise"],"picked":"SKIP","floor":14},{"not_picked":["Burst","Venomology","Doppelganger"],"picked":"Glass Knife","floor":16},{"not_picked":["Prepared","Quick Slash","Acrobatics"],"picked":"Tactician","floor":17},{"not_picked":["Choke","Infinite Blades","Heel Hook"],"picked":"Terror","floor":18},{"not_picked":["Blade Dance","Dash","All Out Attack"],"picked":"Cloak And Dagger","floor":21},{"not_picked":["Leg Sweep+1","Cloak And Dagger","Bane","Backflip"],"picked":"SKIP","floor":22}],"player_experience":1362359,"relics_obtained":[{"floor":3,"key":"Meat on the Bone"},{"floor":9,"key":"Question Card"},{"floor":11,"key":"Pantograph"},{"floor":11,"key":"Pear"},{"floor":14,"key":"Shuriken"},{"floor":14,"key":"Bag of Marbles"}],"event_choices":[{"cards_removed":["Defend_G"],"damage_healed":0,"gold_gain":0,"player_choice":"Card Removal","damage_taken":0,"max_hp_gain":0,"max_hp_loss":0,"event_name":"The Cleric","floor":5,"gold_loss":75},{"damage_healed":0,"gold_gain":0,"player_choice":"Ignored","damage_taken":0,"max_hp_gain":0,"max_hp_loss":0,"event_name":"Liars Game","floor":7,"gold_loss":0},{"damage_healed":0,"gold_gain":0,"player_choice":"Upgraded","damage_taken":0,"max_hp_gain":0,"max_hp_loss":0,"event_name":"Upgrade Shrine","floor":13,"gold_loss":0,"cards_upgraded":["Survivor"]},{"damage_healed":0,"gold_gain":50,"player_choice":"Stole From Cult","damage_taken":0,"max_hp_gain":0,"max_hp_loss":0,"event_name":"Nest","floor":20,"gold_loss":0}],"is_beta":false,"boss_relics":[{"not_picked":["Ectoplasm","Velvet Choker"],"picked":"Tiny House"}],"items_purged_floors":[],"is_endless":false,"potions_floor_spawned":[2,16,22],"killed_by":"Book of Stabbing","ascension_level":16}}