{"host":"l2dnabsh5e0fsksb","time":1608734198,"event":{"mods":["2.2 Compatiblity","BaseMod","Downfall","Minty Spire (QoL Compilation)","Quick Restart","StSLib"],"gold_per_floor":[99,99,108,292,292,330,330,366,388,74,108,108,131,131,152,265,265,115,141,168,177,96,196,196,240,83,127,152,181,209,233,260,371,380,380,408,429,114,135,135,162,187,228,153,188,247,283,304,330,330,330,369,23,23,23],"floor_reached":56,"playtime":4268,"items_purged":["Doubt","hexamod:SixthSeal","hexamod:Strike+1"],"score":1657,"play_id":"a49eb671-b58f-4c4e-9d9f-d80df3fbffee","local_time":"20201224010638","is_ascension_mode":true,"campfire_choices":[{"floor":1.0,"key":"RECALL"},{"data":"hexamod:SwordOfDarkness","floor":18.0,"key":"SMITH"},{"data":"hexamod:Strike","floor":35,"key":"SMITH"},{"data":"1","floor":40,"key":"LIFT"},{"data":"2","floor":44,"key":"LIFT"},{"data":"3","floor":54,"key":"LIFT"}],"circlet_count":0,"master_deck":["hexamod:Strike+1","hexamod:Strike+1","hexamod:Strike+1","hexamod:Defend+1","hexamod:Defend+1","hexamod:Defend+1","hexamod:Defend+1","hexamod:Sear+1","hexamod:Float+1","hexamod:RainOfEmbers+1","hexamod:Incineration+1","hexamod:SwordOfDarkness+1","hexamod:EmpoweredFlame+1","hexamod:AdvancingGuard+1","hexamod:GhostShield+1","hexamod:TimeOfNeed+1","hexamod:InspiringFlames+1","hexamod:FlamesFromBeyond+1","hexamod:ShieldOfDarkness+1","hexamod:GhostShield+1","hexamod:ThermalTransfer+1","hexamod:SoulSteal+1","hexamod:Incineration+1","hexamod:Hexaguard+1","hexamod:NightmareGuise+1","hexamod:PowerFromBeyond+1","hexamod:Hexaguard+1","hexamod:AdvancingGuard+1","hexamod:TimeOfNeed+1","CurseOfTheBell","hexamod:NecessarySacrifice+1","hexamod:GhostflameBarrier+1","hexamod:GhostOfSpirePresent+1","hexamod:CatchUp+1","hexamod:SpectralAdrenaline+1","hexamod:Rewind+1","hexamod:RainOfEmbers+1","hexamod:EmpoweredFlame","hexamod:ExtraCrispy+1","hexamod:Hexaguard+1","hexamod:ShieldOfDarkness+1","hexamod:ThermalTransfer+1"],"relics":["hexamod:SpiritBrand","downfall:HeartsMalice","CeramicFish","MealTicket","StrikeDummy","Strawberry","Oddly Smooth Stone","Lee\u0027s Waffle","Toxic Egg 2","Bag of Marbles","SlaversCollar","downfall:HeartBlessingGreen","downfall:HeartBlessingRed","downfall:GremlinWheel","FossilizedHelix","StoneCalendar","Sling","Unceasing Top","Calling Bell","Anchor","The Courier","Dead Branch","hexamod:MatchstickCase","Du-Vu Doll","Girya","Omamori","downfall:HeartBlessingBlue","Centennial Puzzle","Ginger","Shovel","Ornamental Fan","Strange Spoon","Whetstone"],"acts_visited":["Exordium","TheCity","TheBeyond","TheEnding"],"potions_floor_usage":[27,27,28,33,33,45,47],"damage_taken":[{"damage":0.0,"enemies":"Small Slimes","floor":2.0,"turns":1.0},{"damage":0.0,"enemies":"2 Louse","floor":5.0,"turns":1.0},{"damage":0.0,"enemies":"Lagavulin","floor":6.0,"turns":1.0},{"damage":13.0,"enemies":"Gremlin Nob","floor":8.0,"turns":3.0},{"damage":1.0,"enemies":"Jaw Worm","floor":9.0,"turns":3.0},{"damage":7.0,"enemies":"downfall:FleeingMerchant","floor":10.0,"turns":4.0},{"damage":40.0,"enemies":"Lagavulin","floor":11.0,"turns":6.0},{"damage":2.0,"enemies":"3 Louse","floor":13.0,"turns":4.0},{"damage":9.0,"enemies":"2 Fungi Beasts","floor":15.0,"turns":3.0},{"damage":14.0,"enemies":"downfall:Watcher","floor":16.0,"turns":9.0},{"damage":4.0,"enemies":"3 Byrds","floor":19.0,"turns":2.0},{"damage":0.0,"enemies":"Shelled Parasite and Fungi","floor":20.0,"turns":5.0},{"damage":0.0,"enemies":"downfall:FleeingMerchant","floor":22.0,"turns":4.0},{"damage":3.0,"enemies":"downfall:FleeingMerchant","floor":23.0,"turns":4.0},{"damage":9.0,"enemies":"Gremlin Leader","floor":25.0,"turns":5.0},{"damage":0.0,"enemies":"downfall:FleeingMerchant","floor":26.0,"turns":4.0},{"damage":21,"enemies":"Slavers","floor":27,"turns":5},{"damage":15,"enemies":"Snake Plant","floor":28,"turns":3},{"damage":0,"enemies":"Centurion and Healer","floor":29,"turns":5},{"damage":0,"enemies":"Cultist and Chosen","floor":30,"turns":5},{"damage":0,"enemies":"3 Cultists","floor":31,"turns":4},{"damage":0,"enemies":"Snecko","floor":32,"turns":3},{"damage":0,"enemies":"downfall:Defect","floor":33,"turns":7},{"damage":0,"enemies":"3 Darklings","floor":36,"turns":5},{"damage":0,"enemies":"3 Shapes","floor":37,"turns":5},{"damage":0,"enemies":"downfall:FleeingMerchant","floor":38,"turns":3},{"damage":0,"enemies":"3 Darklings","floor":39,"turns":3},{"damage":0,"enemies":"Transient","floor":42,"turns":5},{"damage":0,"enemies":"Nemesis","floor":43,"turns":7},{"damage":0,"enemies":"Giant Head","floor":45,"turns":6},{"damage":9,"enemies":"Mind Bloom Boss Battle","floor":46,"turns":5},{"damage":7,"enemies":"Reptomancer","floor":47,"turns":5},{"damage":20,"enemies":"Sphere and 2 Shapes","floor":48,"turns":4},{"damage":0,"enemies":"Spire Growth","floor":49,"turns":3},{"damage":18,"enemies":"downfall:Silent","floor":50,"turns":9},{"damage":0,"enemies":"downfall:CharBossMerchant","floor":52,"turns":7},{"damage":18,"enemies":"downfall:NeowBoss","floor":55,"turns":19}],"seed_played":"-7412462808514740122","potions_obtained":[{"floor":8.0,"key":"LiquidBronze"},{"floor":10.0,"key":"Swift Potion"},{"floor":11.0,"key":"BlessingOfTheForge"},{"floor":13.0,"key":"SteroidPotion"},{"floor":15.0,"key":"Weak Potion"},{"floor":16.0,"key":"sneckomod:MuddlingPotion"},{"floor":16.0,"key":"SkillPotion"},{"floor":23.0,"key":"ColorlessPotion"},{"floor":25.0,"key":"Guardian:BlockOnCardUsePotion"},{"floor":25.0,"key":"SpeedPotion"},{"floor":26.0,"key":"EssenceOfSteel"},{"floor":27,"key":"Fruit Juice"},{"floor":27,"key":"Fruit Juice"},{"floor":28,"key":"SteroidPotion"},{"floor":29,"key":"PowerPotion"},{"floor":30,"key":"FairyPotion"},{"floor":31,"key":"PowerPotion"},{"floor":33,"key":"Block Potion"},{"floor":37,"key":"DuplicationPotion"},{"floor":46,"key":"Energy Potion"},{"floor":48,"key":"Guardian:BlockOnCardUsePotion"}],"is_trial":false,"path_per_floor":["R","M","?","?","M","E","T","E","M","$","E","?","M","?","M","B",null,"R","M","M","?","$","?","T","E","$","E","M","M","M","M","M","B",null,"R","M","M","$","M","R","T","M","E","R","E","?","E","M","M","B",null,"E","$","R","B",null],"character_chosen":"THE_SPIRIT","items_purchased":["Oddly Smooth Stone","Lee\u0027s Waffle","Sling","hexamod:MatchstickCase","Du-Vu Doll","Girya","Strange Spoon","Whetstone"],"campfire_rested":0,"item_purchase_floors":[10,10,26,38,38,38,53,53],"current_hp_per_floor":[70,70,70,70,70,70,70,64,63,84,44,44,42,30,21,7,84,84,80,80,80,84,81,81,72,84,68,58,58,58,58,58,58,94,94,94,94,94,94,94,94,94,94,104,104,95,88,68,68,50,104,104,104,104,86],"gold":23,"neow_bonus":"THREE_ENEMY_KILL","is_daily":false,"chose_seed":false,"campfire_upgraded":2,"win_rate":0.0,"timestamp":1608734198,"path_taken":["R","M","?","?","M","E","T","E","?","$","E","?","M","?","M","BOSS","R","M","M","?","$","?","T","E","$","E","M","M","?","M","M","BOSS","R","M","M","$","M","R","T","M","E","R","E","?","E","M","M","BOSS","E","$","R","BOSS"],"items_purchased_type":["Relic","Relic","Relic","Relic","Relic","Relic","Relic","Relic"],"build_version":"2020-12-22","purchased_purges":3,"victory":true,"max_hp_per_floor":[70,70,70,70,70,70,70,77,77,84,84,84,84,84,84,84,84,84,84,84,84,84,84,84,84,84,89,94,94,94,94,94,94,94,94,94,94,94,94,94,94,94,94,104,104,104,104,104,104,104,104,104,104,104,104],"card_choices":[{"not_picked":["hexamod:Hexaguard","hexamod:ThermalTransfer"],"picked":"hexamod:RainOfEmbers","floor":2.0},{"not_picked":["hexamod:PhantomCloak","hexamod:NightmareGuise","hexamod:SkipABeat"],"picked":"SKIP","floor":5.0},{"not_picked":["hexamod:ThermalTransfer","hexamod:InspiringFlames"],"picked":"hexamod:Incineration","floor":6.0},{"not_picked":["hexamod:PhantomCloak","hexamod:Firestarter"],"picked":"hexamod:SwordOfDarkness","floor":8.0},{"not_picked":["hexamod:BacktrackSmack","hexamod:GhostShield"],"picked":"hexamod:FourthSeal","floor":9.0},{"not_picked":["hexamod:BacktrackSmack","hexamod:GhostflameBarrier"],"picked":"hexamod:EmpoweredFlame","floor":10.0},{"not_picked":["hexamod:EtherealExpedition+1","hexamod:BacktrackSmack"],"picked":"hexamod:AdvancingGuard+1","floor":11.0},{"not_picked":["hexamod:PhantomCloak","hexamod:HauntingEcho"],"picked":"hexamod:GhostShield+1","floor":13.0},{"not_picked":["hexamod:BacktrackSmack","hexamod:Firestarter"],"picked":"hexamod:SixthSeal","floor":15.0},{"not_picked":["hexamod:TimeWarp","hexamod:ApocalypseNow+1"],"picked":"hexamod:TimeOfNeed+1","floor":16.0},{"not_picked":["hexamod:BurningTouch+1","hexamod:Again+1"],"picked":"hexamod:InspiringFlames+1","floor":19.0},{"not_picked":["hexamod:Firestarter","hexamod:NightmareGuise+1"],"picked":"hexamod:FlamesFromBeyond+1","floor":20.0},{"not_picked":["hexamod:FastForward+1","hexamod:StepThrough+1"],"picked":"hexamod:GhostShield+1","floor":22.0},{"not_picked":["hexamod:ShieldOfDarkness+1","hexamod:GhostShield+1"],"picked":"hexamod:ThermalTransfer+1","floor":25.0},{"not_picked":["hexamod:SixthSeal","hexamod:InspiringFlames+1"],"picked":"hexamod:SoulSteal+1","floor":26.0},{"not_picked":["hexamod:ThirdSeal","hexamod:SwordOfDarkness"],"picked":"hexamod:Incineration+1","floor":27},{"not_picked":["hexamod:HeatShield+1","hexamod:SecondSeal"],"picked":"hexamod:Hexaguard+1","floor":28},{"not_picked":["hexamod:GhostLash","hexamod:HauntingEcho"],"picked":"hexamod:NightmareGuise+1","floor":29},{"not_picked":["hexamod:GhostLash","hexamod:SecondSeal"],"picked":"hexamod:PowerFromBeyond+1","floor":30},{"not_picked":["hexamod:Again+1","hexamod:PhantomCloak"],"picked":"hexamod:Hexaguard+1","floor":31},{"not_picked":["hexamod:PowerFromBeyond+1","hexamod:GhostShield+1"],"picked":"hexamod:AdvancingGuard+1","floor":32},{"not_picked":["hexamod:HexaLevel","hexamod:FifthSeal"],"picked":"hexamod:TimeOfNeed+1","floor":33},{"not_picked":["hexamod:HauntingEcho+1","hexamod:ThermalTransfer"],"picked":"hexamod:NecessarySacrifice+1","floor":36},{"not_picked":["hexamod:HauntingEcho","hexamod:FirstSeal"],"picked":"hexamod:GhostflameBarrier+1","floor":37},{"not_picked":["hexamod:ChargedBarrage+1","hexamod:PhantomCloak+1"],"picked":"hexamod:GhostOfSpirePresent+1","floor":38},{"not_picked":["hexamod:BacktrackSmack+1","hexamod:Firestarter"],"picked":"hexamod:CatchUp+1","floor":39},{"not_picked":["hexamod:ChargedBarrage+1","hexamod:BacktrackSmack+1"],"picked":"hexamod:SpectralAdrenaline+1","floor":42},{"not_picked":["hexamod:ExtraCrispy","hexamod:Firestarter"],"picked":"hexamod:Rewind+1","floor":43},{"not_picked":["hexamod:VolcanoVisage","hexamod:RetreatToShadows+1"],"picked":"hexamod:RainOfEmbers+1","floor":45},{"not_picked":["hexamod:GhostLash+1","hexamod:AdvancingGuard+1"],"picked":"hexamod:EmpoweredFlame","floor":46},{"not_picked":["hexamod:AdvancingGuard+1","hexamod:NightmareStrike+1"],"picked":"hexamod:ExtraCrispy+1","floor":47},{"not_picked":["hexamod:FourthSeal","hexamod:AdvancingGuard+1"],"picked":"hexamod:Hexaguard+1","floor":48},{"not_picked":["hexamod:NightmareGuise+1","hexamod:SpectersWail"],"picked":"hexamod:ShieldOfDarkness+1","floor":49},{"not_picked":["hexamod:ShieldOfDarkness+1","hexamod:CatchUp+1"],"picked":"hexamod:ThermalTransfer+1","floor":52}],"player_experience":1708649,"relics_obtained":[{"floor":6.0,"key":"MealTicket"},{"floor":7.0,"key":"StrikeDummy"},{"floor":8.0,"key":"Strawberry"},{"floor":11.0,"key":"Toxic Egg 2"},{"floor":23.0,"key":"downfall:GremlinWheel"},{"floor":24.0,"key":"FossilizedHelix"},{"floor":25.0,"key":"StoneCalendar"},{"floor":27,"key":"Unceasing Top"},{"floor":34,"key":"Anchor"},{"floor":34,"key":"The Courier"},{"floor":34,"key":"Dead Branch"},{"floor":43,"key":"Omamori"},{"floor":45,"key":"Centennial Puzzle"},{"floor":46,"key":"Ginger"},{"floor":47,"key":"Shovel"},{"floor":52,"key":"Ornamental Fan"}],"event_choices":[{"damage_healed":0.0,"max_hp_gain":0.0,"max_hp_loss":0.0,"gold_gain":0.0,"event_name":"Big Fish","player_choice":"Box","floor":3.0,"gold_loss":0.0,"damage_taken":0.0,"relics_obtained":["CeramicFish"],"cards_obtained":["Regret"]},{"cards_removed":["Regret"],"damage_healed":0.0,"max_hp_gain":0.0,"max_hp_loss":0.0,"gold_gain":0.0,"event_name":"The Cleric","player_choice":"Card Removal","floor":12.0,"gold_loss":0.0,"damage_taken":0.0},{"damage_healed":0.0,"max_hp_gain":0.0,"max_hp_loss":0.0,"gold_gain":0.0,"event_name":"Scrap Ooze","player_choice":"Success","floor":14.0,"gold_loss":0.0,"damage_taken":12.0,"relics_obtained":["Bag of Marbles"]},{"damage_healed":0.0,"max_hp_gain":0.0,"max_hp_loss":0.0,"gold_gain":0.0,"event_name":"The Library","player_choice":"Read","floor":21.0,"gold_loss":0.0,"damage_taken":0.0,"cards_obtained":["hexamod:ShieldOfDarkness"]},{"cards_removed":["hexamod:FourthSeal"],"damage_healed":0,"gold_gain":0,"player_choice":"Card Removal","damage_taken":0,"max_hp_gain":0,"max_hp_loss":0,"event_name":"Wheel of Change","floor":40,"gold_loss":0}],"is_beta":false,"boss_relics":[{"not_picked":["Pandora\u0027s Box","Fusion Hammer"],"picked":"SlaversCollar"},{"not_picked":["Runic Dome","Coffee Dripper"],"picked":"Calling Bell"}],"items_purged_floors":[22,38,53],"is_endless":false,"potions_floor_spawned":[8,9,13,16,23,25,27,29,31,39,43,46,48],"ascension_level":1}}