{"host":"tjcejm7olouw38z7","time":1608766079,"event":{"mods":["BaseMod","BetterRewards","Colored Powertips","Downfall","GifTheSpireLib","Minty Spire (QoL Compilation)","Shop Mod","StSLib"],"gold_per_floor":[99,119,177,189,201,211,211,225,75,87,87,114,136,159,185,197,197,197],"floor_reached":16,"playtime":3981,"items_purged":[],"score":108,"play_id":"e5ea8fc7-e908-4103-ac19-4f43661fd3e1","local_time":"20201223182759","is_ascension_mode":false,"campfire_choices":[{"floor":1,"key":"RECALL"},{"floor":9,"key":"REST"}],"circlet_count":0,"master_deck":["Guardian:Strike_Guardian","Guardian:Strike_Guardian","Guardian:Strike_Guardian","Guardian:Strike_Guardian","Guardian:Defend_Guardian","Guardian:Defend_Guardian","Guardian:Defend_Guardian","Guardian:Defend_Guardian","Guardian:CurlUp","Guardian:TwinSlam","Guardian:Reroute","Guardian:TimeBomb","Guardian:BronzeOrb","Guardian:Recover","Guardian:EvasiveProtocol","Pain","Guardian:BaubleBeam","Guardian:Gem_Red","Guardian:Gem_Crimson","Guardian:Planning"],"relics":["Guardian:ModeShifter","CaptainsWheel","downfall:HeartBlessingBlue","downfall:HeartBlessingRed","WarpedTongs","MawBank"],"acts_visited":["Exordium"],"potions_floor_usage":[3,16,16,16],"damage_taken":[{"damage":5,"enemies":"2 Louse","floor":2,"turns":3},{"damage":25,"enemies":"Gremlin Nob","floor":3,"turns":5},{"damage":0,"enemies":"Jaw Worm","floor":4,"turns":4},{"damage":1,"enemies":"Cultist","floor":5,"turns":3},{"damage":5,"enemies":"2 Fungi Beasts","floor":6,"turns":4},{"damage":8,"enemies":"Red Slaver","floor":8,"turns":5},{"damage":0,"enemies":"Large Slime","floor":10,"turns":4},{"damage":17,"enemies":"Lagavulin","floor":12,"turns":5},{"damage":4,"enemies":"3 Louse","floor":13,"turns":4},{"damage":8,"enemies":"Exordium Thugs","floor":14,"turns":5},{"damage":10,"enemies":"Exordium Wildlife","floor":15,"turns":4},{"damage":35,"enemies":"downfall:Silent","floor":16,"turns":8}],"seed_played":"-3901294709157356191","potions_obtained":[{"floor":2,"key":"Guardian:BlockOnCardUsePotion"},{"floor":3,"key":"Dexterity Potion"},{"floor":6,"key":"SteroidPotion"},{"floor":10,"key":"Ancient Potion"},{"floor":14,"key":"BlessingOfTheForge"},{"floor":15,"key":"Fire Potion"}],"is_trial":false,"path_per_floor":["R","M","?","M","M","M","T","M","R","M","?","E","M","M","M","B"],"character_chosen":"GUARDIAN","items_purchased":[],"campfire_rested":1,"item_purchase_floors":[],"current_hp_per_floor":[80,75,50,50,49,44,44,36,73,73,73,56,52,44,34,0,0,0],"gold":197,"neow_bonus":"ONE_RANDOM_RARE_CARD","is_daily":false,"chose_seed":false,"campfire_upgraded":0,"win_rate":0.0,"timestamp":1608766079,"path_taken":["R","M","?","M","M","M","T","M","R","M","?","E","M","M","M","BOSS"],"items_purchased_type":[],"build_version":"2020-12-22","purchased_purges":0,"victory":false,"max_hp_per_floor":[80,80,80,80,80,80,80,80,90,90,90,90,90,90,90,90,90,90],"card_choices":[{"not_picked":["Guardian:Suspension","Guardian:TemporalShield","Guardian:TemporalStrike"],"picked":"SKIP","floor":2},{"not_picked":["Guardian:ChargeUp","Guardian:Reroute"],"picked":"Guardian:Gem_Lightblue","floor":3},{"not_picked":["Guardian:SphericShield","Guardian:Incinerate"],"picked":"Guardian:Reroute","floor":4},{"not_picked":["Guardian:Reroute","Guardian:TemporalShield"],"picked":"Guardian:TimeBomb","floor":5},{"not_picked":["Guardian:SphericShield","Guardian:RollAttack"],"picked":"Guardian:BronzeOrb","floor":6},{"not_picked":["Guardian:Orbwalk","Guardian:Clone"],"picked":"Guardian:Recover","floor":8},{"not_picked":["Guardian:PiercingHide","Guardian:ChargeCore"],"picked":"Guardian:EvasiveProtocol","floor":10},{"not_picked":["Guardian:VentSteam","Guardian:Gem_Cyan"],"picked":"Guardian:BaubleBeam","floor":12},{"not_picked":["Guardian:PrimingBeam","Guardian:TimeCapacitor"],"picked":"Guardian:Gem_Red","floor":13},{"not_picked":["Guardian:PiercingHide","Guardian:Gem_Cyan"],"picked":"Guardian:Gem_Crimson","floor":14},{"not_picked":["Guardian:DecasProtection","Guardian:RollAttack"],"picked":"Guardian:Planning","floor":15}],"player_experience":424789,"relics_obtained":[{"floor":3,"key":"CaptainsWheel"},{"floor":12,"key":"MawBank"}],"event_choices":[],"is_beta":false,"boss_relics":[],"items_purged_floors":[],"is_endless":false,"potions_floor_spawned":[2,3,6,10,14,15],"killed_by":"downfall:Silent","ascension_level":0}}