{"host":"6azrrw3tf7wb0f4b","time":1608696950,"event":{"mods":["BaseMod","DeckTracker","Minty Spire (QoL Compilation)","SuperFastMode"],"gold_per_floor":[114,64,239,314,41,41,15,45,71,81,92,106,133,148,148,248,248,265,265,275,292,38,38,38],"floor_reached":23,"playtime":470,"items_purged":["Doubt"],"score":267,"play_id":"01d0360e-515a-4c05-9301-ac078b5d53af","local_time":"20201223131550","is_ascension_mode":true,"campfire_choices":[{"data":"Dualcast","floor":6,"key":"SMITH"},{"floor":15,"key":"REST"}],"circlet_count":0,"master_deck":["Strike_B","Defend_B","Defend_B","Defend_B+1","Zap","Dualcast+1","Multi-Cast","Barrage","Coolheaded","Rebound","Leap","Conserve Battery+1","Ball Lightning","Compile Driver","Thunder Strike","Sweeping Beam","Darkness","Steam+1","Redo","Loop"],"relics":["Cracked Core","Symbiotic Virus","Regal Pillow","Art of War","Empty Cage","War Paint"],"acts_visited":["Exordium","TheCity"],"potions_floor_usage":[8,14,16,16,21],"damage_taken":[{"damage":7,"enemies":"Small Slimes","floor":1,"turns":3},{"damage":22,"enemies":"Gremlin Nob","floor":8,"turns":4},{"damage":0,"enemies":"2 Louse","floor":10,"turns":1},{"damage":2,"enemies":"Jaw Worm","floor":11,"turns":3},{"damage":4,"enemies":"Blue Slaver","floor":12,"turns":3},{"damage":22,"enemies":"3 Louse","floor":14,"turns":3},{"damage":11,"enemies":"Hexaghost","floor":16,"turns":9},{"damage":15,"enemies":"3 Byrds","floor":18,"turns":5},{"damage":7,"enemies":"Chosen","floor":20,"turns":3},{"damage":18,"enemies":"Sentry and Sphere","floor":21,"turns":5},{"damage":33,"enemies":"Book of Stabbing","floor":23,"turns":4}],"seed_played":"1275041500766946377","potions_obtained":[{"floor":1,"key":"PotionOfCapacity"},{"floor":8,"key":"Dexterity Potion"},{"floor":18,"key":"Energy Potion"}],"is_trial":false,"path_per_floor":["M","?","?","?","$","R","$","E","T","M","M","M","T","M","R","B",null,"M","?","M","M","$","E"],"character_chosen":"DEFECT","items_purchased":["Coolheaded","Fruit Juice","Strength Potion","Rebound","War Paint","Redo","Loop"],"campfire_rested":1,"item_purchase_floors":[5,5,5,7,22,22,22],"current_hp_per_floor":[61,61,61,50,50,50,50,28,28,28,26,22,22,5,44,33,68,53,53,46,28,28,0,0],"gold":38,"neow_bonus":"ONE_RANDOM_RARE_CARD","is_daily":false,"chose_seed":false,"campfire_upgraded":1,"win_rate":0.0,"timestamp":1608696950,"path_taken":["M","?","?","?","$","R","$","E","T","M","M","M","?","M","R","BOSS","M","?","M","M","$","E"],"items_purchased_type":["Card","Potion","Potion","Card","Relic","Card","Card"],"build_version":"2020-12-13","purchased_purges":1,"victory":false,"max_hp_per_floor":[75,75,75,75,75,75,75,75,75,75,75,75,75,80,80,80,80,80,80,80,80,80,80,80],"card_choices":[{"not_picked":["Compile Driver","Aggregate"],"picked":"Barrage","floor":1},{"not_picked":["Hologram","Gash"],"picked":"Leap","floor":8},{"not_picked":["Steam","Gash"],"picked":"Conserve Battery","floor":10},{"not_picked":["Streamline","Cold Snap"],"picked":"Ball Lightning","floor":11},{"not_picked":["All For One","Lockon"],"picked":"Compile Driver","floor":12},{"not_picked":["Steam Power","Storm","Gash"],"picked":"SKIP","floor":14},{"not_picked":["Creative AI","Fission"],"picked":"Thunder Strike","floor":16},{"not_picked":["Stack+1","Blizzard"],"picked":"Sweeping Beam","floor":18},{"not_picked":["Go for the Eyes","Cold Snap+1"],"picked":"Darkness","floor":20},{"not_picked":["Auto Shields","Streamline"],"picked":"Steam+1","floor":21}],"player_experience":641546,"relics_obtained":[{"floor":8,"key":"Symbiotic Virus"},{"floor":9,"key":"Regal Pillow"},{"floor":13,"key":"Art of War"}],"event_choices":[{"cards_removed":["Strike_B"],"damage_healed":0,"gold_gain":0,"player_choice":"Card Removal","damage_taken":0,"max_hp_gain":0,"max_hp_loss":0,"event_name":"The Cleric","floor":2,"gold_loss":50},{"damage_healed":0,"gold_gain":175,"player_choice":"AGREE","damage_taken":0,"max_hp_gain":0,"max_hp_loss":0,"event_name":"Liars Game","floor":3,"gold_loss":0,"cards_obtained":["Doubt"]},{"damage_healed":0,"gold_gain":75,"player_choice":"Gather Gold","damage_taken":11,"max_hp_gain":0,"max_hp_loss":0,"event_name":"World of Goop","floor":4,"gold_loss":0},{"cards_removed":["Strike_B"],"damage_healed":0,"gold_gain":0,"player_choice":"Elegance","damage_taken":0,"max_hp_gain":0,"max_hp_loss":0,"event_name":"Back to Basics","floor":19,"gold_loss":0}],"is_beta":false,"boss_relics":[{"not_picked":["SacredBark","Runic Pyramid"],"picked":"Empty Cage"}],"items_purged_floors":[5],"is_endless":false,"potions_floor_spawned":[1,8,11,18],"killed_by":"Book of Stabbing","ascension_level":8}}