{"host":"8aazbu429xvxw5ti","time":1608710496,"event":{"mods":["2.2 Compatiblity","BaseMod","Colored Map","DeckTracker","Highlight Path","Keyboard Shortcuts","Minty Spire (QoL Compilation)","Permanent Neow","Quick Restart","StSLib","SuperFastMode","everything is the same but u backflip on backflip"],"gold_per_floor":[114,114,114,129,150,150,150,184,184,219,219,77,111,131,131,250,250,266,282,34,55,55,55,55,55],"floor_reached":24,"playtime":1258,"items_purged":["Injury","Strike_G"],"score":321,"play_id":"46d2fc2f-3bc6-437f-9bd6-fd8d0c584788","local_time":"20201223170136","is_ascension_mode":true,"campfire_choices":[{"data":"Masterful Stab","floor":6.0,"key":"SMITH"},{"floor":11.0,"key":"REST"},{"floor":15,"key":"REST"},{"floor":23,"key":"REST"}],"circlet_count":0,"master_deck":["AscendersBane","Strike_G","Strike_G","Strike_G","Strike_G","Defend_G","Defend_G","Defend_G","Defend_G","Defend_G","Survivor","Neutralize","Deadly Poison","Masterful Stab+1","Crippling Poison","Catalyst","Deadly Poison","Corpse Explosion","PiercingWail"],"relics":["Ring of the Snake","Golden Idol","HornCleat","CultistMask","Dream Catcher","Bottled Flame","Prayer Wheel","Bird Faced Urn","SlaversCollar","Bag of Marbles","MutagenicStrength"],"acts_visited":["Exordium","TheCity"],"potions_floor_usage":[16,19],"damage_taken":[{"damage":0.0,"enemies":"2 Louse","floor":1.0,"turns":5.0},{"damage":1.0,"enemies":"Jaw Worm","floor":4.0,"turns":4.0},{"damage":5.0,"enemies":"Cultist","floor":5.0,"turns":4.0},{"damage":16.0,"enemies":"3 Sentries","floor":8.0,"turns":11.0},{"damage":12.0,"enemies":"Lagavulin","floor":10.0,"turns":7.0},{"damage":12.0,"enemies":"3 Sentries","floor":13.0,"turns":9.0},{"damage":9,"enemies":"Blue Slaver","floor":14,"turns":4},{"damage":20,"enemies":"Hexaghost","floor":16,"turns":8},{"damage":21,"enemies":"Chosen","floor":18,"turns":5},{"damage":13,"enemies":"Spheric Guardian","floor":19,"turns":4},{"damage":13,"enemies":"Cultist and Chosen","floor":21,"turns":5},{"damage":0,"enemies":"Gremlin Leader","floor":24,"turns":4}],"seed_played":"-4349121935587878730","potions_obtained":[{"floor":0.0,"key":"CultistPotion"},{"floor":0.0,"key":"GhostInAJar"},{"floor":0.0,"key":"SneckoOil"},{"floor":1.0,"key":"SpeedPotion"},{"floor":4.0,"key":"SneckoOil"},{"floor":13.0,"key":"CultistPotion"},{"floor":18,"key":"Poison Potion"}],"is_trial":false,"path_per_floor":["M","?","?","M","M","R","?","E","T","E","R","$","E","M","R","B",null,"M","M","$","M","?","R","E"],"character_chosen":"THE_SILENT","items_purchased":["Crippling Poison","Bag of Marbles"],"campfire_rested":3,"item_purchase_floors":[12,20],"current_hp_per_floor":[63,63,45,44,39,39,39,23,23,11,32,32,20,11,32,12,56,35,22,22,9,9,30,30,30],"gold":55,"neow_bonus":"THREE_SMALL_POTIONS","is_daily":false,"chose_seed":false,"campfire_upgraded":1,"win_rate":0.0,"timestamp":1608710496,"path_taken":["M","?","?","M","M","R","?","E","T","E","R","$","E","?","R","BOSS","M","M","$","M","?","R","E"],"items_purchased_type":["Card","Relic"],"build_version":"2020-12-22","purchased_purges":2,"victory":false,"max_hp_per_floor":[70,70,70,70,70,70,70,70,70,70,70,70,70,70,70,70,70,70,70,70,70,70,70,70,70],"card_choices":[{"not_picked":["Sucker Punch","Prepared"],"picked":"Deadly Poison","floor":1.0},{"not_picked":["Blade Dance","Outmaneuver","Dagger Spray"],"picked":"SKIP","floor":4.0},{"not_picked":["Finisher","Underhanded Strike","Masterful Stab"],"picked":"SKIP","floor":5.0},{"not_picked":["Finisher","Underhanded Strike"],"picked":"Masterful Stab","floor":5.0},{"not_picked":["Outmaneuver","Blade Dance","Eviscerate"],"picked":"SKIP","floor":8.0},{"not_picked":["Blade Dance","Outmaneuver","Poisoned Stab"],"picked":"SKIP","floor":10.0},{"not_picked":["Distraction","Heel Hook"],"picked":"Catalyst","floor":13.0},{"not_picked":["Slice","Dagger Throw"],"picked":"Deadly Poison","floor":14},{"not_picked":["Grand Finale","Cloak And Dagger","Dagger Throw"],"picked":"SKIP","floor":14},{"not_picked":["Venomology","Malaise"],"picked":"Corpse Explosion","floor":16},{"not_picked":["Dagger Spray","Distraction+1"],"picked":"PiercingWail","floor":18},{"not_picked":["Prepared","Crippling Poison+1","Distraction"],"picked":"SKIP","floor":18},{"not_picked":["All Out Attack","Predator+1","Dagger Spray"],"picked":"SKIP","floor":19},{"not_picked":["Quick Slash","Predator+1","Flechettes"],"picked":"SKIP","floor":19},{"not_picked":["Infinite Blades","Endless Agony+1","Deflect"],"picked":"SKIP","floor":21},{"not_picked":["Prepared+1","Dash+1","Outmaneuver+1"],"picked":"SKIP","floor":21}],"player_experience":435273,"relics_obtained":[{"floor":8.0,"key":"Dream Catcher"},{"floor":9.0,"key":"Bottled Flame"},{"floor":10.0,"key":"Prayer Wheel"},{"floor":13.0,"key":"Bird Faced Urn"}],"event_choices":[{"damage_healed":0.0,"max_hp_gain":0.0,"max_hp_loss":0.0,"gold_gain":0.0,"event_name":"Golden Idol","player_choice":"Take Wound","floor":2.0,"gold_loss":0.0,"damage_taken":0.0,"relics_obtained":["Golden Idol"],"cards_obtained":["Injury"]},{"damage_healed":0.0,"max_hp_gain":0.0,"max_hp_loss":0.0,"gold_gain":0.0,"event_name":"Scrap Ooze","player_choice":"Success","floor":3.0,"gold_loss":0.0,"damage_taken":18.0,"relics_obtained":["HornCleat"]},{"damage_healed":0.0,"max_hp_gain":0.0,"max_hp_loss":0.0,"gold_gain":0.0,"event_name":"FaceTrader","player_choice":"Trade","floor":7.0,"gold_loss":0.0,"damage_taken":0.0,"relics_obtained":["CultistMask"]},{"damage_healed":0,"gold_gain":0,"player_choice":"Inject Mutagens","damage_taken":0,"relics_obtained":["MutagenicStrength"],"max_hp_gain":0,"max_hp_loss":0,"event_name":"Drug Dealer","floor":22,"gold_loss":0}],"is_beta":false,"boss_relics":[{"not_picked":["Coffee Dripper","Snecko Eye"],"picked":"SlaversCollar"}],"items_purged_floors":[12,20],"is_endless":false,"potions_floor_spawned":[1,4,13,18],"killed_by":"Gremlin Leader","ascension_level":10}}