{"host":"0fmi5fguj5lvt8pf","time":1608696026,"event":{"mods":["BaseMod","Colored Map","Curses Come First","Downfall","Minty Spire (QoL Compilation)","Permanent Neow","StSLib","Waifu the Spire"],"gold_per_floor":[99,109,126,126,126,126,126,146,146,178,188,206,381,159,178,278,278,278,298,308,508,519,73,96,111,211,211,98,98,61,75,85,188,188,188,203,220,220,236,184,209,209,209,232,246,259,34,43,53,53,53],"floor_reached":50,"playtime":3791,"items_purged":["Doubt","hexamod:Haunted","Guardian:Strike_Guardian"],"score":473,"play_id":"9daf66f2-9228-427f-80ce-6ed535353380","local_time":"20201222200026","is_ascension_mode":false,"campfire_choices":[{"data":"Guardian:CurlUp","floor":1.0,"key":"SMITH"},{"data":"Guardian:RefractedBeam","floor":6.0,"key":"SMITH"},{"data":"Guardian:GemFinder","floor":18.0,"key":"SMITH"},{"floor":27.0,"key":"REST"},{"floor":35.0,"key":"RECALL"},{"floor":47.0,"key":"REST"}],"circlet_count":0,"master_deck":["Guardian:Strike_Guardian","Guardian:Defend_Guardian","Guardian:Defend_Guardian","Guardian:CurlUp+1","Guardian:TwinSlam+1","Guardian:RefractedBeam+2","Guardian:PrimingBeam","Guardian:Reroute","Guardian:Incinerate","Guardian:GemFinder+1","Guardian:Recover+1","Guardian:Emergency+1","Guardian:StasisField","Guardian:MultiBeam","Guardian:PrismaticBarrier","Guardian:Suspension","Guardian:ChargeCore","Guardian:MultiBeam","Guardian:Orbwalk","Guardian:ShieldCharger","Guardian:Clone","Guardian:PolyBeam","Guardian:SpikerProtocol+1","Guardian:PiercingHide","Guardian:Preprogram","Guardian:CurlUp+1"],"relics":["Guardian:ModeShifter","Ginger","Whetstone","Astrolabe","Letter Opener","Ancient Tea Set","Du-Vu Doll","Guardian:StasisCodex","downfall:RedIOU","Bronze Scales","CeramicFish","downfall:HeartBlessingRed","downfall:HeartBlessingGreen","downfall:HeartBlessingBlue"],"acts_visited":["Exordium","TheCity","TheBeyond"],"potions_floor_usage":[50],"damage_taken":[{"damage":0.0,"enemies":"2 Louse","floor":2.0,"turns":3.0},{"damage":1.0,"enemies":"Jaw Worm","floor":3.0,"turns":5.0},{"damage":1.0,"enemies":"Small Slimes","floor":8.0,"turns":2.0},{"damage":44.0,"enemies":"Lagavulin","floor":10.0,"turns":12.0},{"damage":5.0,"enemies":"Exordium Wildlife","floor":11.0,"turns":4.0},{"damage":2.0,"enemies":"Large Slime","floor":12.0,"turns":6.0},{"damage":0.0,"enemies":"downfall:FleeingMerchant","floor":14.0,"turns":4.0},{"damage":2.0,"enemies":"Blue Slaver","floor":15.0,"turns":3.0},{"damage":27.0,"enemies":"downfall:Watcher","floor":16.0,"turns":10.0},{"damage":0.0,"enemies":"Shell Parasite","floor":19.0,"turns":2.0},{"damage":0.0,"enemies":"3 Byrds","floor":20.0,"turns":4.0},{"damage":20.0,"enemies":"Snake Plant","floor":22.0,"turns":4.0},{"damage":0.0,"enemies":"downfall:FleeingMerchant","floor":23.0,"turns":4.0},{"damage":10.0,"enemies":"Centurion and Healer","floor":25.0,"turns":5.0},{"damage":37.0,"enemies":"downfall:Silent","floor":26.0,"turns":8.0},{"damage":0.0,"enemies":"downfall:FleeingMerchant","floor":28.0,"turns":4.0},{"damage":0.0,"enemies":"downfall:FleeingMerchant","floor":30.0,"turns":3.0},{"damage":0.0,"enemies":"Chosen and Byrds","floor":31.0,"turns":4.0},{"damage":0.0,"enemies":"3 Cultists","floor":32.0,"turns":3.0},{"damage":13.0,"enemies":"downfall:Defect","floor":33.0,"turns":8.0},{"damage":2.0,"enemies":"3 Shapes","floor":36.0,"turns":4.0},{"damage":15.0,"enemies":"3 Darklings","floor":37.0,"turns":5.0},{"damage":13.0,"enemies":"4 Shapes","floor":39.0,"turns":5.0},{"damage":39.0,"enemies":"Transient","floor":44.0,"turns":5.0},{"damage":17.0,"enemies":"Maw","floor":45.0,"turns":8.0},{"damage":22.0,"enemies":"Sphere and 2 Shapes","floor":46.0,"turns":4.0},{"damage":21.0,"enemies":"3 Darklings","floor":49.0,"turns":4.0},{"damage":34,"enemies":"downfall:Silent","floor":50,"turns":4}],"seed_played":"-2188422896312744075","potions_obtained":[{"floor":10.0,"key":"Swift Potion"},{"floor":11.0,"key":"PowerPotion"},{"floor":12.0,"key":"CultistPotion"},{"floor":25.0,"key":"BlessingOfTheForge"},{"floor":26.0,"key":"BlessingOfTheForge"},{"floor":31.0,"key":"FairyPotion"},{"floor":39.0,"key":"Ancient Potion"},{"floor":49.0,"key":"PowerPotion"}],"is_trial":false,"path_per_floor":["R","M","M","?","?","R","T","M","?","E","M","M","?","$","M","B",null,"R","M","M","?","M","$","T","M","?","R","$","?","$","M","M","B",null,"R","M","M","?","M","$","T","$","?","M","M","M","R","?","M","B"],"character_chosen":"GUARDIAN","items_purchased":["Guardian:Reroute","Regen Potion","Guardian:MultiBeam","Letter Opener","Dexterity Potion","FearPotion","Guardian:MultiBeam","Guardian:Orbwalk","Bronze Scales","Guardian:PiercingHide"],"campfire_rested":2,"item_purchase_floors":[14,14,23,23,28,28,30,30,30,40],"current_hp_per_floor":[72,72,71,76,73,73,73,72,72,28,23,21,21,21,19,7,77,77,77,77,77,57,57,57,47,10,33,33,33,33,33,33,20,77,77,75,60,60,47,47,47,47,47,8,23,1,37,37,16,0,0],"gold":53,"neow_bonus":"ONE_RARE_RELIC","is_daily":false,"chose_seed":false,"campfire_upgraded":3,"win_rate":0.0,"timestamp":1608696026,"path_taken":["R","M","M","?","?","R","T","M","?","E","?","M","?","?","M","BOSS","R","M","M","?","M","$","T","M","?","R","$","?","$","M","M","BOSS","R","M","M","?","M","?","T","$","?","M","M","M","R","?","M","BOSS"],"items_purchased_type":["Card","Potion","Card","Relic","Potion","Potion","Card","Card","Relic","Card"],"build_version":"2020-12-13","purchased_purges":3,"victory":false,"max_hp_per_floor":[72,72,72,77,77,77,77,77,77,77,77,77,77,77,77,77,77,77,77,77,77,77,77,77,77,77,77,77,77,77,77,77,77,77,77,77,77,77,77,77,77,77,77,77,77,77,87,87,87,87,87],"card_choices":[{"not_picked":["Guardian:RollAttack","Guardian:Gem_Blue"],"picked":"Guardian:Gem_Cyan","floor":2.0},{"not_picked":["Guardian:TemporalStrike","Guardian:ChargeCore"],"picked":"Guardian:RefractedBeam","floor":3.0},{"not_picked":["Guardian:Gem_Lightblue","Guardian:FuturePlans"],"picked":"Guardian:BronzeOrb","floor":8.0},{"not_picked":["Guardian:DecasProtection","Guardian:PiercingHide"],"picked":"Guardian:Gem_Yellow","floor":10.0},{"not_picked":["Guardian:TemporalStrike","Guardian:Gem_Lightblue","Guardian:VentSteam"],"picked":"SKIP","floor":11.0},{"not_picked":["Guardian:TemporalShield","Guardian:Gem_Lightblue","Guardian:WalkerClaw"],"picked":"SKIP","floor":12.0},{"not_picked":["Guardian:FierceBash","Guardian:Reroute"],"picked":"Guardian:PrimingBeam","floor":14.0},{"not_picked":["Guardian:Gem_Purple","Guardian:Gem_Green"],"picked":"Guardian:Incinerate","floor":15.0},{"not_picked":["Guardian:StasisStrike","Guardian:ExploitGems"],"picked":"Guardian:GemFinder","floor":16.0},{"not_picked":["Guardian:Gem_Lightblue","Guardian:Gem_Cyan"],"picked":"Guardian:Gem_White","floor":19.0},{"not_picked":["Guardian:Reroute","Guardian:VentSteam"],"picked":"Guardian:Gem_Cyan","floor":20.0},{"not_picked":["Guardian:Gem_Lightblue","Guardian:Gem_Green"],"picked":"Guardian:Gem_Cyan","floor":20.0},{"not_picked":["Guardian:Recover","Guardian:Gem_Lightblue"],"picked":"Guardian:StasisField","floor":22.0},{"not_picked":["Guardian:Gem_Red","Guardian:Harden"],"picked":"Guardian:Gem_Orange","floor":23.0},{"not_picked":["Guardian:Gem_Green","Guardian:Gem_Red"],"picked":"Guardian:Gem_Cyan","floor":25.0},{"not_picked":["Guardian:BronzeOrb","Guardian:VentSteam+1"],"picked":"Guardian:PrismaticBarrier","floor":25.0},{"not_picked":["Guardian:FuturePlans+1","Guardian:Gem_Cyan"],"picked":"Guardian:Suspension","floor":28.0},{"not_picked":["Guardian:Gem_Cyan","Guardian:Gem_Crimson"],"picked":"Guardian:ChargeCore","floor":30.0},{"not_picked":["Guardian:Gem_Yellow","Guardian:GemFire"],"picked":"Guardian:ShieldCharger","floor":31.0},{"not_picked":["Guardian:Gem_Green","Guardian:Gem_Cyan"],"picked":"Guardian:Clone","floor":32.0},{"not_picked":["Guardian:Gem_Synthetic","Guardian:AncientConstruct"],"picked":"Guardian:Gem_Orange","floor":33.0},{"not_picked":["Guardian:Gem_Cyan","Guardian:PrismaticBarrier"],"picked":"Guardian:PolyBeam","floor":36.0},{"not_picked":["Guardian:Gem_Cyan","Guardian:Gem_White"],"picked":"Guardian:SpikerProtocol+1","floor":37.0},{"not_picked":["Guardian:FloatingOrbs","Guardian:ArmoredProtocol","Guardian:CrystalBeam+1"],"picked":"SKIP","floor":39.0},{"not_picked":["Guardian:AncientConstruct","Guardian:Gem_Green"],"picked":"Guardian:Preprogram","floor":44.0},{"not_picked":["Guardian:WalkerClaw+1","Guardian:PrismaticBarrier+1","Guardian:Incinerate"],"picked":"SKIP","floor":45.0},{"not_picked":["Guardian:TimeCapacitor","Guardian:DecasProtection","Guardian:Reroute"],"picked":"SKIP","floor":46.0},{"not_picked":["Guardian:TemporalShield","Guardian:Gem_Lightblue","Guardian:VentSteam"],"picked":"SKIP","floor":49.0}],"player_experience":1235637,"relics_obtained":[{"floor":10.0,"key":"Whetstone"},{"floor":24.0,"key":"Ancient Tea Set"},{"floor":26.0,"key":"Du-Vu Doll"},{"floor":26.0,"key":"Guardian:StasisCodex"},{"floor":41.0,"key":"CeramicFish"}],"event_choices":[{"damage_healed":0.0,"max_hp_gain":5.0,"max_hp_loss":0.0,"gold_gain":0.0,"event_name":"Big Fish","player_choice":"Donut","floor":4.0,"gold_loss":0.0,"damage_taken":0.0},{"damage_healed":0.0,"max_hp_gain":0.0,"max_hp_loss":0.0,"gold_gain":0.0,"event_name":"Scrap Ooze","player_choice":"Success","floor":5.0,"gold_loss":0.0,"damage_taken":3.0,"relics_obtained":["Orichalcum"]},{"damage_healed":0.0,"max_hp_gain":0.0,"max_hp_loss":0.0,"gold_gain":0.0,"event_name":"NoteForYourself","player_choice":"Ignored","floor":38.0,"gold_loss":0.0,"damage_taken":0.0},{"cards_removed":["Guardian:BronzeOrb"],"damage_healed":0.0,"max_hp_gain":0.0,"max_hp_loss":0.0,"gold_gain":0.0,"event_name":"Falling","player_choice":"Removed Attack","floor":43.0,"gold_loss":0.0,"damage_taken":0.0},{"damage_healed":0.0,"max_hp_gain":0.0,"max_hp_loss":0.0,"gold_gain":0.0,"event_name":"Duplicator","player_choice":"Copied","floor":48.0,"gold_loss":0.0,"damage_taken":0.0,"cards_obtained":["Guardian:CurlUp"]}],"is_beta":false,"boss_relics":[{"not_picked":["Philosopher\u0027s Stone","Pandora\u0027s Box"],"picked":"Astrolabe"},{"not_picked":["Coffee Dripper","Velvet Choker","Cursed Key"]}],"items_purged_floors":[14,23,30],"is_endless":false,"potions_floor_spawned":[10,11,12,25,26,31,32,39,49],"killed_by":"downfall:Silent","ascension_level":0}}