{"host":"s41rn2jhghpwfrvz","time":1608723625,"event":{"mods":["BaseMod","Minty Spire (QoL Compilation)","Quick Restart","Relic Stats","SuperFastMode"],"gold_per_floor":[114,114,114,140,155,155,194,214,241,262,20,58,98,118,118,217,217,230,254,254,278,303,337,358,389,389,412,433,469,509,318,318,411,411,429,429,448,156,171,209,209,248,248,248,248,287,287,320,320,320,320,320,320,28,61,61],"floor_reached":57,"playtime":1658,"items_purged":["Tempest","Prepared","Evaluate"],"score":3940,"play_id":"cd035309-a21a-407b-8258-00699845d11d","local_time":"20201223134025","daily_mods":["SealedDeck","Diverse","DeadlyEvents"],"is_ascension_mode":true,"campfire_choices":[{"data":"Backflip","floor":6,"key":"SMITH"},{"data":"TalkToTheHand","floor":15,"key":"SMITH"},{"data":"Body Slam","floor":32,"key":"SMITH"},{"data":"Deep Breath","floor":41,"key":"SMITH"},{"floor":47,"key":"RECALL"},{"data":"Expertise","floor":49,"key":"SMITH"},{"data":"Adrenaline","floor":53,"key":"SMITH"}],"circlet_count":0,"master_deck":["AscendersBane","Beam Cell+1","Expertise+1","TalkToTheHand+1","Backflip+1","Body Slam+1","Adrenaline+1","TalkToTheHand+1","Body Slam+1","Deep Breath+1","Adrenaline"],"relics":["Burning Blood","Golden Idol","Happy Flower","Lantern","OrangePellets","Gambling Chip","Tiny Chest","Empty Cage","MealTicket","Shuriken","Letter Opener","InkBottle","Lizard Tail","Busted Crown","Darkstone Periapt","Oddly Smooth Stone","Calipers","Girya","Orichalcum","Potion Belt","Frozen Egg 2","ClockworkSouvenir","Whetstone"],"acts_visited":["Exordium","TheCity","TheBeyond","TheEnding"],"potions_floor_usage":[18,56,56,56,56],"damage_taken":[{"damage":0,"enemies":"Jaw Worm","floor":1,"turns":2},{"damage":0,"enemies":"2 Louse","floor":5,"turns":2},{"damage":0,"enemies":"Gremlin Nob","floor":7,"turns":2},{"damage":0,"enemies":"Cultist","floor":8,"turns":2},{"damage":0,"enemies":"Blue Slaver","floor":10,"turns":1},{"damage":0,"enemies":"3 Sentries","floor":12,"turns":3},{"damage":0,"enemies":"Lagavulin","floor":13,"turns":3},{"damage":0,"enemies":"Exordium Thugs","floor":14,"turns":2},{"damage":1,"enemies":"Hexaghost","floor":16,"turns":3},{"damage":0,"enemies":"2 Thieves","floor":18,"turns":1},{"damage":0,"enemies":"3 Byrds","floor":19,"turns":2},{"damage":0,"enemies":"Sentry and Sphere","floor":21,"turns":3},{"damage":0,"enemies":"3 Cultists","floor":22,"turns":2},{"damage":1,"enemies":"Slavers","floor":23,"turns":2},{"damage":0,"enemies":"Centurion and Healer","floor":24,"turns":3},{"damage":0,"enemies":"Gremlin Leader","floor":25,"turns":1},{"damage":0,"enemies":"Snake Plant","floor":27,"turns":1},{"damage":0,"enemies":"3 Cultists","floor":28,"turns":2},{"damage":0,"enemies":"Book of Stabbing","floor":29,"turns":2},{"damage":0,"enemies":"Gremlin Leader","floor":30,"turns":1},{"damage":0,"enemies":"Collector","floor":33,"turns":2},{"damage":0,"enemies":"3 Darklings","floor":35,"turns":1},{"damage":0,"enemies":"Orb Walker","floor":37,"turns":1},{"damage":0,"enemies":"3 Darklings","floor":39,"turns":1},{"damage":0,"enemies":"Nemesis","floor":40,"turns":1},{"damage":0,"enemies":"Reptomancer","floor":42,"turns":1},{"damage":0,"enemies":"Giant Head","floor":46,"turns":1},{"damage":0,"enemies":"Nemesis","floor":48,"turns":1},{"damage":0,"enemies":"Time Eater","floor":50,"turns":2},{"damage":0,"enemies":"Awakened One","floor":51,"turns":2},{"damage":0,"enemies":"Shield and Spear","floor":55,"turns":1},{"damage":0,"enemies":"The Heart","floor":56,"turns":5}],"seed_played":"6505210252379478158","potions_obtained":[{"floor":5,"key":"Explosive Potion"},{"floor":8,"key":"Block Potion"},{"floor":14,"key":"Fruit Juice"},{"floor":18,"key":"SpeedPotion"},{"floor":30,"key":"Dexterity Potion"},{"floor":48,"key":"FearPotion"}],"is_trial":true,"path_per_floor":["M","?","?","T","M","R","E","M","T","M","$","E","E","M","R","B",null,"M","M","?","M","M","E","M","E","T","M","M","E","E","$","R","B",null,"M","T","M","$","M","E","R","E","T","$","?","E","R","E","R","B","B",null,"R","$","E","B",null],"character_chosen":"IRONCLAD","items_purchased":["OrangePellets","Deep Breath","Oddly Smooth Stone","ClockworkSouvenir","ElixirPotion","Swift Potion"],"campfire_rested":0,"item_purchase_floors":[11,31,38,54,54,54],"current_hp_per_floor":[74,74,48,48,54,54,60,66,66,72,72,75,75,75,75,75,75,80,80,80,80,80,80,80,80,80,80,80,80,80,80,80,80,80,80,80,80,80,80,80,80,80,80,80,70,76,76,80,80,80,80,80,80,80,80,80],"gold":61,"neow_bonus":"","is_daily":false,"chose_seed":false,"campfire_upgraded":6,"win_rate":0.0,"timestamp":1608723625,"path_taken":["M","?","?","?","M","R","E","?","T","M","$","?","E","M","R","BOSS","M","M","?","M","M","E","?","E","T","M","M","E","?","$","R","BOSS","M","?","M","$","M","E","R","E","T","$","?","E","R","E","R","BOSS","BOSS","R","$","E","BOSS"],"items_purchased_type":["Relic","Card","Relic","Relic","Potion","Potion"],"build_version":"2020-12-22","purchased_purges":3,"victory":true,"max_hp_per_floor":[75,75,75,75,75,75,75,75,75,75,75,75,75,75,75,75,75,80,80,80,80,80,80,80,80,80,80,80,80,80,80,80,80,80,80,80,80,80,80,80,80,80,80,80,80,80,80,80,80,80,80,80,80,80,80,80],"relic_stats":{"Darkstone Periapt":0,"Happy Flower":[17],"counters":[32,59],"Golden Idol":242,"Letter Opener":[231],"Whetstone":["Beam Cell"],"Orichalcum":[0],"Burning Blood":45,"OrangePellets":[0],"Lizard Tail":0,"Busted Crown":22,"Shuriken":[67],"Gambling Chip":[9],"Tiny Chest":1,"MealTicket":0,"obtain_stats":[{"Darkstone Periapt":36,"Potion Belt":46,"Girya":42,"Lantern":9,"Calipers":40,"Happy Flower":7,"Golden Idol":3,"Oddly Smooth Stone":38,"Letter Opener":26,"Whetstone":55,"Orichalcum":43,"Frozen Egg 2":48,"Empty Cage":17,"Burning Blood":0,"ClockworkSouvenir":54,"OrangePellets":11,"Lizard Tail":30,"Busted Crown":34,"Shuriken":25,"Gambling Chip":12,"Tiny Chest":13,"MealTicket":23,"InkBottle":29},{"Darkstone Periapt":22,"Potion Belt":27,"Girya":26,"Lantern":4,"Calipers":25,"Happy Flower":3,"Golden Idol":1,"Oddly Smooth Stone":23,"Letter Opener":16,"Whetstone":31,"Orichalcum":26,"Frozen Egg 2":28,"Empty Cage":9,"Burning Blood":0,"ClockworkSouvenir":30,"OrangePellets":5,"Lizard Tail":20,"Busted Crown":21,"Shuriken":16,"Gambling Chip":6,"Tiny Chest":7,"MealTicket":14,"InkBottle":19},{"Darkstone Periapt":43,"Potion Belt":48,"Girya":47,"Lantern":8,"Calipers":46,"Happy Flower":6,"Golden Idol":2,"Oddly Smooth Stone":44,"Letter Opener":34,"Whetstone":54,"Orichalcum":47,"Frozen Egg 2":49,"Empty Cage":20,"Burning Blood":0,"ClockworkSouvenir":53,"OrangePellets":9,"Lizard Tail":40,"Busted Crown":42,"Shuriken":34,"Gambling Chip":12,"Tiny Chest":15,"MealTicket":30,"InkBottle":39}],"InkBottle":[25]},"card_choices":[{"not_picked":["Twin Strike","Fusion","Redo"],"picked":"SKIP","floor":1},{"not_picked":["Slice","Clothesline","WreathOfFlame"],"picked":"SKIP","floor":5},{"not_picked":["Riddle With Holes","Dual Wield","Noxious Fumes"],"picked":"SKIP","floor":7},{"not_picked":["Wild Strike","Iron Wave","Dagger Spray"],"picked":"SKIP","floor":8},{"not_picked":["Perseverance","Shrug It Off","Intimidate"],"picked":"SKIP","floor":10},{"not_picked":["Dagger Throw","Adaptation","Cold Snap"],"picked":"SKIP","floor":12},{"not_picked":["BowlingBash","Steam Power","Conclude"],"picked":"SKIP","floor":13},{"not_picked":["Stack","Bouncing Flask","All Out Attack"],"picked":"SKIP","floor":14},{"not_picked":["All For One","Amplify"],"picked":"Adrenaline","floor":16},{"not_picked":["Dual Wield","Anger","Perfected Strike"],"picked":"SKIP","floor":18},{"not_picked":["Blade Dance","Berserk","Force Field"],"picked":"SKIP","floor":19},{"not_picked":["Dodge and Roll","Havoc","PathToVictory"],"picked":"SKIP","floor":21},{"not_picked":["Streamline","Endless Agony","Terror+1"],"picked":"SKIP","floor":22},{"not_picked":["Headbutt","Hello World","EmptyMind"],"picked":"SKIP","floor":23},{"not_picked":["Reflex","Consecrate","Halt"],"picked":"SKIP","floor":24},{"not_picked":["Disarm","Flex","Escape Plan"],"picked":"SKIP","floor":25},{"not_picked":["Heatsinks","Recycle+1"],"picked":"Body Slam","floor":27},{"not_picked":["Adaptation","Warcry+1","Sanctity+1"],"picked":"SKIP","floor":28},{"not_picked":["Phantasmal Killer","Shrug It Off","Protect"],"picked":"SKIP","floor":29},{"not_picked":["Poisoned Stab","FollowUp","Second Wind+1"],"picked":"SKIP","floor":30},{"not_picked":["Sword Boomerang"],"picked":"SKIP","floor":35},{"not_picked":["Blade Dance+1"],"picked":"SKIP","floor":37},{"not_picked":["Well Laid Plans+1"],"picked":"SKIP","floor":39},{"not_picked":["Pray"],"picked":"SKIP","floor":40},{"not_picked":[],"picked":"Adrenaline","floor":42},{"not_picked":["Anger+1"],"picked":"SKIP","floor":46},{"not_picked":["BattleHymn+1"],"picked":"SKIP","floor":48},{"not_picked":["Battle Trance+1"],"picked":"SKIP","floor":55}],"player_experience":1599353,"relics_obtained":[{"floor":7,"key":"Happy Flower"},{"floor":9,"key":"Lantern"},{"floor":12,"key":"Gambling Chip"},{"floor":13,"key":"Tiny Chest"},{"floor":23,"key":"MealTicket"},{"floor":25,"key":"Shuriken"},{"floor":26,"key":"Letter Opener"},{"floor":29,"key":"InkBottle"},{"floor":30,"key":"Lizard Tail"},{"floor":36,"key":"Darkstone Periapt"},{"floor":40,"key":"Calipers"},{"floor":42,"key":"Girya"},{"floor":43,"key":"Orichalcum"},{"floor":46,"key":"Potion Belt"},{"floor":48,"key":"Frozen Egg 2"},{"floor":55,"key":"Whetstone"}],"event_choices":[{"damage_healed":0,"gold_gain":0,"player_choice":"Grow","damage_taken":0,"max_hp_gain":0,"max_hp_loss":0,"event_name":"Living Wall","floor":2,"gold_loss":0,"cards_upgraded":["Body Slam"]},{"damage_healed":0,"gold_gain":0,"player_choice":"Take Damage","damage_taken":26,"relics_obtained":["Golden Idol"],"max_hp_gain":0,"max_hp_loss":0,"event_name":"Golden Idol","floor":3,"gold_loss":0},{"damage_healed":0,"gold_gain":0,"player_choice":"Copied","damage_taken":0,"max_hp_gain":0,"max_hp_loss":0,"event_name":"Duplicator","floor":20,"gold_loss":0,"cards_obtained":["TalkToTheHand"]},{"damage_healed":0,"gold_gain":0,"player_choice":"Memory 3","damage_taken":10,"max_hp_gain":0,"max_hp_loss":0,"event_name":"SensoryStone","floor":45,"gold_loss":0}],"is_beta":false,"boss_relics":[{"not_picked":["Sozu","SlaversCollar"],"picked":"Empty Cage"},{"not_picked":["Velvet Choker","Fusion Hammer"],"picked":"Busted Crown"}],"items_purged_floors":[11,31,38],"is_endless":false,"potions_floor_spawned":[5,8,14,18,19,21,25,30,33,40,42,48],"ascension_level":20}}