{"host":"hm3ikmf8oxbtqms2","time":1608758243,"event":{"mods":["BaseMod","Best Route Mod","Bestiary","Better Vampires","Block Reminder","Colored Map","Colored Powertips","Curses Come First","DeckTracker","Displayed Cursed Tome","Highlight Path","Minty Spire (QoL Compilation)","Quick Restart","StSLib"],"gold_per_floor":[114,124,124,10,31,31,66,91,91,127,148,184,184,228,240,377,389,425,451,463,490,107,146,146,167,167,38,38,51,84,105,105,105,105],"floor_reached":33,"playtime":3075,"items_purged":["Bash","Strike_R"],"score":347,"play_id":"9546b351-c0a0-4e73-b2a2-d7a954ff165b","local_time":"20201223161723","is_ascension_mode":true,"campfire_choices":[{"data":"Uppercut","floor":6.0,"key":"SMITH"},{"data":"Rupture","floor":13.0,"key":"SMITH"},{"data":"Wild Strike","floor":15.0,"key":"SMITH"},{"floor":24,"key":"REST"},{"floor":28,"key":"REST"},{"floor":32,"key":"REST"}],"circlet_count":0,"master_deck":["Strike_R","Strike_R","Strike_R","Strike_R","Defend_R","Defend_R","Defend_R","Defend_R","Thunderclap","Shrug It Off","Rupture+1","Uppercut+1","Shrug It Off","Offering","Wild Strike+1","Pummel","Fire Breathing","Feed","Armaments","Sword Boomerang+1","Hemokinesis"],"relics":["Burning Blood","Golden Idol","Bottled Tornado","Odd Mushroom","Blood Vial","Bronze Scales","MawBank","Busted Crown","Orichalcum","ClockworkSouvenir","Bag of Marbles","Dead Branch","Paper Frog"],"acts_visited":["Exordium","TheCity"],"potions_floor_usage":[23,33,33,33],"damage_taken":[{"damage":7.0,"enemies":"2 Louse","floor":1.0,"turns":2.0},{"damage":7.0,"enemies":"Small Slimes","floor":2.0,"turns":3.0},{"damage":3.0,"enemies":"Cultist","floor":5.0,"turns":4.0},{"damage":11.0,"enemies":"Lagavulin","floor":7.0,"turns":8.0},{"damage":15.0,"enemies":"The Mushroom Lair","floor":8.0,"turns":4.0},{"damage":19.0,"enemies":"3 Sentries","floor":10.0,"turns":9.0},{"damage":23.0,"enemies":"Red Slaver","floor":11.0,"turns":2.0},{"damage":10.0,"enemies":"Gremlin Nob","floor":12.0,"turns":4.0},{"damage":8.0,"enemies":"3 Sentries","floor":14.0,"turns":4.0},{"damage":32.0,"enemies":"The Guardian","floor":16.0,"turns":11.0},{"damage":6.0,"enemies":"3 Byrds","floor":18.0,"turns":3.0},{"damage":26.0,"enemies":"2 Thieves","floor":19.0,"turns":3.0},{"damage":18,"enemies":"Snake Plant","floor":21,"turns":4},{"damage":34,"enemies":"Gremlin Leader","floor":23,"turns":4},{"damage":29,"enemies":"Sentry and Sphere","floor":25,"turns":4},{"damage":2,"enemies":"Snecko","floor":29,"turns":3},{"damage":27,"enemies":"Book of Stabbing","floor":30,"turns":4},{"damage":24,"enemies":"3 Cultists","floor":31,"turns":5},{"damage":57,"enemies":"Champ","floor":33,"turns":8}],"seed_played":"-8988631522210095557","potions_obtained":[{"floor":1.0,"key":"SpeedPotion"},{"floor":2.0,"key":"EntropicBrew"},{"floor":5.0,"key":"SkillPotion"},{"floor":10.0,"key":"Fire Potion"},{"floor":16.0,"key":"Swift Potion"},{"floor":21,"key":"Fire Potion"},{"floor":25,"key":"EssenceOfSteel"}],"is_trial":false,"path_per_floor":["M","M","?","$","M","R","E","?","T","E","M","E","R","E","R","B",null,"M","M","?","M","$","E","R","M","T","$","R","M","E","M","R","B"],"character_chosen":"IRONCLAD","items_purchased":["Uppercut","Orichalcum","ClockworkSouvenir","Hemokinesis","ColorlessPotion"],"campfire_rested":3,"item_purchase_floors":[4,22,22,27,27],"current_hp_per_floor":[79,78,58,58,61,61,56,72,72,61,46,44,44,44,44,20,80,80,63,63,53,53,27,51,30,30,30,54,60,41,25,49,0,0],"gold":105,"neow_bonus":"THREE_CARDS","is_daily":false,"chose_seed":false,"campfire_upgraded":3,"win_rate":0.0,"timestamp":1608758243,"path_taken":["M","M","?","$","M","R","E","?","T","E","M","E","R","E","R","BOSS","M","M","?","M","$","E","R","M","T","?","R","M","E","M","R","BOSS"],"items_purchased_type":["Card","Relic","Relic","Card","Potion"],"build_version":"2020-12-22","purchased_purges":2,"victory":false,"max_hp_per_floor":[80,80,80,80,80,80,80,80,80,80,80,80,80,80,80,80,80,80,83,83,83,83,83,83,83,83,83,83,83,83,83,83,83,83],"card_choices":[{"not_picked":["Body Slam","Cleave"],"picked":"Thunderclap","floor":0.0},{"not_picked":["Evolve","Rampage"],"picked":"Shrug It Off","floor":1.0},{"not_picked":["Thunderclap","Perfected Strike"],"picked":"Rupture","floor":2.0},{"not_picked":["Clash","Heavy Blade"],"picked":"Shrug It Off","floor":5.0},{"not_picked":["Pommel Strike","Barricade"],"picked":"Offering","floor":7.0},{"not_picked":["Warcry","Iron Wave"],"picked":"Wild Strike","floor":8.0},{"not_picked":["Uppercut","Cleave"],"picked":"Pummel","floor":10.0},{"not_picked":["Warcry","Clash","Clothesline"],"picked":"SKIP","floor":11.0},{"not_picked":["Pummel","Brutality"],"picked":"Fire Breathing","floor":12.0},{"not_picked":["Clothesline","Body Slam","Sword Boomerang"],"picked":"SKIP","floor":14.0},{"not_picked":["Berserk","Fiend Fire"],"picked":"Feed","floor":16.0},{"not_picked":[],"picked":"Armaments","floor":18.0},{"not_picked":["Blood for Blood"],"picked":"SKIP","floor":19.0},{"not_picked":[],"picked":"Sword Boomerang+1","floor":21},{"not_picked":["Clash+1"],"picked":"SKIP","floor":23},{"not_picked":["Cleave"],"picked":"SKIP","floor":25},{"not_picked":["Havoc"],"picked":"SKIP","floor":29},{"not_picked":["Rage"],"picked":"SKIP","floor":30},{"not_picked":["Twin Strike"],"picked":"SKIP","floor":31}],"player_experience":219708,"relics_obtained":[{"floor":7.0,"key":"Bottled Tornado"},{"floor":8.0,"key":"Odd Mushroom"},{"floor":9.0,"key":"Blood Vial"},{"floor":10.0,"key":"Bronze Scales"},{"floor":14.0,"key":"MawBank"},{"floor":23,"key":"Bag of Marbles"},{"floor":26,"key":"Dead Branch"},{"floor":30,"key":"Paper Frog"}],"event_choices":[{"damage_healed":0.0,"max_hp_gain":0.0,"max_hp_loss":0.0,"gold_gain":0.0,"event_name":"Golden Idol","player_choice":"Take Damage","floor":3.0,"gold_loss":0.0,"damage_taken":20.0,"relics_obtained":["Golden Idol"]},{"damage_healed":0.0,"max_hp_gain":0.0,"max_hp_loss":0.0,"gold_gain":0.0,"event_name":"Mushrooms","player_choice":"Fought Mushrooms","floor":8.0,"gold_loss":0.0,"damage_taken":0.0},{"damage_healed":0,"gold_gain":0,"player_choice":"Ignored","damage_taken":0,"max_hp_gain":0,"max_hp_loss":0,"event_name":"Duplicator","floor":20,"gold_loss":0}],"is_beta":false,"boss_relics":[{"not_picked":["Ectoplasm","Runic Dome"],"picked":"Busted Crown"}],"items_purged_floors":[4,22],"is_endless":false,"potions_floor_spawned":[1,2,5,10,16,21,25],"killed_by":"Champ","ascension_level":2}}