{"host":"49pjgf1q9ev52n8z","time":1608687383,"event":{"mods":["BaseMod","Bestiary","Colored Map","Minty Spire (QoL Compilation)","Practice Mode","Relic Stats","StSLib"],"gold_per_floor":[112,125,143,154,170,203,203,229,276,276,241,253,253,25,25,104,104,116,116,128,128,128],"floor_reached":21,"playtime":1413,"items_purged":[],"score":353,"play_id":"a91fb4d2-3faa-4571-bc7d-e4d03a5a2744","local_time":"20201222173623","is_ascension_mode":true,"campfire_choices":[{"floor":7,"key":"REST"},{"floor":10,"key":"REST"},{"data":"Neutralize","floor":13,"key":"SMITH"},{"data":"Poisoned Stab","floor":15,"key":"SMITH"}],"circlet_count":0,"master_deck":["AscendersBane","Strike_G","Strike_G","Strike_G","Strike_G","Strike_G","Defend_G","Defend_G","Defend_G","Defend_G","Defend_G","Survivor","Neutralize+1","Dagger Spray","Sucker Punch","Poisoned Stab+1","Terror","Unload+1","Blur","Bane+1","Die Die Die+1","Dodge and Roll+1"],"relics":["Ring of the Snake","Molten Egg 2","Letter Opener","Boot","PreservedInsect","Black Star","The Courier"],"acts_visited":["Exordium","TheCity"],"potions_floor_usage":[6,8,16,21],"damage_taken":[{"damage":6,"enemies":"Cultist","floor":1,"turns":5},{"damage":0,"enemies":"Jaw Worm","floor":2,"turns":5},{"damage":0,"enemies":"2 Louse","floor":3,"turns":3},{"damage":6,"enemies":"Lots of Slimes","floor":4,"turns":4},{"damage":6,"enemies":"Exordium Wildlife","floor":5,"turns":4},{"damage":17,"enemies":"3 Sentries","floor":6,"turns":5},{"damage":17,"enemies":"Lagavulin","floor":8,"turns":7},{"damage":16,"enemies":"Gremlin Gang","floor":12,"turns":3},{"damage":13,"enemies":"The Guardian","floor":16,"turns":10},{"damage":8,"enemies":"Chosen","floor":18,"turns":4},{"damage":13,"enemies":"2 Thieves","floor":20,"turns":4},{"damage":54,"enemies":"Sentry and Sphere","floor":21,"turns":7}],"seed_played":"-1682710353071759101","potions_obtained":[{"floor":4,"key":"AttackPotion"},{"floor":5,"key":"DistilledChaos"},{"floor":18,"key":"GhostInAJar"}],"is_trial":false,"path_per_floor":["M","M","M","M","M","E","R","E","T","R","?","M","R","$","R","B",null,"M","?","M","M"],"character_chosen":"THE_SILENT","items_purchased":["PreservedInsect","SkillPotion"],"campfire_rested":2,"item_purchase_floors":[14,14],"current_hp_per_floor":[59,59,59,53,47,30,51,34,34,55,72,56,56,56,56,43,65,57,57,44,0,0],"gold":128,"neow_bonus":"TEN_PERCENT_HP_BONUS","is_daily":false,"chose_seed":false,"campfire_upgraded":2,"win_rate":0.0,"timestamp":1608687383,"path_taken":["M","M","?","M","M","E","R","E","T","R","?","M","R","$","R","BOSS","M","?","M","?"],"items_purchased_type":["Relic","Potion"],"build_version":"2020-12-13","purchased_purges":0,"victory":false,"max_hp_per_floor":[72,72,72,72,72,72,72,72,72,72,72,72,72,72,72,72,72,72,72,72,72,72],"relic_stats":{"counters":[12,61],"PreservedInsect":0,"Black Star":0,"Letter Opener":[25],"Boot":[22],"obtain_stats":[{"Molten Egg 2":6,"PreservedInsect":14,"The Courier":19,"Black Star":17,"Letter Opener":8,"Boot":9,"Ring of the Snake":0},{"Molten Egg 2":6,"PreservedInsect":8,"The Courier":10,"Black Star":9,"Letter Opener":7,"Boot":7,"Ring of the Snake":0},{"Molten Egg 2":26,"PreservedInsect":36,"The Courier":50,"Black Star":46,"Letter Opener":33,"Boot":33,"Ring of the Snake":0}],"Ring of the Snake":[24]},"card_choices":[{"not_picked":["Backflip","Infinite Blades"],"picked":"Dagger Spray","floor":1},{"not_picked":["Escape Plan","Dagger Spray"],"picked":"Sucker Punch","floor":2},{"not_picked":["Backflip","Deflect"],"picked":"Poisoned Stab","floor":3},{"not_picked":["Riddle With Holes","Flechettes","Dagger Spray"],"picked":"SKIP","floor":4},{"not_picked":["Acrobatics","Backflip"],"picked":"Terror","floor":5},{"not_picked":["Poisoned Stab+1","Deadly Poison"],"picked":"Unload+1","floor":6},{"not_picked":["Prepared","Masterful Stab+1"],"picked":"Blur","floor":8},{"not_picked":["Dagger Spray+1","All Out Attack+1"],"picked":"Bane+1","floor":12},{"not_picked":["After Image","A Thousand Cuts"],"picked":"Die Die Die+1","floor":16},{"not_picked":["Choke+1","PiercingWail"],"picked":"Dodge and Roll+1","floor":18},{"not_picked":["Poisoned Stab+1","Accuracy","Underhanded Strike+1"],"picked":"SKIP","floor":20}],"player_experience":604385,"relics_obtained":[{"floor":6,"key":"Molten Egg 2"},{"floor":8,"key":"Letter Opener"},{"floor":9,"key":"Boot"},{"floor":19,"key":"The Courier"}],"event_choices":[{"damage_healed":18,"gold_gain":0,"player_choice":"Healed","damage_taken":0,"max_hp_gain":0,"max_hp_loss":0,"event_name":"The Cleric","floor":11,"gold_loss":35},{"damage_healed":0,"gold_gain":0,"player_choice":"Relic","damage_taken":0,"max_hp_gain":0,"max_hp_loss":0,"event_name":"Wheel of Change","floor":19,"gold_loss":0}],"is_beta":false,"boss_relics":[{"not_picked":["Snecko Eye","HoveringKite"],"picked":"Black Star"}],"items_purged_floors":[],"is_endless":false,"potions_floor_spawned":[4,5,18],"killed_by":"Sentry and Sphere","ascension_level":17}}