{"host":"fbjkyf8096sobcph","time":1608764621,"event":{"mods":["2.2 Compatiblity","AchievementEnabler","Aspiration","BaseMod","Better Altar","Better Match","Better Note","Better Sensory Stone","Better Skull","Better Third Choice","BetterRewards","CCEM","Clawfect","Colored Map","Conspire","Downfall","GifTheSpireLib","Halation","Highlight Path","Hubris","Infinite Spire","Mimic Mod","Minty Spire (QoL Compilation)","Permanent Neow","Replay The Spire","Shop Mod","Spicy Shops","StSLib","Stuff the Spire","Unceasing Turn Reminder","Waifu the Spire","everything is the same but u backflip on backflip","slay the spire mod where everything is the same but ironclad has a cowboy hat"],"gold_per_floor":[111,143,170,182,194,48,48,76,86,86,86,102,131,127,144,161,161,161],"floor_reached":16,"playtime":1197,"items_purged":[],"score":110,"play_id":"e87ffb79-b730-4435-ac62-77d709e9b25d","local_time":"20201224000341","is_ascension_mode":false,"campfire_choices":[{"floor":1,"key":"RECALL"}],"circlet_count":0,"master_deck":["Slimebound:Strike_Slimebound","Slimebound:Strike_Slimebound","Slimebound:Strike_Slimebound","Slimebound:Tackle","Slimebound:Defend_Slimebound","Slimebound:Defend_Slimebound","Slimebound:Defend_Slimebound","Slimebound:Defend_Slimebound","Slimebound:Split","Slimebound:CorrosiveSpit","Slimebound:LeechEnergy","Slimebound:SplitAcid","Slimebound:LevelUp","Slimebound:GoopTackle+1","Slimebound:SelfFormingGoo+1","Slimebound:LevelUp","Slimebound:SlimeSlap+1","Slimebound:Equalize+1","Slimebound:SlimeSpikes"],"relics":["Slimebound:AbsorbEndCombat","MawBank","Strawberry","ReplayTheSpireMod:TigerMarble","conspire:BottledYoYo","Molten Egg 2","halation:IllGainedPizza"],"acts_visited":["Exordium"],"potions_floor_usage":[16,16,16],"damage_taken":[{"damage":7,"enemies":"2 Louse","floor":2,"turns":2},{"damage":13,"enemies":"Jaw Worm","floor":3,"turns":3},{"damage":11,"enemies":"downfall:FleeingMerchant","floor":6,"turns":4},{"damage":39,"enemies":"3 Sentries","floor":8,"turns":5},{"damage":9,"enemies":"Small Slimes","floor":9,"turns":2},{"damage":14,"enemies":"Red Slaver","floor":12,"turns":3},{"damage":35,"enemies":"Lagavulin","floor":13,"turns":5},{"damage":30,"enemies":"downfall:FleeingMerchant","floor":14,"turns":4},{"damage":18,"enemies":"3 Louse","floor":15,"turns":3},{"damage":46,"enemies":"downfall:Defect","floor":16,"turns":5}],"seed_played":"8664067571436451769","potions_obtained":[{"floor":2,"key":"Slimebound:ThreeZeroPotion"},{"floor":12,"key":"Adrenaline Potion"},{"floor":13,"key":"Weak Potion"}],"is_trial":false,"path_per_floor":["R","M","M","?","T","$","T","E","M","?","?","M","E","$","M","B"],"character_chosen":"SLIMEBOUND","items_purchased":["ReplayTheSpireMod:TigerMarble"],"campfire_rested":0,"item_purchase_floors":[6],"current_hp_per_floor":[60,60,59,66,66,64,64,37,32,32,67,53,34,30,24,0,0,0],"gold":161,"neow_bonus":"RANDOM_COMMON_RELIC","is_daily":false,"chose_seed":false,"campfire_upgraded":0,"win_rate":0.0,"timestamp":1608764621,"path_taken":["R","M","M","?","?","$","T","E","M","?","?","?","E","$","M","BOSS"],"items_purchased_type":["Relic"],"build_version":"2020-12-22","purchased_purges":0,"victory":false,"max_hp_per_floor":[60,60,60,67,67,67,67,67,67,67,67,67,67,67,67,67,67,67],"card_choices":[{"not_picked":["Slimebound:ComboTackle","Slimebound:LeechingTouch"],"picked":"Slimebound:LeechEnergy","floor":2},{"not_picked":["Slimebound:SplitMire","Slimebound:FirmFortitude"],"picked":"Slimebound:SplitAcid","floor":3},{"not_picked":["Slimebound:FormOfPuddle","Slimebound:GoopSpray"],"picked":"Slimebound:LevelUp","floor":6},{"not_picked":["Slimebound:LeechingTouch+1","Slimebound:SplitBruiser"],"picked":"Slimebound:GoopTackle+1","floor":8},{"not_picked":["Slimebound:FinishingTackle+1","Slimebound:LeechEnergy+1"],"picked":"Slimebound:SelfFormingGoo","floor":9},{"not_picked":["Slimebound:SlimeBrawl","Slimebound:TongueLash+1"],"picked":"Slimebound:LevelUp","floor":12},{"not_picked":["Slimebound:GoopSpray","Slimebound:ComboTackle+1"],"picked":"Slimebound:SlimeSlap+1","floor":13},{"not_picked":["Slimebound:GoopSpray","Slimebound:PressTheAttack+1"],"picked":"Slimebound:Equalize+1","floor":14},{"not_picked":["Slimebound:DivideAndConquer","Slimebound:TongueLash+1"],"picked":"Slimebound:SlimeSpikes","floor":15}],"player_experience":198175,"relics_obtained":[{"floor":4,"key":"Strawberry"},{"floor":7,"key":"conspire:BottledYoYo"},{"floor":8,"key":"Molten Egg 2"},{"floor":13,"key":"halation:IllGainedPizza"}],"event_choices":[{"damage_healed":35,"gold_gain":0,"player_choice":"Full Heal","damage_taken":0,"max_hp_gain":0,"max_hp_loss":0,"event_name":"Wheel of Change","floor":11,"gold_loss":0}],"is_beta":false,"boss_relics":[],"items_purged_floors":[],"is_endless":false,"potions_floor_spawned":[2,12,13],"killed_by":"downfall:Defect","ascension_level":0}}