{"host":"ilxricga2547gmyy","time":1608764100,"event":{"mods":["AchievementEnabler","BaseMod","Minty Spire (QoL Compilation)","Quick Restart","StSLib","The Cursed"],"gold_per_floor":[115,115,130,142,160,160,189,189,189,217,235,235,265,322,322,427,427,441,460,460,168,93,118,129,129,129],"floor_reached":25,"playtime":989,"items_purged":[],"score":266,"play_id":"8b9de369-023e-4e0c-af32-6b9a7143713c","local_time":"20201223235500","is_ascension_mode":false,"campfire_choices":[{"data":"TheCursedMod:ReleasedStrength","floor":6,"key":"SMITH"},{"floor":8,"key":"REST"},{"floor":12,"key":"REST"},{"floor":15,"key":"REST"}],"circlet_count":0,"master_deck":["TheCursedMod:Strike_TheCursed","TheCursedMod:Strike_TheCursed","TheCursedMod:Strike_TheCursed","TheCursedMod:Defend_TheCursed","TheCursedMod:Defend_TheCursed","TheCursedMod:Defend_TheCursed","TheCursedMod:Defend_TheCursed","TheCursedMod:CursedWand","TheCursedMod:CleanUpWorkshop","TheCursedMod:Dregs","TheCursedMod:Stigma","TheCursedMod:Stigma","TheCursedMod:ReleasedStrength+1","TheCursedMod:CursedMace","TheCursedMod:AshesToAshes","TheCursedMod:CircleOfBlood","TheCursedMod:WearCloak","TheCursedMod:Obscuration","TheCursedMod:NeowsMight+1","TheCursedMod:SurpriseAttack","TheCursedMod:CursedBlade","TheCursedMod:SpitefulPlan"],"relics":["TheCursedMod:BlackMagic101","Pear","Bird Faced Urn","Thread and Needle","Girya","Busted Crown","Letter Opener","Toxic Egg 2"],"acts_visited":["Exordium","TheCity"],"potions_floor_usage":[7,10,13,23,23,24,25],"damage_taken":[{"damage":0,"enemies":"Small Slimes","floor":1,"turns":4},{"damage":0,"enemies":"Cultist","floor":3,"turns":4},{"damage":0,"enemies":"2 Louse","floor":4,"turns":3},{"damage":11,"enemies":"Large Slime","floor":5,"turns":4},{"damage":37,"enemies":"Lagavulin","floor":7,"turns":5},{"damage":49,"enemies":"Gremlin Nob","floor":10,"turns":5},{"damage":0,"enemies":"Exordium Thugs","floor":11,"turns":4},{"damage":11,"enemies":"Lagavulin","floor":13,"turns":5},{"damage":35,"enemies":"Hexaghost","floor":16,"turns":9},{"damage":4,"enemies":"3 Byrds","floor":18,"turns":6},{"damage":0,"enemies":"Chosen","floor":19,"turns":4},{"damage":76,"enemies":"Gremlin Leader","floor":23,"turns":4},{"damage":16,"enemies":"Snecko","floor":24,"turns":5},{"damage":18,"enemies":"Cultist and Chosen","floor":25,"turns":4}],"seed_played":"3819565283785059803","potions_obtained":[{"floor":4,"key":"Energy Potion"},{"floor":7,"key":"DuplicationPotion"},{"floor":10,"key":"DistilledChaos"},{"floor":13,"key":"CultistPotion"},{"floor":16,"key":"Weak Potion"},{"floor":18,"key":"LiquidBronze"},{"floor":23,"key":"GamblersBrew"},{"floor":24,"key":"Block Potion"}],"is_trial":false,"path_per_floor":["M","?","M","M","M","R","E","R","T","E","M","R","E","?","R","B",null,"M","M","?","$","?","E","M","M"],"character_chosen":"THE_CURSED","items_purchased":["TheCursedMod:CursedBlade","Letter Opener"],"campfire_rested":3,"item_purchase_floors":[21,21],"current_hp_per_floor":[82,82,82,82,71,71,44,71,71,22,24,51,44,44,71,40,92,88,92,92,92,92,18,10,0,0],"gold":129,"neow_bonus":"TEN_PERCENT_HP_BONUS","is_daily":false,"chose_seed":false,"campfire_upgraded":1,"win_rate":0.0,"timestamp":1608764100,"path_taken":["M","?","?","M","M","R","E","R","T","E","M","R","E","?","R","BOSS","M","M","?","?","?","E","M","M"],"items_purchased_type":["Card","Relic"],"build_version":"2020-12-22","purchased_purges":0,"victory":false,"max_hp_per_floor":[82,82,82,82,82,82,92,92,92,92,92,92,92,92,92,92,92,92,92,92,92,92,92,92,92,92],"card_choices":[{"not_picked":["TheCursedMod:CursedStaff","TheCursedMod:TacticalStrike"],"picked":"TheCursedMod:Stigma","floor":1},{"not_picked":["TheCursedMod:SpitefulStrike","TheCursedMod:TacticalStrike"],"picked":"TheCursedMod:Stigma","floor":3},{"not_picked":["TheCursedMod:RapidMovement","TheCursedMod:CursedShiv"],"picked":"TheCursedMod:ReleasedStrength","floor":4},{"not_picked":["TheCursedMod:FleshFromBone","TheCursedMod:VitalStrike"],"picked":"TheCursedMod:CursedMace","floor":5},{"not_picked":["TheCursedMod:HellfireBreathing","TheCursedMod:CursedStaff"],"picked":"TheCursedMod:AshesToAshes","floor":7},{"not_picked":["TheCursedMod:SaltUponWound","TheCursedMod:PrepareRite"],"picked":"TheCursedMod:CircleOfBlood","floor":10},{"not_picked":["TheCursedMod:ReleasedStrength","TheCursedMod:ManaCirculation"],"picked":"TheCursedMod:WearCloak","floor":11},{"not_picked":["TheCursedMod:Stretching","TheCursedMod:CircleOfFlame"],"picked":"TheCursedMod:Obscuration","floor":13},{"not_picked":["TheCursedMod:AntiAging","TheCursedMod:DarkBarrier"],"picked":"TheCursedMod:NeowsMight","floor":16},{"not_picked":[],"picked":"TheCursedMod:SurpriseAttack","floor":18},{"not_picked":["TheCursedMod:RavingStaff"],"picked":"SKIP","floor":19},{"not_picked":[],"picked":"TheCursedMod:SpitefulPlan","floor":23},{"not_picked":["TheCursedMod:Stretching+1"],"picked":"SKIP","floor":24}],"player_experience":249953,"relics_obtained":[{"floor":7,"key":"Pear"},{"floor":9,"key":"Bird Faced Urn"},{"floor":10,"key":"Thread and Needle"},{"floor":13,"key":"Girya"},{"floor":23,"key":"Toxic Egg 2"}],"event_choices":[{"damage_healed":0,"gold_gain":0,"player_choice":"Ignored","damage_taken":0,"max_hp_gain":0,"max_hp_loss":0,"event_name":"NoteForYourself","floor":2,"gold_loss":0},{"damage_healed":0,"gold_gain":57,"player_choice":"Gained Gold","damage_taken":0,"max_hp_gain":0,"max_hp_loss":0,"event_name":"Golden Wing","floor":14,"gold_loss":0},{"damage_healed":0,"gold_gain":0,"player_choice":"Forge","damage_taken":0,"max_hp_gain":0,"max_hp_loss":0,"event_name":"Accursed Blacksmith","floor":20,"gold_loss":0,"cards_upgraded":["TheCursedMod:NeowsMight"]},{"cards_removed":["TheCursedMod:Strike_TheCursed"],"damage_healed":0,"gold_gain":0,"player_choice":"Gave Gold","damage_taken":0,"max_hp_gain":0,"max_hp_loss":0,"event_name":"Beggar","floor":22,"gold_loss":75}],"is_beta":false,"boss_relics":[{"not_picked":["Snecko Eye","Philosopher\u0027s Stone"],"picked":"Busted Crown"}],"items_purged_floors":[],"is_endless":false,"potions_floor_spawned":[4,7,10,13,16,18,23,24],"killed_by":"Cultist and Chosen","ascension_level":0}}