{"host":"w4b7hmige5bnqipq","time":1608731203,"event":{"mods":["BaseMod","Minty Spire (QoL Compilation)","Rare Cards Sparkle","SuperFastMode","everything is the same but u backflip on backflip","slay the spire mod where everything is the same but ironclad has a cowboy hat"],"gold_per_floor":[119,134,146,71,71,71,82,102,129,129,143,143,143],"floor_reached":12,"playtime":417,"items_purged":[],"score":137,"play_id":"7ccce807-4ddd-4863-8e4c-f0165a7afcb6","local_time":"20201223224643","is_ascension_mode":true,"campfire_choices":[{"data":"Barricade","floor":6,"key":"SMITH"},{"data":"Body Slam","floor":10,"key":"SMITH"}],"circlet_count":0,"master_deck":["AscendersBane","Strike_R","Strike_R","Strike_R","Defend_R","Defend_R","Defend_R","Defend_R","Bash","Barricade+1","Shrug It Off","Body Slam+1","Entrench","Havoc","Pommel Strike","Uppercut"],"relics":["Burning Blood","Juzu Bracelet"],"acts_visited":["Exordium"],"potions_floor_usage":[8,12],"damage_taken":[{"damage":10,"enemies":"Small Slimes","floor":1,"turns":3},{"damage":10,"enemies":"2 Louse","floor":2,"turns":4},{"damage":1,"enemies":"Cultist","floor":3,"turns":4},{"damage":9,"enemies":"3 Louse","floor":7,"turns":6},{"damage":28,"enemies":"Lots of Slimes","floor":8,"turns":4},{"damage":6,"enemies":"Exordium Wildlife","floor":11,"turns":5},{"damage":63,"enemies":"3 Sentries","floor":12,"turns":10}],"seed_played":"6553545934577407041","potions_obtained":[{"floor":2,"key":"ElixirPotion"},{"floor":7,"key":"AttackPotion"},{"floor":11,"key":"Regen Potion"}],"is_trial":false,"path_per_floor":["M","M","M","?","?","R","M","M","T","R","M","E"],"character_chosen":"IRONCLAD","items_purchased":[],"campfire_rested":0,"item_purchase_floors":[],"current_hp_per_floor":[64,60,65,65,65,65,62,40,40,40,40,0,0],"gold":143,"neow_bonus":"ONE_RANDOM_RARE_CARD","is_daily":false,"chose_seed":false,"campfire_upgraded":2,"win_rate":0.0,"timestamp":1608731203,"path_taken":["M","M","M","?","?","R","M","M","T","R","M","E"],"items_purchased_type":[],"build_version":"2020-12-22","purchased_purges":0,"victory":false,"max_hp_per_floor":[75,75,75,75,75,75,75,75,75,75,75,75,75],"card_choices":[{"not_picked":["Sword Boomerang","Bloodletting"],"picked":"Shrug It Off","floor":1},{"not_picked":["Twin Strike","Flex"],"picked":"Body Slam","floor":2},{"not_picked":["True Grit","Cleave"],"picked":"Entrench","floor":3},{"not_picked":["Warcry","Sword Boomerang"],"picked":"Havoc","floor":7},{"not_picked":["Sever Soul","Flex"],"picked":"Pommel Strike","floor":8},{"not_picked":["Sword Boomerang","Dropkick"],"picked":"Uppercut","floor":11}],"player_experience":419542,"relics_obtained":[{"floor":9,"key":"Juzu Bracelet"}],"event_choices":[{"cards_removed":["Strike_R"],"damage_healed":0,"gold_gain":0,"player_choice":"Card Removal","damage_taken":0,"max_hp_gain":0,"max_hp_loss":0,"event_name":"The Cleric","floor":4,"gold_loss":75},{"cards_removed":["Strike_R"],"damage_healed":0,"gold_gain":0,"player_choice":"Offered Basic","damage_taken":0,"max_hp_gain":0,"max_hp_loss":0,"event_name":"Bonfire Elementals","floor":5,"gold_loss":0}],"is_beta":false,"boss_relics":[],"items_purged_floors":[],"is_endless":false,"potions_floor_spawned":[2,7,11],"killed_by":"3 Sentries","ascension_level":18}}