{"host":"konjmgczbcns2r3g","time":1608698078,"event":{"mods":["AchievementEnabler","BaseMod","Colored Powertips","Hermit","Infinite Spire","Minty Spire (QoL Compilation)","Replay The Spire","StSLib","The Cursed","The Necromancer","The Servant 0.9.4"],"gold_per_floor":[110,120,132,145,158,189,201,23,71,88,102,115,115,17,17,116,116,136,156,156,156],"floor_reached":20,"playtime":1585,"items_purged":[],"score":180,"play_id":"8fb2d6f8-83e6-47fd-9cea-ff0fde3bb44e","local_time":"20201222233438","is_ascension_mode":false,"campfire_choices":[{"floor":15,"key":"REST"}],"circlet_count":0,"master_deck":["Zap","Dualcast","Gash","ReplayTheSpireMod:Calculation Training","Defragment","Gash","Beam Cell","Hologram","BasicCrystalCard","Coolheaded","Time Bomb","Redo","Dramatic Entrance","Gash","Creative AI","Conserve Battery","Replay:Hysterical Blindness","Reboot","Conserve Battery","Capacitor","Aggregate","Loop","Fusion","Undo","Darkness","Sweeping Beam","Beam Cell+1","Glacier+1"],"relics":["Cracked Core","MawBank","Pet Ghost","ReplayTheSpireMod:CursedCoin","Snack Pack","Pandora\u0027s Box"],"acts_visited":["Exordium","TheCity"],"potions_floor_usage":[4,6,11,11,16,16,19],"damage_taken":[{"damage":2,"enemies":"Small Slimes","floor":1,"turns":2},{"damage":1,"enemies":"Cultist","floor":2,"turns":3},{"damage":1,"enemies":"Jaw Worm","floor":3,"turns":3},{"damage":16,"enemies":"Gremlin Gang","floor":4,"turns":4},{"damage":18,"enemies":"2 Fungi Beasts","floor":5,"turns":3},{"damage":16,"enemies":"Lagavulin","floor":6,"turns":6},{"damage":6,"enemies":"Exordium Wildlife","floor":10,"turns":3},{"damage":0,"enemies":"Exordium Thugs","floor":11,"turns":1},{"damage":5,"enemies":"Lots of Slimes","floor":12,"turns":2},{"damage":33,"enemies":"The Guardian","floor":16,"turns":13},{"damage":17,"enemies":"Chosen","floor":18,"turns":7},{"damage":48,"enemies":"3 Byrds","floor":19,"turns":7},{"damage":21,"enemies":"Snecko","floor":20,"turns":3}],"seed_played":"1301289306538146034","potions_obtained":[{"floor":1,"key":"Block Potion"},{"floor":2,"key":"SkillPotion"},{"floor":5,"key":"Dexterity Potion"},{"floor":6,"key":"Regen Potion"},{"floor":10,"key":"infinitespire:BlackPotion"},{"floor":12,"key":"Elixir"},{"floor":13,"key":"Ancient Potion"}],"is_trial":false,"path_per_floor":["M","M","M","M","M","E","?","$","T","M","M","M","?","$","R","B",null,"M","M","M"],"character_chosen":"DEFECT","items_purchased":["Time Bomb","Redo","Dramatic Entrance","ReplayTheSpireMod:CursedCoin","Snack Pack"],"campfire_rested":1,"item_purchase_floors":[8,8,8,14,14],"current_hp_per_floor":[73,72,71,55,37,21,21,21,21,15,15,10,10,10,32,5,75,60,16,0,0],"gold":156,"neow_bonus":"THREE_CARDS","is_daily":false,"chose_seed":false,"campfire_upgraded":0,"win_rate":0.0,"timestamp":1608698078,"path_taken":["M","M","M","M","M","E","?","?","T","M","M","M","?","$","R","BOSS","M","?","M"],"items_purchased_type":["Card","Card","Card","Relic","Relic"],"build_version":"2020-12-13","purchased_purges":0,"victory":false,"max_hp_per_floor":[75,75,75,75,75,75,75,75,75,75,75,75,75,75,75,75,75,75,75,75,75],"card_choices":[{"not_picked":["Go for the Eyes","Rip and Tear"],"picked":"Gash","floor":0},{"not_picked":["BasicCrystalCard","ReplayTheSpireMod:GoodbyeWorld"],"picked":"ReplayTheSpireMod:Calculation Training","floor":1},{"not_picked":["Self Repair","Barrage"],"picked":"Defragment","floor":2},{"not_picked":["Cold Snap","Steam"],"picked":"Gash","floor":3},{"not_picked":["Blizzard","Rebound"],"picked":"Beam Cell","floor":4},{"not_picked":["Sunder","Lockon"],"picked":"Hologram","floor":5},{"not_picked":["ReplayTheSpireMod:Repulse","Reinforced Body"],"picked":"BasicCrystalCard","floor":6},{"not_picked":["Lockon","Steam Power"],"picked":"Gash","floor":10},{"not_picked":["Fusion","Barrage"],"picked":"Creative AI","floor":11},{"not_picked":["Tempest","Go for the Eyes"],"picked":"Conserve Battery","floor":12},{"not_picked":["Buffer","Echo Form"],"picked":"Reboot","floor":16},{"not_picked":["Static Discharge","Cold Snap+1"],"picked":"Beam Cell+1","floor":18},{"not_picked":["Gash","Tempest+1"],"picked":"Glacier+1","floor":19}],"player_experience":270833,"relics_obtained":[{"floor":6,"key":"MawBank"},{"floor":9,"key":"Pet Ghost"}],"event_choices":[{"damage_healed":0,"gold_gain":0,"player_choice":"1 cards matched","damage_taken":0,"max_hp_gain":0,"max_hp_loss":0,"event_name":"Match and Keep!","floor":7,"gold_loss":0,"cards_obtained":["Coolheaded"]},{"damage_healed":0,"gold_gain":0,"player_choice":"Got Potions","damage_taken":0,"max_hp_gain":0,"max_hp_loss":0,"event_name":"Lab","floor":13,"gold_loss":0}],"is_beta":false,"boss_relics":[{"not_picked":["Replay:Drink Me","Kintsugi"],"picked":"Pandora\u0027s Box"}],"items_purged_floors":[],"is_endless":false,"potions_floor_spawned":[1,2,5,6,10,12],"killed_by":"Snecko","ascension_level":0}}