{"host":"knoo6yq0od847mqf","time":1608748715,"event":{"mods":["BaseMod","Bestiary","CatGirl Mod","Displayed Cursed Tome","Downfall","Hubris","Marisa????????","Minty Spire (QoL Compilation)","Replay The Spire","StSLib","The Alterego","The Bug Knight","The Dragon Tamer"],"gold_per_floor":[116,28,28,42,42,74,84,98,98,98,125,200,200,211,211,312,312,324,324,336,354,278,278,578,578,578,606,606,606,379,407,407,507,507,521,521,534,219,237,237,268,268,268,125,125,143,143,171,171,171],"floor_reached":51,"playtime":2389,"items_purged":[],"score":789,"play_id":"1d22c7b4-50ae-4180-96fc-099cbc49ecc5","local_time":"20201223193835","is_ascension_mode":false,"campfire_choices":[{"data":"Loop","floor":10,"key":"SMITH"},{"data":"expansioncontent:Hexaburn","floor":13,"key":"SMITH"},{"floor":15,"key":"REST"},{"floor":23,"key":"REST"},{"floor":25,"key":"REST"},{"floor":28,"key":"REST"},{"data":"hubris:DuctTapeCard","floor":32,"key":"SMITH"},{"floor":40,"key":"REST"},{"floor":42,"key":"REST"},{"floor":49,"key":"REST"}],"circlet_count":0,"master_deck":["Strike_B+1","Strike_B+1","Strike_B+1","Strike_B+1","Defend_B+1","Defend_B+1","Defend_B+1","Defend_B+1","Zap","Dualcast+1","Sweeping Beam","expansioncontent:Hexaburn+1","Blizzard","Gash","Cold Snap","Hologram+1","Hello World","ReplayRNGCard+1","FIFO Queue","Genetic Algorithm","Gash","Steam Power","Zap","Go for the Eyes+1","Sunder","Gash","Hello World","hubris:DuctTapeCard+2","BootSequence+1","Loop","Loop+1","Hello World+1","Meteor Strike","hubris:Ukulele+1","alterego_mod:ClassAdvantage"],"relics":["Cracked Core","NeowsBlessing","CultistMask","hubris:TenFootPole","Replay:WaspNest","Gremlin Food","Sozu","Old Coin","Oddly Smooth Stone","Omamori","Strawberry","hubris:DuctTape","ChewingGum","Prayer Wheel","Gambling Chip","hubris:DisguiseKit","Snack Pack","Bag of Preparation"],"acts_visited":["Exordium","TheCity","TheBeyond"],"potions_floor_usage":[39],"damage_taken":[{"damage":0,"enemies":"Jaw Worm","floor":1,"turns":1},{"damage":0,"enemies":"2 Louse","floor":4,"turns":1},{"damage":0,"enemies":"Lagavulin","floor":6,"turns":1},{"damage":5,"enemies":"Cultist","floor":7,"turns":4},{"damage":12,"enemies":"Exordium Thugs","floor":8,"turns":3},{"damage":9,"enemies":"Large Slime","floor":14,"turns":6},{"damage":40,"enemies":"The Guardian","floor":16,"turns":8},{"damage":22,"enemies":"Shell Parasite","floor":18,"turns":6},{"damage":0,"enemies":"Spheric Guardian","floor":20,"turns":3},{"damage":28,"enemies":"Shelled Parasite and Fungi","floor":21,"turns":5},{"damage":26,"enemies":"Replay:Snechameleon","floor":27,"turns":4},{"damage":22,"enemies":"HollowMod:Nosk","floor":31,"turns":8},{"damage":36,"enemies":"Pondfish","floor":33,"turns":8},{"damage":12,"enemies":"Orb Walker","floor":35,"turns":4},{"damage":15,"enemies":"3 Darklings","floor":37,"turns":6},{"damage":32,"enemies":"Maw","floor":39,"turns":7},{"damage":27,"enemies":"HollowMod:StalkingDevout","floor":41,"turns":10},{"damage":24,"enemies":"Sphere and 2 Shapes","floor":46,"turns":5},{"damage":40,"enemies":"Giant Head","floor":48,"turns":9},{"damage":36,"enemies":"Replay:Hell Engine","floor":50,"turns":14}],"seed_played":"1286967939120115526","potions_obtained":[{"floor":4,"key":"Elixir"},{"floor":6,"key":"Regen Potion"}],"is_trial":false,"path_per_floor":["M","$","?","M","?","E","M","M","T","R","T","?","R","M","R","B",null,"M","?","M","M","$","R","T","R","T","E","R","?","$","E","R","B",null,"M","?","M","$","M","R","E","R","T","$","?","M","?","E","R","B",null],"character_chosen":"DEFECT","items_purchased":["expansioncontent:Hexaburn","Sunder","Strawberry","Hello World","Gambling Chip","Meteor Strike"],"campfire_rested":7,"item_purchase_floors":[2,22,30,30,38,44],"current_hp_per_floor":[75,75,75,75,75,75,70,58,58,58,58,53,53,44,66,26,75,53,53,53,25,25,47,47,69,69,43,65,65,72,50,50,14,82,70,70,55,55,38,62,35,59,59,59,59,39,39,7,31,17],"gold":171,"neow_bonus":"THREE_ENEMY_KILL","is_daily":false,"chose_seed":false,"campfire_upgraded":3,"win_rate":0.0,"timestamp":1608748715,"path_taken":["M","$","?","M","?","E","M","?","T","R","?","?","R","M","R","BOSS","M","?","M","?","$","R","?","R","T","E","R","?","$","E","R","BOSS","M","?","M","$","M","R","E","R","T","?","?","M","?","E","R","BOSS"],"items_purchased_type":["Card","Card","Relic","Card","Relic","Card"],"build_version":"2020-12-13","purchased_purges":0,"victory":true,"max_hp_per_floor":[75,75,75,75,75,75,75,75,75,75,75,75,75,75,75,75,75,75,75,75,75,75,75,75,75,75,75,75,75,82,82,82,82,82,82,82,82,82,82,82,82,82,82,82,82,82,82,82,82,82],"card_choices":[{"not_picked":["BasicCrystalCard","Rebound"],"picked":"Sweeping Beam","floor":1},{"not_picked":["Rebound","Lockon","Panic Button"],"picked":"SKIP","floor":4},{"not_picked":["Turbo","Rebound"],"picked":"Loop","floor":6},{"not_picked":["Barrage","Ball Lightning"],"picked":"ReplayRNGCard","floor":7},{"not_picked":["Conserve Battery","Hologram"],"picked":"FIFO Queue","floor":8},{"not_picked":["Leap","Undo"],"picked":"Genetic Algorithm","floor":14},{"not_picked":["Biased Cognition","Rainbow"],"picked":"Amplify","floor":16},{"not_picked":["Rebound+1","Beam Cell"],"picked":"Gash","floor":18},{"not_picked":["Steam","Cold Snap+1","Panic Button"],"picked":"SKIP","floor":20},{"not_picked":["Coolheaded","Steam"],"picked":"Go for the Eyes","floor":21},{"not_picked":["BootSequence","hubris:PowerSurge"],"picked":"Gash","floor":27},{"not_picked":["Multi-Cast","BasicCrystalCard"],"picked":"BootSequence+1","floor":31},{"not_picked":["ReplayRNGCard","hubris:SpecializedCircuitry"],"picked":"ReplayTheSpireMod:Fabricate Wheel","floor":33},{"not_picked":["Compile Driver+1","BootSequence","Sweeping Beam+1"],"picked":"SKIP","floor":35},{"not_picked":["Sweeping Beam","Barrage+1"],"picked":"Loop","floor":37},{"not_picked":["Coolheaded","BasicCrystalCard+1"],"picked":"Loop+1","floor":37},{"not_picked":["Darkness","Streamline"],"picked":"Hello World+1","floor":39},{"not_picked":["Leap+1","Rebound","Compile Driver+1"],"picked":"SKIP","floor":39},{"not_picked":["Leap+1","Rebound","Compile Driver+1"],"picked":"SKIP","floor":39},{"not_picked":["Stack","ReplayTheSpireMod:GoodbyeWorld","Coolheaded"],"picked":"SKIP","floor":41},{"not_picked":["BasicCrystalCard","ReplayTheSpireMod:Repulse","alterego_mod:BrynhildrRomantia"],"picked":"hubris:Ukulele+1","floor":46},{"not_picked":["Steam","Panic Button+1","Sunder+1","alterego_mod:Rip"],"picked":"SKIP","floor":46},{"not_picked":["Conserve Battery","Coolheaded","Amplify"],"picked":"alterego_mod:ClassAdvantage","floor":48}],"player_experience":201504,"relics_obtained":[{"floor":6,"key":"hubris:TenFootPole"},{"floor":9,"key":"Replay:WaspNest"},{"floor":11,"key":"Gremlin Food"},{"floor":24,"key":"Old Coin"},{"floor":26,"key":"Oddly Smooth Stone"},{"floor":27,"key":"Omamori"},{"floor":31,"key":"hubris:DuctTape"},{"floor":41,"key":"hubris:DisguiseKit"},{"floor":43,"key":"Snack Pack"},{"floor":48,"key":"Bag of Preparation"}],"event_choices":[{"damage_healed":0,"gold_gain":0,"player_choice":"Trade","damage_taken":0,"relics_obtained":["CultistMask"],"max_hp_gain":0,"max_hp_loss":0,"event_name":"FaceTrader","floor":5,"gold_loss":0},{"damage_healed":0,"gold_gain":75,"player_choice":"Gather Gold","damage_taken":11,"max_hp_gain":0,"max_hp_loss":0,"event_name":"World of Goop","floor":12,"gold_loss":0},{"damage_healed":0,"gold_gain":0,"player_choice":"2 cards matched","damage_taken":0,"max_hp_gain":0,"max_hp_loss":0,"event_name":"Match and Keep!","floor":19,"gold_loss":0,"cards_obtained":["Steam Power","Zap"]},{"damage_healed":0,"gold_gain":0,"player_choice":"Simplicity","damage_taken":0,"max_hp_gain":0,"max_hp_loss":0,"event_name":"Back to Basics","floor":29,"gold_loss":0,"cards_upgraded":["Strike_B","Strike_B","Strike_B","Defend_B","Defend_B"]},{"damage_healed":0,"gold_gain":0,"player_choice":"Bought 0 Potions","damage_taken":0,"max_hp_gain":0,"max_hp_loss":0,"event_name":"The Woman in Blue","floor":36,"gold_loss":0}],"is_beta":false,"boss_relics":[{"not_picked":["hubris:TerracottaHorce","Calling Bell"],"picked":"Sozu"},{"not_picked":["FrozenCore","Tiny House"],"picked":"ChewingGum"}],"items_purged_floors":[],"is_endless":false,"potions_floor_spawned":[4,6,20,21,33,37,39,41,48],"ascension_level":0}}