{"host":"ymw71f7rc9ndansy","time":1608738257,"event":{"mods":["ATMod(°¢èªMod)","Act Like it!","Aspiration","BaseMod","DeckTracker","Hubris","Library of Ruina","Library of Ruina Extra","Minty Spire (QoL Compilation)","MostiFishMod","Remove Card Discount Mod","Replay The Spire","StSLib","TestMod","¡¾ÒÅÎï¿¨ÅÆ¡¿REMEMod","²ÐÁôÖ®Îï"],"gold_per_floor":[111,111,127,105,118,152,152,172,197,225,225,239,253,279,279,351,351,362,375,163,179,179,210,210,230,254,271,267,299,109,125,125,200,200,219,219,233,246,246,246,246,271,295,338,395,395,430,482,482,482,482],"floor_reached":50,"playtime":1205,"items_purged":["LightDefense","LightAttack","LightDefense","LightAttack","LightAttack","hubris:Sloth","LightDefense","FocusedStrikes","ChargeAndCover","Dodge","FlashingStrike","LightDefense","Multislash+1"],"score":1813,"play_id":"69890d46-10dc-4e8f-bd66-319c9d89052a","local_time":"20201223234417","is_ascension_mode":true,"campfire_choices":[{"data":"CleanUp","floor":11.0,"key":"SMITH"},{"data":"testmod-AdversityCounterattack","floor":15.0,"key":"SMITH"},{"data":"Multislash","floor":24,"key":"SMITH"},{"data":"testmod-ChaoticCore","floor":32,"key":"SMITH"},{"data":"Madness","floor":40,"key":"SMITH"},{"floor":49,"key":"RECALL"}],"circlet_count":0,"master_deck":["AscendersBane","AT_MachinaRedman+1","CleanUp+1","testmod-AdversityCounterattack+1","IronWall+1","Quickness","Unlock1","TrashDisposal","testmod-ChaoticCore+1","Madness","Madness+1"],"relics":["PageOfLibrarian","testmod-TestBox","DaveBox","REME_ComplimentaryCards","AT_ATBox","ShadowXiaoBlade","PageOfRedShoes","PreservedInsect","testmod-Motorcycle","Coffee Dripper","Guide Book","Nloth\u0027s Gift","Quantum Egg","testmod-OneHitWonder","Snack Pack","testmod-Nine","PageOfPorccubus","AT_MibuBalloonWealth","Blood Vial","Bronze Scales"],"acts_visited":["Exordium","TheCity","TheBeyond"],"potions_floor_usage":[],"damage_taken":[{"damage":1.0,"enemies":"Small Slimes","floor":1.0,"turns":2.0},{"damage":0.0,"enemies":"2 Louse","floor":3.0,"turns":2.0},{"damage":0.0,"enemies":"Cultist","floor":5.0,"turns":1.0},{"damage":0.0,"enemies":"Lagavulin","floor":6.0,"turns":2.0},{"damage":0.0,"enemies":"Looter","floor":8.0,"turns":1.0},{"damage":0.0,"enemies":"Gremlin Nob","floor":10.0,"turns":1.0},{"damage":0.0,"enemies":"Exordium Thugs","floor":12.0,"turns":1.0},{"damage":0.0,"enemies":"Large Slime","floor":13.0,"turns":2.0},{"damage":0.0,"enemies":"Lagavulin","floor":14.0,"turns":1.0},{"damage":0.0,"enemies":"Hexaghost","floor":16.0,"turns":3.0},{"damage":0,"enemies":"Chosen","floor":18,"turns":1},{"damage":0,"enemies":"3 Byrds","floor":19,"turns":1},{"damage":0,"enemies":"Snake Plant","floor":21,"turns":2},{"damage":0,"enemies":"Gremlin Leader","floor":23,"turns":2},{"damage":1,"enemies":"Centurion and Healer","floor":25,"turns":2},{"damage":0,"enemies":"Snecko","floor":27,"turns":2},{"damage":0,"enemies":"Slavers","floor":29,"turns":2},{"damage":0,"enemies":"Snake Plant","floor":31,"turns":2},{"damage":0,"enemies":"Champ","floor":33,"turns":2},{"damage":38,"enemies":"3 Shapes","floor":35,"turns":2},{"damage":0,"enemies":"Orb Walker","floor":37,"turns":2},{"damage":22,"enemies":"4 Shapes","floor":38,"turns":3},{"damage":0,"enemies":"Giant Head","floor":42,"turns":3},{"damage":22,"enemies":"Writhing Mass","floor":44,"turns":3},{"damage":14,"enemies":"R_Hoarder","floor":45,"turns":4},{"damage":0,"enemies":"Maw","floor":47,"turns":3},{"damage":0,"enemies":"Giant Head","floor":48,"turns":3},{"damage":0,"enemies":"hubris:GrandSnecko","floor":50,"turns":1}],"seed_played":"-7926436314448330007","potions_obtained":[{"floor":5.0,"key":"Swift Potion"},{"floor":10.0,"key":"AttackPotion"},{"floor":16.0,"key":"Energy Potion"},{"floor":29,"key":"DuplicationPotion"}],"is_trial":false,"path_per_floor":["M","?","M","$","M","E","?","M","T","E","R","M","M","E","R","B",null,"M","M","$","M","?","E","R","M","T","M","$","E","$","M","R","B",null,"M","?","M","M","$","R","$","E","T","M","E","?","M","E","R","B"],"character_chosen":"Librarian","items_purchased":["Unlock1","Guide Book","testmod-ChaoticCore"],"campfire_rested":0,"item_purchase_floors":[20,20,30],"current_hp_per_floor":[53,57,57,57,57,57,57,57,57,57,57,57,57,57,57,57,79,79,79,79,79,79,79,79,82,82,86,86,86,86,86,86,86,86,50,35,43,29,29,29,29,39,39,23,19,19,27,43,43,45,45],"gold":482,"neow_bonus":"RANDOM_COLORLESS_2","is_daily":false,"chose_seed":false,"campfire_upgraded":5,"win_rate":0.0,"timestamp":1608738257,"path_taken":["M","?","M","$","M","E","?","M","T","E","R","M","M","E","R","BOSS","M","M","$","?","?","E","R","M","T","M","?","E","$","M","R","BOSS","M","?","M","M","$","R","$","E","T","M","E","?","M","E","R","BOSS"],"items_purchased_type":["Card","Relic","Card"],"build_version":"2020-12-22","purchased_purges":13,"victory":false,"max_hp_per_floor":[85,85,85,85,85,85,85,85,85,85,85,85,85,85,85,86,86,86,86,86,86,86,86,86,86,86,86,86,86,86,86,86,86,86,86,86,86,86,86,86,86,86,86,86,86,86,86,86,86,86,86],"card_choices":[{"not_picked":["REME_ProfessionalPlagiarism","testmod-DisillusionmentEcho"],"picked":"testmod-AdversityCounterattack","floor":0.0},{"not_picked":["Standoff","DarkCloud","SearingSword","CrackOfDawn","Quickness","FaintMemories","Eliminate","EndlessBattle"],"picked":"FlashingStrike","floor":1.0},{"not_picked":["Pound","TheArtOfRapidSteps","SweepTheBackstreets","BayonetCombat","HiddenBlade","ForTheFamily","Faith","Endure","EndlessBattle"],"picked":"SKIP","floor":3.0},{"not_picked":["EnergyShield","Outburst","FleetFootsteps","AssaultOrder","Struggle","FierceCharge","SmokingPipe","Quickness"],"picked":"IronWall","floor":5.0},{"not_picked":["BackAttack","Outburst","StrongStrike","Punishment","Creak","ToWhereThePrescriptPoints","EnergyShield","SpearedSweep","Diversion"],"picked":"SKIP","floor":6.0},{"not_picked":["FervidEmotions","FierceOnslaught","Faith","RushDown","Rewind","ViolentFlame","YoureTooSlow","FieryWaltz"],"picked":"Quickness","floor":8.0},{"not_picked":["Rewind","AGoldenOpportunity","Bvapour","Overpower","EnergyConversion","LossOfSenses","FlyingSword","BindingArms","FleetFootsteps"],"picked":"SKIP","floor":10.0},{"not_picked":["ExtremeEdge","EndlessBattle","Mutilate","Deflect_lor","Fence","ViolentFlame","HighKick","ExtractFuel","Rewind"],"picked":"SKIP","floor":12.0},{"not_picked":["Quickness","GuidanceOfTheGears","HandleRequest","WillProduceFineSilk","QuickAttack","UnavoidableGaze","HighKick","Zzzzzap","ICanCookAnything"],"picked":"SKIP","floor":13.0},{"not_picked":["Outburst","EnergyCycle","Suppress","Rewind","SparkingSpear","BlazingStrike","EndlessBattle","SpearedSweep"],"picked":"Multislash","floor":14.0},{"not_picked":["Slice_lor","Pound","ClassAndRespect+1","YourShield","DefenseOrder","HighKick","FleetFootsteps","Struggle","SharpSwipe"],"picked":"SKIP","floor":18},{"not_picked":["SharpenedBlade","EnergyShield","FierceCharge","AbsorbImpact","HighKick","ShrineToMusic","ShockRound","FleetFootsteps+1","SweepTheBackstreets"],"picked":"SKIP","floor":19},{"not_picked":["MultiHit","Rewind","SearingSword","WillOfThePrescript","ClassAndRespect","EnergyShield","SpearedSweep","ForTheFamily","DefenseOrder+1"],"picked":"SKIP","floor":21},{"not_picked":["FleetEdge","MultiBlock","ChargeUp","AlloutWar","SinglePointStab","GoinFirst","YoureAHindrance","AsThePrescriptOrders"],"picked":"TrashDisposal","floor":23},{"not_picked":["Diversion","QuickAttack","UndertakePrescript","HighKick+1","SparkingSpear","StrongStrike","Multislash","FierceCharge","DesperateStruggle"],"picked":"SKIP","floor":25},{"not_picked":["HandleRequest","ShockingBlow","PreparedMind","WaitUp","UnforgettableMelody","Diversion","HiddenBlade","CutIn","Quickness"],"picked":"SKIP","floor":27},{"not_picked":["DriedUp","ChargeUp","Gamble","Parry","SunsetBlade","TrashDisposal","BiteOff","RepressedFlesh","HandleRequest"],"picked":"SKIP","floor":29},{"not_picked":["StartinOutLightly","DefenseOrder","EndlessBattle+1","BiteOff","UnforgettableMelody","PreemptiveStrike","NightInTheBackstreets","DesperateStruggle","BackAttack"],"picked":"SKIP","floor":31},{"not_picked":["SharpSwipe+1","ForcefulGesture+1","PreemptiveStrike+1","UnavoidableGaze","Diversion+1","TieShanKao","SweepTheBackstreets+1","FeatherShield","Thirst"],"picked":"SKIP","floor":35},{"not_picked":["BlazingStrike","EnergyShield","Reload","QuickAttack+1","Pound","AlloutWar","YoureAHindrance+1","ReadyUp","ClassAndRespect"],"picked":"SKIP","floor":37},{"not_picked":["Parry","Gamble+1","FlowOfTheSword","PreemptiveStrike","GoinFirst","EndlessBattle","UnavoidableGaze","NightInTheBackstreets","LawAndOrder+1"],"picked":"SKIP","floor":38},{"not_picked":["BayonetCombat","DestructiveImpact","DesperateStruggle+1","Gamble","WildCard","Outburst","CutIn","BlazingStrike","Commandeering"],"picked":"SKIP","floor":42},{"not_picked":["FleetFootsteps","HighKick","Pound","DefenseOrder","Execute_lor","GutHarvesting","UpbeatPerformance","Reload+1","CookingPrep"],"picked":"SKIP","floor":44},{"not_picked":["DesperateStruggle","FrontalAssault","ChargeUp","ExtractFuel","CleanUp","Tttonst","AsThePrescriptOrders+1","EndlessBattle+1","Eradication"],"picked":"SKIP","floor":45},{"not_picked":["Diversion","SilentMist","BackAttack+1","Leap_lor","StrongStrike","Standoff","WillBeTasty","CumulusWall+1","Juggling+1"],"picked":"SKIP","floor":47},{"not_picked":["ScratchThat","EnergyShield","TieShanKao","SomberProcuration","MultiHit","ExtractFuel+1","ClassAndRespect","DesperateStruggle","Eradication"],"picked":"SKIP","floor":48}],"player_experience":986345,"relics_obtained":[{"floor":6.0,"key":"PageOfRedShoes"},{"floor":10.0,"key":"PreservedInsect"},{"floor":14.0,"key":"testmod-Motorcycle"},{"floor":23,"key":"Quantum Egg"},{"floor":26,"key":"testmod-OneHitWonder"},{"floor":29,"key":"Snack Pack"},{"floor":42,"key":"PageOfPorccubus"},{"floor":43,"key":"AT_MibuBalloonWealth"},{"floor":45,"key":"Blood Vial"},{"floor":48,"key":"Bronze Scales"}],"event_choices":[{"damage_healed":0.0,"max_hp_gain":0.0,"max_hp_loss":0.0,"gold_gain":0.0,"event_name":"Match and Keep!","player_choice":"0 cards matched","floor":7.0,"gold_loss":0.0,"damage_taken":0.0,"cards_obtained":[]},{"damage_healed":0,"gold_gain":0,"player_choice":"Traded Relic","damage_taken":0,"relics_obtained":["Nloth\u0027s Gift"],"max_hp_gain":0,"max_hp_loss":0,"event_name":"N\u0027loth","floor":22,"relics_lost":["testmod-Justice"],"gold_loss":0},{"damage_healed":0,"gold_gain":0,"player_choice":"Embrace Madness","damage_taken":15,"max_hp_gain":0,"max_hp_loss":0,"event_name":"Winding Halls","floor":36,"gold_loss":0,"cards_obtained":["Madness","Madness"]}],"is_beta":false,"boss_relics":[{"not_picked":["RhineFirstAidKit","RhineCircuit"],"picked":"Coffee Dripper"},{"not_picked":["Empty Cage","REME_ChargedStone"],"picked":"testmod-Nine"}],"items_purged_floors":[4,4,4,4,4,4,4,4,4,4,4,28,28],"is_endless":false,"potions_floor_spawned":[5,8,10,14,16,25,27,29,38,42,45,48],"killed_by":"hubris:GrandSnecko","ascension_level":20}}