{"host":"jgyoyy5iuhtvyvtg","time":1608715922,"event":{"mods":["2.2 Compatiblity","BaseMod","Challenge The Spire","Colored Map","Conspire","Downfall","Hermit","Highlight Path","Infinite Spire","Lobotomy","LobotomyExtend","Minty Spire (QoL Compilation)","Quick Restart","Replay The Spire","Spikes Relics","StSLib","The Construct","The Disciple","The Jungle","Yuri Mod"],"gold_per_floor":[119,135,135,149,165,165,190,190,190,190,190,41,53,67,67,170,170,184,184,198,210,74,74,74,87,114,149,167,167,184,203,203,305,305,324,324,324,324,324,324,363,363,411,444,444,464,464,480,480,487,487],"floor_reached":52,"playtime":1641,"items_purged":[],"score":971,"play_id":"e09195e3-35a1-49fc-90e2-98fa2ad1657e","local_time":"20201223013202","is_ascension_mode":true,"campfire_choices":[{"data":"hermit:Quickdraw","floor":6,"key":"SMITH"},{"data":"hermit:BigShot","floor":8,"key":"SMITH"},{"data":"hermit:Snapshot","floor":11,"key":"SMITH"},{"data":"hermit:Determination","floor":15,"key":"SMITH"},{"data":"infinitespire:Gouge","floor":23,"key":"SMITH"},{"data":"hermit:TakeAim","floor":29,"key":"SMITH"},{"data":"hermit:WideOpen","floor":32,"key":"SMITH"},{"data":"infinitespire:SevenWalls","floor":40,"key":"SMITH"},{"data":"hermit:Vantage","floor":42,"key":"SMITH"},{"data":"hermit:Gestalt","floor":45,"key":"SMITH"},{"data":"hermit:Magnum","floor":47,"key":"SMITH"},{"data":"hermit:Gestalt","floor":49,"key":"SMITH"}],"circlet_count":0,"master_deck":["hermit:Strike_Hermit","hermit:Strike_Hermit","hermit:Strike_Hermit","hermit:Defend_Hermit","hermit:Defend_Hermit","hermit:Defend_Hermit","hermit:Defend_Hermit","hermit:Snapshot+1","hermit:Covet","hermit:Gestalt+1","hermit:GoldenBullet+1","hermit:Quickdraw+1","hermit:BigShot+1","hermit:Determination+1","hermit:HoleUp","hermit:Vantage+1","hermit:WideOpen+1","hermit:Magnum+1","infinitespire:Gouge+1","hermit:TakeAim+1","Replay:SS_fish_3","hermit:Headshot","hermit:Desperado","hermit:HoleUp+1","hermit:Glare+1","hermit:Dive+1","hermit:Scavenge+1","infinitespire:SevenWalls+1","hermit:Coalescence+1","hermit:CalledShot+1","hermit:Gestalt+1"],"relics":["hermit:Momento","LetterFromLob","Replay:Bottled Eggs","Eternal Feather","expansioncontent:StudyCardRelic","infinitespire:Cupcake","hermit:RedScarf","Omamori","TungstenRod","conspire:SeveredTorchhead","StoneCalendar","construct:ClawGrip","Replay:Baseball","Blood Vial","Potion Belt"],"acts_visited":["Exordium","Exordium","TheBeyond"],"potions_floor_usage":[7,16,27,28,48,50],"damage_taken":[{"damage":7,"enemies":"Jaw Worm","floor":1,"turns":4},{"damage":1,"enemies":"Cultist","floor":2,"turns":3},{"damage":0,"enemies":"Small Slimes","floor":4,"turns":3},{"damage":2,"enemies":"Looter","floor":5,"turns":4},{"damage":23,"enemies":"Gremlin Nob","floor":7,"turns":5},{"damage":4,"enemies":"Blue Slaver","floor":13,"turns":2},{"damage":3,"enemies":"Red Slaver","floor":14,"turns":2},{"damage":10,"enemies":"The Guardian","floor":16,"turns":15},{"damage":2,"enemies":"Shell Parasite","floor":18,"turns":4},{"damage":1,"enemies":"theJungle:GiantWrat","floor":20,"turns":3},{"damage":2,"enemies":"theJungle:Lyon","floor":21,"turns":4},{"damage":0,"enemies":"theJungle:2_Snecko_Cultists","floor":25,"turns":3},{"damage":4,"enemies":"theJungle:Cassacara","floor":27,"turns":5},{"damage":0,"enemies":"Snake Plant","floor":28,"turns":2},{"damage":18,"enemies":"theJungle:2_Flameangoes","floor":30,"turns":7},{"damage":19,"enemies":"theJungle:2_Snecko_Cultists","floor":31,"turns":3},{"damage":1,"enemies":"theJungle:FunGuy","floor":33,"turns":8},{"damage":18,"enemies":"3 Darklings","floor":35,"turns":4},{"damage":37,"enemies":"Reptomancer","floor":41,"turns":4},{"damage":8,"enemies":"Nemesis","floor":44,"turns":5},{"damage":14,"enemies":"3 Shapes","floor":46,"turns":4},{"damage":0,"enemies":"Spire Growth","floor":48,"turns":3},{"damage":15,"enemies":"Time Eater","floor":50,"turns":6}],"seed_played":"4048276726337692452","potions_obtained":[{"floor":1,"key":"SteroidPotion"},{"floor":4,"key":"SkillPotion"},{"floor":14,"key":"CultistPotion"},{"floor":20,"key":"Strength Potion"},{"floor":27,"key":"AttackPotion"},{"floor":28,"key":"Energy Potion"},{"floor":35,"key":"Ancient Potion"},{"floor":44,"key":"Adrenaline Potion"}],"is_trial":false,"path_per_floor":["M","M","?","M","M","R","E","R","T","E","R","$","M","M","R","B",null,"M","AVR","M","M","$","R","?","M","T","E","M","R","M","M","R","B",null,"M","?","?","?","AVR","R","E","R","T","E","R","M","R","M","R","B",null,null],"character_chosen":"HERMIT","items_purchased":["hermit:Determination","hermit:HoleUp","hermit:Vantage","Replay:SS_fish_3","hermit:Headshot"],"campfire_rested":0,"item_purchase_floors":[12,12,12,22,22],"current_hp_per_floor":[68,67,67,67,65,65,42,42,42,42,48,48,44,41,50,40,72,70,70,69,67,67,79,79,79,79,75,75,82,64,45,60,59,76,58,58,58,58,58,73,36,51,51,45,60,48,66,68,82,67,67],"gold":487,"neow_bonus":"TEN_PERCENT_HP_BONUS","is_daily":false,"chose_seed":false,"campfire_upgraded":12,"win_rate":0.0,"timestamp":1608715922,"path_taken":["M","M","?","?","M","R","E","R","T","E","R","$","M","M","R","BOSS","M","AVR","M","M","$","R","?","M","T","E","M","R","M","M","R","BOSS","M","?","?","?","AVR","R","E","R","T","E","R","M","R","M","R","BOSS"],"items_purchased_type":["Card","Card","Card","Card","Card"],"build_version":"2020-12-22","purchased_purges":0,"victory":true,"max_hp_per_floor":[82,82,82,82,82,82,82,82,82,82,82,82,82,82,82,82,82,82,82,82,82,82,82,82,82,82,82,82,82,82,82,82,82,82,82,82,82,82,82,82,82,82,82,82,82,82,82,82,82,82,82],"card_choices":[{"not_picked":["hermit:WideOpen","hermit:Feint"],"picked":"hermit:Gestalt","floor":1},{"not_picked":["hermit:Roulette","hermit:Dive"],"picked":"hermit:GoldenBullet","floor":2},{"not_picked":["hermit:BodyArmor","hermit:Showdown","hermit:SprayPray"],"picked":"SKIP","floor":4},{"not_picked":["hermit:CalledShot","hermit:Ricochet"],"picked":"hermit:Quickdraw","floor":5},{"not_picked":["hermit:Gambit","hermit:Dive"],"picked":"hermit:BigShot","floor":7},{"not_picked":["hermit:HoleUp","hermit:Glare"],"picked":"hermit:WideOpen","floor":13},{"not_picked":["hermit:Misfire","hermit:SprayPray","hermit:TrackingShot"],"picked":"SKIP","floor":14},{"not_picked":["hermit:OverwhelmingPower","hermit:Gambit"],"picked":"hermit:Magnum","floor":16},{"not_picked":["hermit:Shortfuse","hermit:Headshot+1","hermit:LoneWolf"],"picked":"SKIP","floor":18},{"not_picked":["hermit:WideOpen","hermit:TrackingShot","hermit:Feint"],"picked":"SKIP","floor":20},{"not_picked":["hermit:Misfire+1","hermit:Gambit"],"picked":"hermit:TakeAim","floor":21},{"not_picked":["hermit:CalledShot","hermit:Misfire"],"picked":"hermit:Desperado","floor":25},{"not_picked":["hermit:Feint","hermit:CalledShot","hermit:Enervate+1"],"picked":"SKIP","floor":27},{"not_picked":["hermit:Feint","hermit:FullyLoaded"],"picked":"hermit:HoleUp+1","floor":28},{"not_picked":["hermit:GhostlyPresence","hermit:Snipe"],"picked":"hermit:Glare+1","floor":30},{"not_picked":["hermit:Desperado+1","hermit:Coalescence"],"picked":"hermit:Dive+1","floor":31},{"not_picked":["hermit:Quickdraw","hermit:Dive+1"],"picked":"hermit:Scavenge+1","floor":35},{"not_picked":["hermit:PistolWhip","hermit:Enervate+1"],"picked":"hermit:Coalescence+1","floor":41},{"not_picked":["hermit:Dive","hermit:WideOpen","hermit:BodyArmor+1"],"picked":"SKIP","floor":44},{"not_picked":["hermit:Midnight","hermit:ShadowCloak"],"picked":"hermit:CalledShot+1","floor":46},{"not_picked":["hermit:ShadowCloak+1","hermit:Coalescence"],"picked":"hermit:Gestalt","floor":48}],"player_experience":3179605,"relics_obtained":[{"floor":1,"key":"LetterFromLob"},{"floor":7,"key":"Replay:Bottled Eggs"},{"floor":9,"key":"Eternal Feather"},{"floor":26,"key":"Omamori"},{"floor":27,"key":"TungstenRod"},{"floor":41,"key":"Replay:Baseball"},{"floor":43,"key":"Blood Vial"},{"floor":44,"key":"Potion Belt"}],"event_choices":[{"cards_removed":["hermit:Strike_Hermit"],"damage_healed":0,"gold_gain":0,"player_choice":"Purged","damage_taken":0,"max_hp_gain":0,"max_hp_loss":0,"event_name":"Purifier","floor":3,"gold_loss":0}],"is_beta":false,"boss_relics":[{"not_picked":["Sandwich","SacredBark"],"picked":"expansioncontent:StudyCardRelic"},{"not_picked":["construct:WeddingRing","Velvet Choker"],"picked":"conspire:SeveredTorchhead"}],"items_purged_floors":[],"is_endless":false,"potions_floor_spawned":[1,4,14,20,27,28,35,44],"ascension_level":7}}