{"host":"81h68oe4mr04pk3r","time":1608711479,"event":{"mods":["Act Like it!","Aspiration","BaseMod","BetterRewards","Colored Map","Colored Powertips","Conspire","Downfall","Hermit","Hubris","Infinite Spire","Jorbs\u0027s Wanderer Trilogy","Koishi","Lobotomy","LobotomyExtend","Marisa????????","Minty Spire (QoL Compilation)","Quick Restart","Reimu??????","Remilia??????","Replay The Spire","StSLib","The Bug Knight","The Construct","The Cursed","The Disciple","The Servant 0.9.4"],"gold_per_floor":[114,126,145,145,145,145,181,181,213,213,240,250,270,67,67,100,100,203,203,213,179,190,143,103,103,83,83,107,122,242,242,242,252,252,355,355,367,367,367,367],"floor_reached":39,"playtime":1654,"items_purged":["ZunPunch:ReiMu"],"score":439,"play_id":"3a73dccc-d08e-4d8e-a1c5-a8c96f78c345","local_time":"20201223001759","is_ascension_mode":false,"campfire_choices":[{"floor":8,"key":"REST"},{"floor":10,"key":"REST"},{"data":"Sunlight","floor":15,"key":"SMITH"},{"floor":17,"key":"REST"},{"floor":25,"key":"REST"},{"floor":27,"key":"REST"},{"floor":31,"key":"REST"},{"data":"FlawlessForm","floor":34,"key":"SMITH"}],"circlet_count":0,"master_deck":["Strike_S","Strike_S","Strike_S","Strike_S","Defend_S","Defend_S","Defend_S","KidneyShot","Exchange","Sunlight+1","SilverBlades","Luminosity","Replace","InstantArmor","FloweringNight","TimeWarp","Luminosity","Ricochet","Ricochet","FlawlessForm+1","Ricochet+1","FastForward","Rewind","Rearm","Starlight+1","MurderousAura","Ricochet+1","MurderousAura","Rearm+1","hubris:NaturalOne"],"relics":["Uniform","hubris:Icosahedron","Oddly Smooth Stone","Replay:Wax Seal","Pen Nib","aspiration:ChemicalBlood","hubris:TinFlute","conspire:SlowCooker","Blood Vial","PureWhite:ReiMu","LetterFromLob","hubris:HollowSoul"],"acts_visited":["Exordium","TheCity","TheBeyond"],"potions_floor_usage":[9,18,18,18,18,20,21,22,29,30,30,35,35,35,35,37,39],"damage_taken":[{"damage":0,"enemies":"Small Slimes","floor":1,"turns":2},{"damage":1,"enemies":"2 Louse","floor":2,"turns":3},{"damage":3,"enemies":"Cultist","floor":3,"turns":4},{"damage":32,"enemies":"conspire:MimicChest","floor":7,"turns":6},{"damage":6,"enemies":"Gremlin Nob","floor":9,"turns":2},{"damage":6,"enemies":"Large Slime","floor":12,"turns":7},{"damage":3,"enemies":"Red Slaver","floor":13,"turns":3},{"damage":25,"enemies":"3 Sentries","floor":16,"turns":5},{"damage":19,"enemies":"The Guardian","floor":18,"turns":9},{"damage":29,"enemies":"Shell Parasite","floor":20,"turns":8},{"damage":17,"enemies":"Chosen","floor":21,"turns":5},{"damage":6,"enemies":"3 Cultists","floor":22,"turns":3},{"damage":18,"enemies":"Snake Plant","floor":29,"turns":4},{"damage":6,"enemies":"Snecko","floor":30,"turns":5},{"damage":0,"enemies":"3 Cultists","floor":33,"turns":3},{"damage":45,"enemies":"Collector","floor":35,"turns":8},{"damage":55,"enemies":"3 Shapes","floor":37,"turns":4},{"damage":15,"enemies":"Orb Walker","floor":39,"turns":3}],"seed_played":"5702368888632795472","potions_obtained":[{"floor":3,"key":"ColorlessPotion"},{"floor":7,"key":"Adrenaline Potion"},{"floor":9,"key":"SpeedPotion"},{"floor":18,"key":"AttackPotion"},{"floor":21,"key":"Regen Potion"},{"floor":26,"key":"Reflective Coating"},{"floor":29,"key":"Dexterity Potion"},{"floor":33,"key":"Venom Potion"},{"floor":37,"key":"Venom Potion"},{"floor":39,"key":"FearPotion"}],"is_trial":false,"path_per_floor":["M","M","M","?","PTL","PTL","?","R","E","R","T","M","M","$","R","E","R","B",null,"M","M","M","$","?","R","?","R","T","M","M","R","AVR","M","R","B",null,"M","?","M"],"character_chosen":"THE_SERVANT","items_purchased":["Ricochet","aspiration:ChemicalBlood","Rearm"],"campfire_rested":6,"item_purchase_floors":[14,14,23],"current_hp_per_floor":[65,64,61,61,61,61,29,48,42,61,61,55,52,52,52,27,46,27,65,41,24,23,23,23,44,44,65,65,49,50,70,70,70,70,25,70,15,27,14,14],"gold":367,"neow_bonus":"ONE_RANDOM_RARE_CARD","is_daily":false,"chose_seed":false,"campfire_upgraded":2,"win_rate":0.0,"timestamp":1608711479,"path_taken":["M","M","M","?","PTL","PTL","?","R","E","R","T","M","M","$","R","E","R","BOSS","M","M","M","$","?","R","?","R","T","M","M","R","AVR","?","R","BOSS","M","?","M"],"items_purchased_type":["Card","Relic","Card"],"build_version":"2020-12-22","purchased_purges":1,"victory":false,"max_hp_per_floor":[65,65,65,65,65,65,65,65,65,65,65,65,65,65,65,65,65,65,65,70,70,70,70,70,70,70,70,70,70,70,70,70,70,70,70,70,70,70,70,70],"card_choices":[{"not_picked":["WasteNot","Advance"],"picked":"SilverBlades","floor":1},{"not_picked":["Read","WasteNot"],"picked":"Luminosity","floor":2},{"not_picked":["Spin","Alleviate"],"picked":"Replace","floor":3},{"not_picked":["Unruled","Rearm"],"picked":"InstantArmor","floor":7},{"not_picked":["Unruled","StarChef"],"picked":"FloweringNight","floor":9},{"not_picked":["Spin","DoubleEdge"],"picked":"TimeWarp","floor":12},{"not_picked":["Rearm","Unruled"],"picked":"Luminosity","floor":13},{"not_picked":["Comet","ForgedInTime"],"picked":"Ricochet","floor":16},{"not_picked":["Deny","FloweringNight"],"picked":"FlawlessForm","floor":18},{"not_picked":["StarChef","Alleviate"],"picked":"Ricochet+1","floor":20},{"not_picked":["DoubleEdge","Spin"],"picked":"FastForward","floor":21},{"not_picked":["Sunlight","Spin"],"picked":"Rewind","floor":22},{"not_picked":["ShiftingGears","Rewind"],"picked":"Starlight+1","floor":29},{"not_picked":["FastForward+1","Replace+1"],"picked":"MurderousAura","floor":30},{"not_picked":["Alleviate+1","Starlight"],"picked":"Ricochet+1","floor":33},{"not_picked":["Sunlight","FloweringNight"],"picked":"MurderousAura","floor":35},{"not_picked":["Revamp","BottledTime"],"picked":"Rearm+1","floor":37}],"player_experience":166454,"relics_obtained":[{"floor":7,"key":"Oddly Smooth Stone"},{"floor":9,"key":"Replay:Wax Seal"},{"floor":11,"key":"Pen Nib"},{"floor":16,"key":"hubris:TinFlute"},{"floor":28,"key":"Blood Vial"},{"floor":33,"key":"LetterFromLob"}],"event_choices":[{"damage_healed":0,"gold_gain":0,"player_choice":"Hand rover O-miki","damage_taken":0,"max_hp_gain":0,"max_hp_loss":0,"event_name":"ZunEvent","floor":24,"relics_lost":["ZunR:ReiMu"],"gold_loss":0,"cards_obtained":["ZunPunch:ReiMu"]},{"damage_healed":0,"gold_gain":0,"player_choice":"Bought 1 Potion","damage_taken":0,"max_hp_gain":0,"max_hp_loss":0,"event_name":"The Woman in Blue","floor":26,"gold_loss":0}],"is_beta":false,"boss_relics":[{"not_picked":["SlaversCollar","Honey Jar"],"picked":"conspire:SlowCooker"},{"not_picked":["Calling Bell","Replay:Grab Bag"],"picked":"hubris:HollowSoul"}],"items_purged_floors":[32],"is_endless":false,"potions_floor_spawned":[3,7,9,16,18,21,33,37],"killed_by":"Orb Walker","ascension_level":0}}