{"host":"63yhhrjweyj22b0v","time":1608685829,"event":{"mods":["BaseMod","Minty Spire (QoL Compilation)","Quick Restart"],"gold_per_floor":[109,123,123,134,134,134,146,146,146,160,186,197,247,267,267,371,371,387,162,229,279,27,27,47,79,105,105,155,155,155],"floor_reached":29,"playtime":906,"items_purged":[],"score":268,"play_id":"a7a72cd6-6d93-4eec-996c-c94ed5dd575c","local_time":"20201222191029","is_ascension_mode":false,"campfire_choices":[{"data":"Eruption","floor":6,"key":"SMITH"},{"floor":8,"key":"REST"},{"data":"MasterReality","floor":15,"key":"SMITH"},{"floor":23,"key":"REST"},{"floor":27,"key":"REST"}],"circlet_count":0,"master_deck":["Strike_P","Strike_P","Strike_P+1","Defend_P","Defend_P","Defend_P","Defend_P","Eruption+1","Vigilance","FearNoEvil","ClearTheMind","EmptyFist","Worship","Prostrate","ClearTheMind","BattleHymn","MasterReality+1","DeusExMachina","Prostrate","Consecrate+1","PathToVictory","PathToVictory+1","Consecrate","Writhe"],"relics":["PureWater","NeowsBlessing","SsserpentHead","Thread and Needle","Du-Vu Doll","VioletLotus","Strawberry","Bag of Marbles","Whetstone","Vajra","Toy Ornithopter"],"acts_visited":["Exordium","TheCity"],"potions_floor_usage":[16,16,18,18,24],"damage_taken":[{"damage":0,"enemies":"Small Slimes","floor":1,"turns":1},{"damage":0,"enemies":"Cultist","floor":2,"turns":1},{"damage":0,"enemies":"Jaw Worm","floor":4,"turns":1},{"damage":19,"enemies":"Exordium Thugs","floor":7,"turns":4},{"damage":12,"enemies":"3 Sentries","floor":11,"turns":7},{"damage":0,"enemies":"Blue Slaver","floor":12,"turns":2},{"damage":3,"enemies":"Lots of Slimes","floor":14,"turns":5},{"damage":26,"enemies":"Hexaghost","floor":16,"turns":6},{"damage":19,"enemies":"3 Byrds","floor":18,"turns":5},{"damage":2,"enemies":"Chosen","floor":20,"turns":3},{"damage":31,"enemies":"Centurion and Healer","floor":24,"turns":4},{"damage":23,"enemies":"Gremlin Leader","floor":25,"turns":5},{"damage":62,"enemies":"Slavers","floor":29,"turns":5}],"seed_played":"-6602852555353162895","potions_obtained":[{"floor":4,"key":"Dexterity Potion"},{"floor":11,"key":"AttackPotion"},{"floor":14,"key":"Swift Potion"},{"floor":18,"key":"Fruit Juice"},{"floor":24,"key":"Ancient Potion"}],"is_trial":false,"path_per_floor":["M","M","?","M","?","R","M","R","T","$","E","M","?","M","R","B",null,"M","$","M","?","$","R","M","E","T","R","?","E"],"character_chosen":"WATCHER","items_purchased":["Worship","Prostrate","Consecrate","Strawberry","Bag of Marbles","Fruit Juice"],"campfire_rested":3,"item_purchase_floors":[10,19,19,19,22,22],"current_hp_per_floor":[72,72,72,72,72,72,53,72,72,72,60,60,60,57,57,31,72,58,65,63,63,63,84,58,35,35,61,61,0,0],"gold":155,"neow_bonus":"THREE_ENEMY_KILL","is_daily":false,"chose_seed":false,"campfire_upgraded":2,"win_rate":0.0,"timestamp":1608685829,"path_taken":["M","M","?","?","?","R","M","R","T","?","E","M","?","M","R","BOSS","M","$","?","?","$","R","M","E","T","R","?","E"],"items_purchased_type":["Card","Card","Card","Relic","Relic","Potion"],"build_version":"2020-12-13","purchased_purges":0,"victory":false,"max_hp_per_floor":[72,72,72,72,72,72,72,72,72,72,72,72,72,72,72,72,72,77,84,84,84,84,84,89,89,89,89,89,89,89],"card_choices":[{"not_picked":["FlyingSleeves","Protect"],"picked":"FearNoEvil","floor":1},{"not_picked":["Nirvana","Collect"],"picked":"ClearTheMind","floor":2},{"not_picked":["DeceiveReality","Study","Protect"],"picked":"SKIP","floor":4},{"not_picked":["WindmillStrike","FlurryOfBlows"],"picked":"EmptyFist","floor":7},{"not_picked":["Pray","SashWhip"],"picked":"Prostrate","floor":11},{"not_picked":["Evaluate","EmptyBody"],"picked":"ClearTheMind","floor":12},{"not_picked":["FlyingSleeves","Protect"],"picked":"MasterReality","floor":14},{"not_picked":["LessonLearned","Omniscience"],"picked":"DeusExMachina","floor":16},{"not_picked":["EmptyBody+1","CutThroughFate+1","BattleHymn"],"picked":"SKIP","floor":18},{"not_picked":["JustLucky","CutThroughFate"],"picked":"PathToVictory","floor":20},{"not_picked":["Halt+1","Omniscience"],"picked":"PathToVictory+1","floor":24},{"not_picked":["Wallop+1","FollowUp"],"picked":"Consecrate","floor":25}],"player_experience":634319,"relics_obtained":[{"floor":9,"key":"Thread and Needle"},{"floor":11,"key":"Du-Vu Doll"},{"floor":25,"key":"Whetstone"},{"floor":26,"key":"Vajra"}],"event_choices":[{"damage_healed":0,"gold_gain":0,"player_choice":"0 cards matched","damage_taken":0,"max_hp_gain":0,"max_hp_loss":0,"event_name":"Match and Keep!","floor":3,"gold_loss":0,"cards_obtained":[]},{"damage_healed":0,"gold_gain":0,"player_choice":"Trade","damage_taken":0,"relics_obtained":["SsserpentHead"],"max_hp_gain":0,"max_hp_loss":0,"event_name":"FaceTrader","floor":5,"gold_loss":0},{"damage_healed":0,"gold_gain":0,"cards_transformed":["Strike_P"],"player_choice":"Transformed","damage_taken":0,"max_hp_gain":0,"max_hp_loss":0,"event_name":"Transmorgrifier","floor":13,"gold_loss":0,"cards_obtained":["BattleHymn"]},{"damage_healed":0,"gold_gain":0,"player_choice":"Ignored","damage_taken":0,"max_hp_gain":0,"max_hp_loss":0,"event_name":"Vampires","floor":21,"gold_loss":0},{"damage_healed":0,"gold_gain":0,"player_choice":"Opened","damage_taken":0,"relics_obtained":["Toy Ornithopter"],"max_hp_gain":0,"max_hp_loss":0,"event_name":"The Mausoleum","floor":28,"gold_loss":0,"cards_obtained":["Writhe"]}],"is_beta":false,"boss_relics":[{"not_picked":["Calling Bell","Busted Crown"],"picked":"VioletLotus"}],"items_purged_floors":[],"is_endless":false,"potions_floor_spawned":[4,11,14,18,24],"killed_by":"Slavers","ascension_level":0}}