{"host":"0m7uut7ws4kj19nt","time":1608723947,"event":{"mods":["AchievementEnabler","BaseMod","Minty Spire (QoL Compilation)","Replay The Spire","StSLib","The Cursed","The Necromancer"],"gold_per_floor":[15,32,50,70,87,87,115,115,115,143,10,42,42,55,55,154,154,165,176,192,205,130,130,130,155,179,204,204,239,251,285,285,386,386,405,417,417,19,19,44,44,62,62,72,72,91,108,143,143,143,143,143,18,44,44],"floor_reached":56,"playtime":4534,"items_purged":["Strike_W","Defend_W","Negative_Energy_Sphere"],"score":1209,"play_id":"b4bd4b94-b3f3-4c83-bd77-1d7f8df2b42e","local_time":"20201223184547","is_ascension_mode":true,"campfire_choices":[{"data":"Death_March_Dance","floor":6,"key":"SMITH"},{"data":"Death_Knell","floor":8,"key":"SMITH"},{"data":"Spectral_Walk","floor":13,"key":"SMITH"},{"data":"Exploit","floor":15,"key":"SMITH"},{"floor":23,"key":"RECALL"},{"data":"Clumsy","floor":32,"key":"PURGE"},{"data":"Shade_Step","floor":41,"key":"SMITH"},{"data":"Blood_Is_Power","floor":41,"key":"SMITH"},{"data":"Negative_Energy_Mist","floor":45,"key":"SMITH"},{"data":"Cloudkill","floor":45,"key":"SMITH"},{"data":"Reap_The_Weak","floor":49,"key":"SMITH"},{"data":"Siphon_Strength","floor":49,"key":"SMITH"}],"circlet_count":0,"master_deck":["Defend_W","Negative_Energy_Arrows","Bone_Wall","Death_March_Dance+1","Exploit+1","Spectral_Armor","Death_Knell+1","Negative_Energy_Burst","Shade_Step+1","Spectral_Walk+1","Reap_The_Weak+1","Negative_Energy_Shield+1","Grasp_Heart","Uncharnel","Siphon_Strength+1","Negative_Energy_Shield+1","Negative_Energy_Bomb","Blood_Is_Power+1","Cloudkill+1","Shade_Step+1","Violent_Necrosis+1","Negative_Energy_Mist+1","Blood_Is_Power+1","Life_Drain+1","Siphon_Strength+1","Summon_Vampire_Lady"],"relics":["Vampire_Amulet","Ginger","Toy Ornithopter","Mirror","Snack Pack","Eternal Feather","Kintsugi","Chameleon Ring","Pet Ghost","Question Card","Iron Hammer","Kunai","Philosopher\u0027s Stone","Replay:Arrowhead","White Beast Statue","InkBottle","Replay:Rubber Ducky"],"acts_visited":["Exordium","TheCity","TheBeyond","TheEnding"],"potions_floor_usage":[7,10,16,16,25,28,40,44,47,48,50,55,55,55],"damage_taken":[{"damage":2,"enemies":"Cultist","floor":1,"turns":4},{"damage":1,"enemies":"2 Louse","floor":2,"turns":3},{"damage":0,"enemies":"Small Slimes","floor":3,"turns":4},{"damage":8,"enemies":"Blue Slaver","floor":4,"turns":4},{"damage":12,"enemies":"Exordium Thugs","floor":5,"turns":6},{"damage":32,"enemies":"Lagavulin","floor":7,"turns":8},{"damage":16,"enemies":"Gremlin Nob","floor":10,"turns":3},{"damage":15,"enemies":"3 Sentries","floor":12,"turns":5},{"damage":0,"enemies":"Gremlin Gang","floor":14,"turns":2},{"damage":51,"enemies":"The Guardian","floor":16,"turns":16},{"damage":28,"enemies":"Shell Parasite","floor":18,"turns":8},{"damage":10,"enemies":"3 Byrds","floor":19,"turns":7},{"damage":1,"enemies":"Centurion and Healer","floor":20,"turns":6},{"damage":18,"enemies":"Shelled Parasite and Fungi","floor":21,"turns":8},{"damage":13,"enemies":"Book of Stabbing","floor":25,"turns":6},{"damage":31,"enemies":"Slavers","floor":27,"turns":8},{"damage":0,"enemies":"Gremlin Leader","floor":29,"turns":6},{"damage":0,"enemies":"Snake Plant","floor":30,"turns":3},{"damage":2,"enemies":"Replay:Snechameleon","floor":31,"turns":4},{"damage":38,"enemies":"Champ","floor":33,"turns":10},{"damage":0,"enemies":"Orb Walker","floor":35,"turns":2},{"damage":10,"enemies":"3 Darklings","floor":36,"turns":5},{"damage":44,"enemies":"R_Hoarder","floor":40,"turns":7},{"damage":4,"enemies":"Maw","floor":42,"turns":6},{"damage":6,"enemies":"4 Shapes","floor":44,"turns":7},{"damage":12,"enemies":"Writhing Mass","floor":46,"turns":3},{"damage":19,"enemies":"Jaw Worm Horde","floor":47,"turns":3},{"damage":11,"enemies":"Giant Head","floor":48,"turns":6},{"damage":19,"enemies":"Replay:Hell Engine","floor":50,"turns":6},{"damage":11,"enemies":"Shield and Spear","floor":54,"turns":6},{"damage":57,"enemies":"The Heart","floor":55,"turns":9}],"seed_played":"-3814366272084030667","potions_obtained":[{"floor":2,"key":"FearPotion"},{"floor":4,"key":"PowerPotion"},{"floor":10,"key":"SpeedPotion"},{"floor":14,"key":"Reflective Coating"},{"floor":16,"key":"DistilledChaos"},{"floor":19,"key":"SpeedPotion"},{"floor":28,"key":"LifebloodPotion"},{"floor":28,"key":"Fruit Juice"},{"floor":29,"key":"Venom Potion"},{"floor":30,"key":"SteroidPotion"},{"floor":31,"key":"Adrenaline Potion"},{"floor":40,"key":"Toxic Potion"},{"floor":44,"key":"Flashbang"},{"floor":47,"key":"PowerPotion"},{"floor":48,"key":"AttackPotion"},{"floor":52,"key":"Languid Potion"},{"floor":52,"key":"LiquidBronze"}],"is_trial":false,"path_per_floor":["M","M","M","M","M","R","E","R","T","E","$","E","R","M","R","B",null,"M","M","M","M","?","R","?","E","T","E","R","E","M","E","R","B",null,"M","M","?","$","?","E","R","M","T","M","R","M","M","E","R","B",null,"R","$","E","B",null],"character_chosen":"NECROMANCER","items_purchased":["Shade_Step+1","Replay:Arrowhead"],"campfire_rested":0,"item_purchase_floors":[11,38],"current_hp_per_floor":[75,75,75,69,61,61,52,52,52,43,43,38,47,55,64,31,75,53,51,60,55,55,64,50,46,46,23,44,56,58,58,70,39,87,87,79,79,79,79,44,56,56,56,63,75,69,63,71,86,82,87,87,87,86,61],"gold":44,"neow_bonus":"ONE_RARE_RELIC","is_daily":false,"chose_seed":false,"campfire_upgraded":10,"win_rate":0.0,"timestamp":1608723947,"path_taken":["M","M","M","M","M","R","E","R","T","E","$","E","R","M","R","BOSS","M","M","?","M","?","R","?","E","T","E","R","E","M","E","R","BOSS","M","M","?","$","?","E","R","M","T","?","R","?","M","E","R","BOSS","R","$","E","BOSS"],"items_purchased_type":["Card","Relic"],"build_version":"2020-12-22","purchased_purges":3,"victory":true,"max_hp_per_floor":[75,75,75,75,75,75,75,75,75,75,75,75,75,75,75,75,75,75,75,75,75,75,75,80,80,80,80,87,87,87,87,87,87,87,87,87,87,87,87,87,87,87,87,87,87,87,87,87,87,87,87,87,87,87,87],"card_choices":[{"not_picked":["Negative_Energy_Javelin","Summon_Lich","Bones_to_Steel"],"picked":"SKIP","floor":1},{"not_picked":["Bone_Armor","Consume_Illness"],"picked":"Death_March_Dance","floor":2},{"not_picked":["Epidemic","Negative_Energy_Sphere"],"picked":"Exploit","floor":3},{"not_picked":["Negative_Energy_Sphere","Blood_for_Blood"],"picked":"Spectral_Armor","floor":4},{"not_picked":["Death_Coil","Death_March_Dance","Blood_Whip"],"picked":"SKIP","floor":5},{"not_picked":["Epidemic","Bone_Spikes"],"picked":"Death_Knell","floor":7},{"not_picked":["Flesh_Made_Foul","Strike_from_Beyond"],"picked":"Negative_Energy_Burst","floor":10},{"not_picked":["Negative_Energy_Sphere","Life_Drain"],"picked":"Spectral_Walk","floor":12},{"not_picked":["Death_March_Dance","Uncharnel","Negative_Energy_Burst"],"picked":"SKIP","floor":14},{"not_picked":["Skeleton_Dragon","Detonate_Bones"],"picked":"Reap_The_Weak","floor":16},{"not_picked":["Bone_Bullets","Flesh_Made_Foul"],"picked":"Negative_Energy_Shield+1","floor":18},{"not_picked":["Strike_from_Beyond+1","Vampiric_Strike"],"picked":"Consume_Illness+1","floor":19},{"not_picked":["Death_March_Dance","Spectral_Armor"],"picked":"Negative_Energy_Sphere","floor":20},{"not_picked":["Shackles_Of_Pain","Uncharnel"],"picked":"Grasp_Heart","floor":21},{"not_picked":["Blood_Magic","Blood_Whip+1"],"picked":"Uncharnel","floor":25},{"not_picked":["Bones_to_Steel","Shackles_Of_Pain"],"picked":"Siphon_Strength","floor":27},{"not_picked":["Exploit","Toxic_Smoke_Screen","Consume_Illness"],"picked":"Negative_Energy_Shield+1","floor":29},{"not_picked":["Summon_Lich","Scare","Shackles_Of_Pain","Bone_Armor"],"picked":"SKIP","floor":30},{"not_picked":["Bone_Shift","Negative_Energy_Mist","Scare","Violent_Necrosis"],"picked":"SKIP","floor":31},{"not_picked":["Blood_Magic","Summon_Death_Knight","Cloudkill"],"picked":"Negative_Energy_Bomb","floor":33},{"not_picked":["Scare+1","Blood_for_Blood+1","Corrupt+1"],"picked":"Blood_Is_Power","floor":35},{"not_picked":["Bone_Spikes","Death_Coil+1","Toxic_Smoke_Screen+1"],"picked":"Cloudkill","floor":36},{"not_picked":["Death_March_Dance","Siphon_Strength","Finger_Of_Death+1"],"picked":"Shade_Step","floor":40},{"not_picked":["Negative_Energy_Sphere+1","Blood_Whip","Shackles_Of_Pain+1"],"picked":"Violent_Necrosis+1","floor":42},{"not_picked":["Scare","Death_March_Dance","Reap_The_Weak"],"picked":"Negative_Energy_Mist","floor":44},{"not_picked":["Negative_Energy_Burst+1","Scare+1","Bone_Armor+1"],"picked":"Blood_Is_Power+1","floor":46},{"not_picked":["Vampiric_Strike+1","Deaths_Shadow","Blood_Curse+1"],"picked":"Life_Drain+1","floor":47},{"not_picked":["Vampiric_Strike","Bones_to_Steel","Negative_Energy_Javelin+1"],"picked":"Siphon_Strength+1","floor":48},{"not_picked":["Bone_Armor","Shackles_Of_Pain","Chill_Blood"],"picked":"Summon_Vampire_Lady","floor":54}],"player_experience":101965,"relics_obtained":[{"floor":7,"key":"Toy Ornithopter"},{"floor":9,"key":"Mirror"},{"floor":10,"key":"Snack Pack"},{"floor":12,"key":"Eternal Feather"},{"floor":25,"key":"Chameleon Ring"},{"floor":26,"key":"Pet Ghost"},{"floor":27,"key":"Question Card"},{"floor":29,"key":"Iron Hammer"},{"floor":31,"key":"Kunai"},{"floor":40,"key":"White Beast Statue"},{"floor":48,"key":"InkBottle"},{"floor":54,"key":"Replay:Rubber Ducky"}],"event_choices":[{"cards_removed":["Voices"],"damage_healed":0,"gold_gain":0,"player_choice":"Gave Gold","damage_taken":0,"max_hp_gain":0,"max_hp_loss":0,"event_name":"Beggar","floor":22,"gold_loss":75},{"damage_healed":0,"gold_gain":0,"player_choice":"Shed Blood","damage_taken":19,"max_hp_gain":5,"max_hp_loss":0,"event_name":"Forgotten Altar","floor":24,"gold_loss":0},{"damage_healed":0,"gold_gain":0,"player_choice":"Ignored","damage_taken":0,"max_hp_gain":0,"max_hp_loss":0,"event_name":"Tomb of Lord Red Mask","floor":37,"gold_loss":0},{"cards_removed":["Consume_Illness"],"damage_healed":0,"gold_gain":0,"player_choice":"Removed Skill","damage_taken":0,"max_hp_gain":0,"max_hp_loss":0,"event_name":"Falling","floor":39,"gold_loss":0}],"is_beta":false,"boss_relics":[{"not_picked":["Coffee Dripper","Replay:Drink Me"],"picked":"Kintsugi"},{"not_picked":["Runic Dome","Snecko Heart"],"picked":"Philosopher\u0027s Stone"}],"items_purged_floors":[11,38,53],"is_endless":false,"potions_floor_spawned":[2,4,10,14,16,19,29,30,31,35,40,42,44,46,47,48,54],"ascension_level":3}}