{"host":"xgnmnr8f8w1a0eo3","time":1608762328,"event":{"mods":["BaseMod","Downfall","Highlight Path","Minty Spire (QoL Compilation)","Permanent Neow","Relic Stats","StSLib","everything is the same but u backflip on backflip"],"gold_per_floor":[99,113,125,57,157,186,212,239,239,256,273,273,305,305,319,417,417,417,434,446,446,546,572,597,597,623,641,674,183,206,306,320,420,420,420,438,438,458,472,223,299,324,378,428,458,505,276,148,167,167,167,167],"floor_reached":50,"playtime":4993,"items_purged":["champ:GladiatorStyle","champ:DefensiveStyle","champ:FanOfKnives+1"],"score":712,"play_id":"bdd83dd8-afb9-49fc-8f09-95538e85bb5f","local_time":"20201223172528","is_ascension_mode":true,"campfire_choices":[{"data":"champ:Taunt","floor":1.0,"key":"SMITH"},{"floor":12.0,"key":"REST"},{"data":"champ:EnGarde","floor":18.0,"key":"SMITH"},{"data":"champ:FlashCut","floor":25.0,"key":"SMITH"},{"data":"champ:Improvising","floor":35.0,"key":"SMITH"}],"circlet_count":0,"master_deck":["champ:Defend","champ:Defend","champ:Defend","champ:Defend","champ:Execute","champ:Taunt+1","champ:Circumvent","champ:FlashCut+1","champ:EnGarde+1","champ:FaceSlap","champ:TornadoPunch","champ:Improvising+1","champ:DefensiveShout+1","Slimebound:Tackle+1","Slimebound:Tackle+1","Slimebound:Tackle+1","champ:StanceDance","champ:AdrenalArmor+1","champ:TornadoPunch+1","champ:Circumvent","champ:HoldFirm+1","champ:AdrenalArmor+1","champ:Backstep+1","champ:SwordSigil+1","champ:Encircle+1","champ:StanceDance+1","champ:AdrenalArmor+1","champ:BerserkersShout+1","champ:TornadoPunch+1","champ:Backstep+1","champ:Circumvent+1","champ:Control+1","champ:FanOfKnives+1"],"relics":["champ:ChampionCrownUpgraded","Ginger","Mercury Hourglass","Ancient Tea Set","Guardian:PocketSentry","Pear","champ:BlackKnightHelmet","Matryoshka","Red Mask","MealTicket","Blood Vial","Molten Egg 2","Blue Candle","White Beast Statue","Bag of Marbles","Smiling Mask","MutagenicStrength","SacredBark","hexamod:BolsterEngine","Toxic Egg 2","Pantograph","Anchor","StoneCalendar","Prayer Wheel","Eternal Feather","Omamori","Medical Kit"],"acts_visited":["Exordium","TheCity","TheBeyond"],"potions_floor_usage":[],"damage_taken":[{"damage":5.0,"enemies":"2 Louse","floor":2.0,"turns":3.0},{"damage":5.0,"enemies":"Small Slimes","floor":3.0,"turns":3.0},{"damage":15.0,"enemies":"downfall:FleeingMerchant","floor":4.0,"turns":4.0},{"damage":24.0,"enemies":"3 Sentries","floor":6.0,"turns":6.0},{"damage":34.0,"enemies":"Lagavulin","floor":8.0,"turns":5.0},{"damage":0.0,"enemies":"Cultist","floor":10.0,"turns":3.0},{"damage":0.0,"enemies":"Blue Slaver","floor":11.0,"turns":2.0},{"damage":21.0,"enemies":"Gremlin Nob","floor":13.0,"turns":4.0},{"damage":0.0,"enemies":"3 Louse","floor":15.0,"turns":2.0},{"damage":14.0,"enemies":"downfall:Defect","floor":16.0,"turns":5.0},{"damage":5.0,"enemies":"3 Byrds","floor":19.0,"turns":3.0},{"damage":9.0,"enemies":"Cultist and Chosen","floor":20.0,"turns":3.0},{"damage":42.0,"enemies":"Cultist and Chosen","floor":22.0,"turns":5.0},{"damage":12.0,"enemies":"Masked Bandits","floor":23.0,"turns":2.0},{"damage":19.0,"enemies":"Gremlin Leader","floor":26.0,"turns":4.0},{"damage":17.0,"enemies":"Chosen and Byrds","floor":27.0,"turns":4.0},{"damage":23.0,"enemies":"Slavers","floor":28.0,"turns":3.0},{"damage":21.0,"enemies":"downfall:FleeingMerchant","floor":29.0,"turns":4.0},{"damage":13.0,"enemies":"downfall:Augmenter","floor":31.0,"turns":4.0},{"damage":25.0,"enemies":"3 Cultists","floor":32.0,"turns":2.0},{"damage":16.0,"enemies":"downfall:Watcher","floor":33.0,"turns":4.0},{"damage":16.0,"enemies":"3 Darklings","floor":36.0,"turns":3.0},{"damage":25.0,"enemies":"3 Shapes","floor":38.0,"turns":1.0},{"damage":33.0,"enemies":"Writhing Mass","floor":39.0,"turns":6.0},{"damage":32.0,"enemies":"downfall:FleeingMerchant","floor":40.0,"turns":4.0},{"damage":62.0,"enemies":"Reptomancer","floor":42.0,"turns":8.0},{"damage":15.0,"enemies":"2 Orb Walkers","floor":43.0,"turns":1.0},{"damage":70.0,"enemies":"Mind Bloom Boss Battle","floor":44.0,"turns":6.0},{"damage":29.0,"enemies":"Nemesis","floor":45.0,"turns":7.0},{"damage":32,"enemies":"3 Darklings","floor":49,"turns":3},{"damage":134,"enemies":"downfall:Silent","floor":50,"turns":5}],"seed_played":"-1565129909653009398","potions_obtained":[{"floor":6.0,"key":"Swift Potion"},{"floor":8.0,"key":"DistilledChaos"},{"floor":10.0,"key":"AttackPotion"},{"floor":13.0,"key":"Fruit Juice"},{"floor":15.0,"key":"Energy Potion"},{"floor":20.0,"key":"Energy Potion"},{"floor":23.0,"key":"SpeedPotion"},{"floor":33.0,"key":"SteroidPotion"},{"floor":38.0,"key":"Fruit Juice"},{"floor":39.0,"key":"Guardian:BlockOnCardUsePotion"}],"is_trial":false,"path_per_floor":["R","M","M","$","?","E","T","E","?","M","M","R","E","?","M","B",null,"R","M","M","?","?","?","T","R","E","M","E","$","T","?","M","B",null,"R","M","?","M","M","$","T","E","?","?","E","T","?","$","M","B"],"character_chosen":"THE_CHAMP","items_purchased":["champ:FanOfKnives","champ:TornadoPunch+1","champ:HoldFirm","White Beast Statue","champ:Circumvent","champ:FocusedGladiator","hexamod:BolsterEngine","champ:Backstep","Toxic Egg 2","champ:BerserkersShout+1","Medical Kit","champ:TornadoPunch+1","champ:Backstep+1"],"campfire_rested":1,"item_purchase_floors":[4,29,29,29,29,40,40,40,40,47,47,48,48],"current_hp_per_floor":[63,63,63,58,58,44,44,18,18,18,18,45,34,72,72,63,105,105,105,105,105,84,78,78,78,77,79,73,90,90,90,92,91,105,105,105,105,103,98,115,115,108,110,87,83,83,83,98,100,0,0,0],"gold":167,"neow_bonus":"ONE_RARE_RELIC","is_daily":false,"chose_seed":false,"campfire_upgraded":4,"win_rate":0.0,"timestamp":1608762328,"path_taken":["R","M","M","$","?","E","T","E","?","?","M","R","E","?","M","BOSS","R","M","M","?","?","?","T","R","E","M","E","$","?","?","M","BOSS","R","M","?","M","M","$","T","E","?","?","E","?","?","$","M","BOSS"],"items_purchased_type":["Card","Card","Card","Relic","Card","Card","Relic","Card","Relic","Card","Relic","Card","Card"],"build_version":"2020-12-22","purchased_purges":3,"victory":false,"max_hp_per_floor":[90,90,90,90,90,90,90,90,90,90,90,90,100,105,105,105,105,105,105,105,105,105,105,105,105,105,105,105,105,105,105,105,105,105,105,105,105,115,115,115,115,115,115,115,115,115,115,115,115,115,115,115],"relic_stats":{"counters":[31,115],"Blue Candle":[0],"StoneCalendar":[14],"Eternal Feather":0,"Ginger":[15],"Smiling Mask":150,"Medical Kit":[0],"Mercury Hourglass":[367],"Blood Vial":24,"Pantograph":20,"MealTicket":45,"Prayer Wheel":1,"obtain_stats":[{"champ:BlackKnightHelmet":22,"SacredBark":34,"champ:ChampionCrown":0,"StoneCalendar":43,"Ginger":0,"Ancient Tea Set":7,"Smiling Mask":30,"Blood Vial":24,"Matryoshka":22,"Pantograph":41,"MealTicket":24,"Prayer Wheel":44,"Red Mask":23,"Toxic Egg 2":40,"Pear":13,"Blue Candle":28,"Eternal Feather":45,"champ:ChampionCrownUpgraded":17,"Guardian:PocketSentry":8,"Omamori":46,"Medical Kit":47,"White Beast Statue":29,"Mercury Hourglass":6,"Anchor":42,"MutagenicStrength":31,"Molten Egg 2":26,"Bag of Marbles":30,"hexamod:BolsterEngine":40},{"champ:BlackKnightHelmet":13,"SacredBark":21,"champ:ChampionCrown":0,"StoneCalendar":27,"Ginger":0,"Ancient Tea Set":4,"Smiling Mask":18,"Blood Vial":14,"Matryoshka":13,"Pantograph":25,"MealTicket":14,"Prayer Wheel":28,"Red Mask":14,"Toxic Egg 2":25,"Pear":8,"Blue Candle":17,"Eternal Feather":29,"champ:ChampionCrownUpgraded":10,"Guardian:PocketSentry":5,"Omamori":29,"Medical Kit":29,"White Beast Statue":18,"Mercury Hourglass":4,"Anchor":26,"MutagenicStrength":19,"Molten Egg 2":15,"Bag of Marbles":18,"hexamod:BolsterEngine":25},{"champ:BlackKnightHelmet":46,"SacredBark":73,"champ:ChampionCrown":0,"StoneCalendar":95,"Ginger":0,"Ancient Tea Set":16,"Smiling Mask":63,"Blood Vial":48,"Matryoshka":46,"Pantograph":86,"MealTicket":48,"Prayer Wheel":101,"Red Mask":48,"Toxic Egg 2":86,"Pear":29,"Blue Candle":59,"Eternal Feather":108,"champ:ChampionCrownUpgraded":36,"Guardian:PocketSentry":21,"Omamori":108,"Medical Kit":108,"White Beast Statue":63,"Mercury Hourglass":16,"Anchor":94,"MutagenicStrength":67,"Molten Egg 2":52,"Bag of Marbles":63,"hexamod:BolsterEngine":86}]},"card_choices":[{"not_picked":["champ:Backstep","champ:FightOn"],"picked":"champ:Circumvent","floor":2.0},{"not_picked":["champ:BerserkerStyle","champ:FocusedBerserking"],"picked":"champ:FlashCut","floor":3.0},{"not_picked":["champ:ShieldWall","champ:AdrenalArmor"],"picked":"champ:FanOfKnives","floor":4.0},{"not_picked":["champ:BringItOn","champ:Riposte"],"picked":"champ:EnGarde","floor":6.0},{"not_picked":["champ:DeathBlow","champ:Haymaker"],"picked":"champ:FaceSlap","floor":8.0},{"not_picked":["champ:RageSigil","champ:Duel"],"picked":"champ:Backstep","floor":10.0},{"not_picked":["champ:RecklessLeap","champ:FanOfKnives"],"picked":"champ:TornadoPunch","floor":11.0},{"not_picked":["champ:GladiatorsShout","champ:AdrenalArmor"],"picked":"champ:GladiatorStyle","floor":13.0},{"not_picked":["champ:Encircle","champ:Shatter","champ:PerfectedStrike"],"picked":"SKIP","floor":15.0},{"not_picked":["champ:VampiricStrike","champ:HeavySlash"],"picked":"champ:Improvising","floor":16.0},{"not_picked":["champ:RecklessLeap","champ:BladeFlurry"],"picked":"champ:DefensiveShout+1","floor":19.0},{"not_picked":["champ:FlashCut+1","champ:TornadoPunch"],"picked":"champ:DeathBlow","floor":20.0},{"not_picked":["champ:FlashCut","champ:BerserkersShout"],"picked":"champ:StanceDance","floor":22.0},{"not_picked":["champ:TornadoPunch","champ:Riposte+1"],"picked":"champ:DefensiveStyle","floor":23.0},{"not_picked":["champ:IgnorePain","champ:Circumvent"],"picked":"champ:RisingSlash+1","floor":26.0},{"not_picked":["champ:BerserkersShout","champ:PerfectedStrike+1"],"picked":"champ:FocusedBerserking+1","floor":27.0},{"not_picked":["champ:StanceDance","champ:ShieldSlam+1"],"picked":"champ:EnragedBash+1","floor":28.0},{"not_picked":["champ:PreciseThrust+1","champ:StanceDance+1"],"picked":"champ:AdrenalArmor+1","floor":29.0},{"not_picked":["champ:DefensiveStyle","champ:AdrenalArmor"],"picked":"champ:FocusedDefense","floor":31.0},{"not_picked":["champ:Encircle+1","champ:BladeFlurry+1"],"picked":"champ:RageSigil","floor":32.0},{"not_picked":["champ:AdrenalArmor+1","champ:DefensiveShout"],"picked":"champ:FanOfKnives+1","floor":36.0},{"not_picked":["champ:GladiatorsShout+1","champ:RageSigil","champ:AdrenalArmor"],"picked":"SKIP","floor":38.0},{"not_picked":["champ:PreciseThrust+1","champ:PerfectedStrike+1","champ:CheapShot+1"],"picked":"SKIP","floor":39.0},{"not_picked":["champ:TornadoPunch+1","champ:PreciseThrust+1"],"picked":"champ:AdrenalArmor+1","floor":40.0},{"not_picked":["champ:Improvising","champ:FlashCut+1"],"picked":"champ:SwordSigil+1","floor":42.0},{"not_picked":["champ:SwordSigil+1","champ:HeartStrike+1"],"picked":"champ:Encircle+1","floor":43.0},{"not_picked":["champ:CrookedStrike+1","champ:FocusedDefense+1"],"picked":"champ:StanceDance+1","floor":44.0},{"not_picked":["champ:SkillfulDodge+1","champ:FocusedGladiator+1"],"picked":"champ:AdrenalArmor+1","floor":45.0},{"not_picked":["champ:PreciseThrust+1","champ:BerserkerStyle"],"picked":"champ:Circumvent+1","floor":49},{"not_picked":["champ:VampiricStrike+1","champ:BerserkersShout+1"],"picked":"champ:Control+1","floor":49}],"player_experience":1136258,"relics_obtained":[{"floor":6.0,"key":"Mercury Hourglass"},{"floor":7.0,"key":"Ancient Tea Set"},{"floor":8.0,"key":"Guardian:PocketSentry"},{"floor":13.0,"key":"Pear"},{"floor":22.0,"key":"champ:BlackKnightHelmet"},{"floor":22.0,"key":"Matryoshka"},{"floor":23.0,"key":"Red Mask"},{"floor":24.0,"key":"MealTicket"},{"floor":24.0,"key":"Blood Vial"},{"floor":26.0,"key":"Molten Egg 2"},{"floor":28.0,"key":"Blue Candle"},{"floor":30.0,"key":"Bag of Marbles"},{"floor":30.0,"key":"Smiling Mask"},{"floor":31.0,"key":"MutagenicStrength"},{"floor":41.0,"key":"Pantograph"},{"floor":42.0,"key":"Anchor"},{"floor":43.0,"key":"StoneCalendar"},{"floor":44.0,"key":"Prayer Wheel"},{"floor":45.0,"key":"Eternal Feather"},{"floor":46.0,"key":"Omamori"}],"event_choices":[{"damage_healed":33.0,"max_hp_gain":0.0,"max_hp_loss":0.0,"gold_gain":0.0,"event_name":"Big Fish","player_choice":"Banana","floor":14.0,"gold_loss":0.0,"damage_taken":0.0},{"damage_healed":0.0,"max_hp_gain":0.0,"max_hp_loss":0.0,"gold_gain":0.0,"event_name":"Masked Bandits","player_choice":"Fought Bandits","floor":23.0,"gold_loss":0.0,"damage_taken":0.0},{"damage_healed":0.0,"max_hp_gain":0.0,"max_hp_loss":0.0,"gold_gain":0.0,"event_name":"Mysterious Sphere","player_choice":"Fight","floor":43.0,"gold_loss":0.0,"damage_taken":0.0}],"is_beta":false,"boss_relics":[{"not_picked":["Runic Dome","SlaversCollar"],"picked":"champ:ChampionCrownUpgraded"},{"not_picked":["Pandora\u0027s Box","Sozu"],"picked":"SacredBark"}],"items_purged_floors":[40,47,48],"is_endless":false,"potions_floor_spawned":[6,8,10,13,15,20,23,32,33,36,38,39,40,42,43,44,45,49],"killed_by":"downfall:Silent","ascension_level":2}}