{"host":"9i65z0zqo49crzwy","time":1608699177,"event":{"mods":["AchievementEnabler","Aspiration","Bard","BaseMod","Beaked The Cultist","Bestiary","Better Altar","Better Match","Better Note","Better Sensory Stone","Better Skull","Better Third Choice","BetterRewards","CCEM","Clawfect","Colored Map","Conspire","Downfall","GifTheSpireLib","Halation","Hermit","Highlight Path","Hubris","Hunter ??","Infinite Spire","Jedi Mod","Jorbs\u0027s Wanderer Trilogy","Mad Scientist","Marisa????????","Mimic Mod","Minty Spire (QoL Compilation)","Permanent Neow","Replay The Spire","Shade Mod","Shop Mod","Spicy Shops","StSLib","Stuff the Spire","The Administrix","The Alterego","The Blackbeard","The Bug Knight","The Construct","The Cursed","The Disciple","The Gatherer","The Hierophant","The IronCluck","The Jungle","The Mystic","The Necromancer","The Problem Sleuth","The Runesmith","The Servant 0.9.4","The Spell Scribe","The Witch","TheHero","Unceasing Turn Reminder"],"gold_per_floor":[113,0,10,27,27,52,52,71,71,71,84,84,102,118,118,118,118],"floor_reached":16,"playtime":1022,"items_purged":[],"score":104,"play_id":"b18a810a-7e8a-4b1b-9abe-dc0d167b9971","local_time":"20201222205257","is_ascension_mode":false,"campfire_choices":[{"data":"HollowMod:CycloneSlash","floor":7,"key":"SMITH"},{"data":"Enlightenment","floor":12,"key":"SMITH"},{"floor":15,"key":"REST"}],"circlet_count":0,"master_deck":["HollowMod:NailStrikeStart","HollowMod:NailStrikeStart","HollowMod:NailStrikeStart","HollowMod:QuickDashStart","HollowMod:QuickDashStart","HollowMod:QuickDashStart","HollowMod:FocusHealStart","HollowMod:PogoStrike","HollowMod:InfectedAttack","Enlightenment+1","HollowMod:SoulShaman","HollowMod:VengefulSpirit","HollowMod:PerfectDash","HollowMod:CycloneSlash+1","HollowMod:MantisMark","HollowMod:NewGlowingWomb"],"relics":["HollowMod:VesselMask","infinitespire:Lucky Rock","jedi:heavyjacket"],"acts_visited":["Exordium"],"potions_floor_usage":[14],"damage_taken":[{"damage":0,"enemies":"Small Slimes","floor":1,"turns":3},{"damage":5,"enemies":"2 Louse","floor":3,"turns":4},{"damage":7,"enemies":"Jaw Worm","floor":4,"turns":3},{"damage":61,"enemies":"3 Sentries","floor":6,"turns":14},{"damage":1,"enemies":"Blue Slaver","floor":8,"turns":2},{"damage":8,"enemies":"Looter","floor":11,"turns":3},{"damage":3,"enemies":"Exordium Wildlife","floor":13,"turns":4},{"damage":0,"enemies":"3 Louse","floor":14,"turns":2},{"damage":38,"enemies":"The Guardian","floor":16,"turns":6}],"seed_played":"-3895968791414276611","potions_obtained":[{"floor":1,"key":"AttackPotion"},{"floor":4,"key":"CultistPotion"},{"floor":8,"key":"Cursed Concoction"},{"floor":14,"key":"Strength Potion"}],"is_trial":false,"path_per_floor":["M","?","M","M","?","E","R","M","T","$","M","R","M","M","R","B"],"character_chosen":"THE_BUGKNIGHT","items_purchased":[],"campfire_rested":1,"item_purchase_floors":[],"current_hp_per_floor":[75,81,76,69,69,18,18,17,17,17,9,9,6,6,30,0,0],"gold":118,"neow_bonus":"REMOVE_CARD","is_daily":false,"chose_seed":false,"campfire_upgraded":2,"win_rate":0.0,"timestamp":1608699177,"path_taken":["M","?","M","M","?","E","R","M","T","$","M","R","M","M","R","BOSS"],"items_purchased_type":[],"build_version":"2020-12-13","purchased_purges":0,"victory":false,"max_hp_per_floor":[75,81,81,81,81,81,81,81,81,81,81,81,81,81,81,81,81],"card_choices":[{"not_picked":["HollowMod:NewGlowingWomb","HollowMod:BlackTendrils"],"picked":"HollowMod:InfectedAttack","floor":1},{"not_picked":["HollowMod:InfectedAttack","HollowMod:RecoilStrike"],"picked":"HollowMod:SoulShaman","floor":3},{"not_picked":["HollowMod:DashSlash","HollowMod:CloakDash"],"picked":"HollowMod:VengefulSpirit","floor":4},{"not_picked":["HollowMod:SharpenedNail","HollowMod:HuntersJournal"],"picked":"HollowMod:CycloneSlash","floor":6},{"not_picked":["HollowMod:CornifersMapStart","HollowMod:NewInfectedGuardian"],"picked":"HollowMod:MantisMark","floor":8},{"not_picked":["HollowMod:ShadowDash","HollowMod:InfectedAttack","HollowMod:InfectionAssault"],"picked":"SKIP","floor":11},{"not_picked":["HollowMod:HowlingWraiths","HollowMod:TaintedHusks"],"picked":"HollowMod:NewGlowingWomb","floor":13},{"not_picked":["HollowMod:NewLittleFool","HollowMod:CoiledNail","HollowMod:ShadowDash"],"picked":"SKIP","floor":14}],"player_experience":127379,"relics_obtained":[{"floor":6,"key":"infinitespire:Lucky Rock"},{"floor":9,"key":"jedi:heavyjacket"}],"event_choices":[{"damage_healed":0,"gold_gain":0,"player_choice":"RENOUNCE","damage_taken":113,"max_hp_gain":0,"max_hp_loss":0,"event_name":"betterThird:BetterSerpent","floor":2,"gold_loss":113,"cards_obtained":["Enlightenment"]},{"damage_healed":0,"gold_gain":0,"cards_transformed":["HollowMod:QuickDashStart"],"player_choice":"Transformed","damage_taken":0,"max_hp_gain":0,"max_hp_loss":0,"event_name":"Transmorgrifier","floor":5,"gold_loss":0,"cards_obtained":["HollowMod:PerfectDash"]}],"is_beta":false,"boss_relics":[],"items_purged_floors":[],"is_endless":false,"potions_floor_spawned":[1,4,8,11,14],"killed_by":"The Guardian","ascension_level":0}}