{"host":"htqwg582tjjtn9p7","time":1608736221,"event":{"mods":["2.2 Compatiblity","AchievementEnabler","Act Like it!","Aspiration","BaseMod","Better Third Choice","Colored Map","Conspire","Curses Come First","Displayed Cursed Tome","Energized Spire","Force Act Four","GifTheSpireLib","Hermit","Highlight Path","JesterMod","Mad Scientist","Minty Spire (QoL Compilation)","Pale of the Ancients","Permanent Neow","Random Character Button","Relic Stats","Replay The Spire","Robot Space Explorer","Somnambulant","Spicy Shops","Spikes Relics","StSLib","Stuff the Spire","The Blue Laboratory","The Disciple","The Dragon Tamer","The Forsaken","The Gatherer","The Judge","The Jungle","The Runesmith","The Servant 0.9.4"],"gold_per_floor":[119,44,56,66,84,84,95,95,172,184,184,213,213,239,239,316,316,290,290,41,41,41],"floor_reached":21,"playtime":1100,"items_purged":["theForsaken:TheForsaken_Strike","theForsaken:TheForsaken_Strike"],"score":331,"play_id":"daddf7cd-01d9-4d77-9848-f38dd7cbf0b3","local_time":"20201223161021","is_ascension_mode":true,"campfire_choices":[{"data":"theForsaken:Smite","floor":6,"key":"SMITH"},{"data":"theForsaken:NobleSacrifice","floor":8,"key":"SMITH"},{"data":"theForsaken:ShieldBash","floor":11,"key":"SMITH"},{"data":"Pot Of Greed","floor":15,"key":"SMITH"}],"circlet_count":0,"master_deck":["AscendersBane","theForsaken:TheForsaken_Strike","theForsaken:TheForsaken_Strike","theForsaken:TheForsaken_Defend","theForsaken:TheForsaken_Defend","theForsaken:TheForsaken_Defend","theForsaken:TheForsaken_Defend","theForsaken:Smite+1","theForsaken:Penitence","theForsaken:ChargeAttack","theForsaken:Bolster","theForsaken:NobleSacrifice+1","theForsaken:ShieldBash+1","Pot Of Greed+1","Pot Of Greed","theForsaken:Devotion","theForsaken:BattleHymn","theForsaken:FountainOfLife","theForsaken:DarkBargain"],"relics":["theForsaken:JudgementScales","Eternal Feather","Grinning Jar","aspiration:HiddenCompartment","Runic Pyramid","Nilry\u0027s Codex","Gremlin Food"],"acts_visited":["Exordium","TheCity"],"potions_floor_usage":[12,14,16],"damage_taken":[{"damage":0,"enemies":"Cultist","floor":1,"turns":4},{"damage":12,"enemies":"Small Slimes","floor":3,"turns":8},{"damage":2,"enemies":"Jaw Worm","floor":4,"turns":6},{"damage":26,"enemies":"Exordium Thugs","floor":5,"turns":6},{"damage":16,"enemies":"3 Louse","floor":7,"turns":7},{"damage":8,"enemies":"Blue Slaver","floor":10,"turns":6},{"damage":23,"enemies":"Lagavulin","floor":12,"turns":10},{"damage":36,"enemies":"Gremlin Nob","floor":14,"turns":7},{"damage":84,"enemies":"Hexaghost","floor":16,"turns":17},{"damage":48,"enemies":"2 Thieves","floor":18,"turns":5},{"damage":0,"enemies":"Spheric Guardian","floor":21,"turns":3}],"seed_played":"-8614569415137610422","potions_obtained":[{"floor":4,"key":"Strength Potion"},{"floor":10,"key":"Regen Potion"},{"floor":12,"key":"blueLaboratory:FruitPunch"},{"floor":14,"key":"blueLaboratory:BubblePotion"}],"is_trial":false,"path_per_floor":["M","$","M","M","M","R","M","R","T","M","R","E","?","E","R","B",null,"M","?","$","M"],"character_chosen":"THE_FORSAKEN","items_purchased":["Gremlin Food"],"campfire_rested":0,"item_purchase_floors":[20],"current_hp_per_floor":[64,64,58,56,38,38,37,37,37,40,46,66,62,34,43,19,57,23,2,2,2,2],"gold":41,"neow_bonus":"TEN_PERCENT_HP_BONUS","is_daily":false,"chose_seed":false,"campfire_upgraded":4,"win_rate":0.0,"timestamp":1608736221,"path_taken":["M","$","M","?","M","R","M","R","T","M","R","E","?","E","R","BOSS","M","?","$","M"],"items_purchased_type":["Relic"],"build_version":"2020-12-22","purchased_purges":2,"victory":false,"max_hp_per_floor":[67,67,67,67,67,67,67,67,67,67,67,67,67,69,69,69,69,71,71,71,71,71],"relic_stats":{"counters":[11,79],"Eternal Feather":15,"obtain_stats":[{"Gremlin Food":20,"Nilry\u0027s Codex":19,"Eternal Feather":9,"Grinning Jar":12,"theForsaken:JudgementScales":0,"aspiration:HiddenCompartment":14,"Runic Pyramid":17},{"Gremlin Food":10,"Nilry\u0027s Codex":10,"Eternal Feather":5,"Grinning Jar":7,"theForsaken:JudgementScales":0,"aspiration:HiddenCompartment":8,"Runic Pyramid":9},{"Gremlin Food":76,"Nilry\u0027s Codex":76,"Eternal Feather":31,"Grinning Jar":47,"theForsaken:JudgementScales":0,"aspiration:HiddenCompartment":54,"Runic Pyramid":71}]},"card_choices":[{"not_picked":["theForsaken:HorrifyingStrike","theForsaken:BlindFaith"],"picked":"theForsaken:ChargeAttack","floor":1},{"not_picked":["theForsaken:ScorchingSunlight","theForsaken:FatRoll","theForsaken:ShieldCharge"],"picked":"SKIP","floor":3},{"not_picked":["theForsaken:Backlash","theForsaken:ShieldCharge","theForsaken:ChargeAttack"],"picked":"SKIP","floor":4},{"not_picked":["theForsaken:PowerUp","theForsaken:WordOfPower"],"picked":"theForsaken:Bolster","floor":5},{"not_picked":["theForsaken:WordsOfPestilence","theForsaken:SpinAttack"],"picked":"theForsaken:NobleSacrifice","floor":7},{"not_picked":["theForsaken:Backlash","theForsaken:Retribution"],"picked":"theForsaken:ShieldBash","floor":10},{"not_picked":["theForsaken:DarkBarrier","theForsaken:ChargeAttack"],"picked":"theForsaken:Devotion","floor":12},{"not_picked":["theForsaken:MagicWeapon","theForsaken:PowerUp"],"picked":"theForsaken:BattleHymn","floor":14},{"not_picked":["theForsaken:CorruptDeck","theForsaken:Retribution"],"picked":"theForsaken:FountainOfLife","floor":16},{"not_picked":["theForsaken:PreciseStrike","theForsaken:HorrifyingStrike"],"picked":"theForsaken:DarkBargain","floor":18}],"player_experience":1751513,"relics_obtained":[{"floor":9,"key":"Eternal Feather"},{"floor":12,"key":"Grinning Jar"},{"floor":14,"key":"aspiration:HiddenCompartment"}],"event_choices":[{"damage_healed":0,"gold_gain":0,"player_choice":"Leave","damage_taken":0,"max_hp_gain":0,"max_hp_loss":0,"event_name":"conspire:Investor","floor":13,"gold_loss":0},{"damage_healed":0,"gold_gain":0,"player_choice":"Obtained Book","damage_taken":21,"max_hp_gain":0,"max_hp_loss":0,"event_name":"Cursed Tome","floor":19,"gold_loss":0}],"is_beta":false,"boss_relics":[{"not_picked":["Snecko Eye","theForsaken:ArmorOfThorns"],"picked":"Runic Pyramid"}],"items_purged_floors":[2,20],"is_endless":false,"potions_floor_spawned":[4,10,12,14],"killed_by":"Spheric Guardian","ascension_level":15}}