{"host":"v4tuy5ykrbdcm9o9","time":1608755038,"event":{"mods":["BaseMod","Duelist Mod","Minty Spire (QoL Compilation)","Replay The Spire","StSLib"],"gold_per_floor":[113,113,8,25,39,39,70,82,107,139,14,32,60,72,72,177,177,192,192,192,12,12,41,41,235,260,260,286,286,299,329,329,425,425,437,128,140,140,158,184,184,209,209,209,209,209],"floor_reached":45,"playtime":6169,"items_purged":[],"score":714,"play_id":"711a790a-1a7c-4201-bb2f-74bb919a99a5","local_time":"20201223152358","is_ascension_mode":true,"campfire_choices":[{"data":"Eclipse","floor":6.0,"key":"SMITH"},{"floor":15.0,"key":"REST"},{"floor":24.0,"key":"REST"},{"data":"Rage","floor":27.0,"key":"SMITH"},{"floor":29.0,"key":"REST"},{"data":"Double Tap","floor":32.0,"key":"SMITH"},{"floor":44,"key":"REST"}],"circlet_count":0,"master_deck":["Strike_R","Strike_R","Strike_R","Strike_R","Strike_R","Defend_R","Defend_R","Defend_R","Defend_R","Bash","Eclipse+1","Anger","Spot Weakness","Thunderclap","ReplayTheSpireMod:Corrosion Curse+1","Flex","ReplayTheSpireMod:Strike From Hell","Double Tap+1","Replay:Undeath\u0027s Touch","Feel No Pain","Dropkick","Armaments","Immolate","Pommel Strike","Shockwave","Limit Break","Defy Death","Rage+1","Metallicize","Metallicize","Combust+1","Flex+1","Twin Strike+1","Entrench+1","Perfected Strike","Reaper","Exhume","Cleave","Juggernaut","ReplayTheSpireMod:LeadingStrike+1","Madness","Madness","Pommel Strike+1","Replay:Undeath\u0027s Touch+1","ReplayTheSpireMod:Brewmster"],"relics":["Burning Blood","Bag of Marbles","Happy Flower","Regal Pillow","Replay:Baseball","ChewingGum","StrikeDummy","Potion Belt","Replay:Bottled Flurry","Mirror","Mark of Pain","Boot","Ancient Tea Set","ReplayTheSpireMod:TigerMarble"],"acts_visited":["Exordium","TheCity","TheBeyond"],"potions_floor_usage":[35,39,40,42],"damage_taken":[{"damage":1.0,"enemies":"Cultist","floor":1.0,"turns":3.0},{"damage":8.0,"enemies":"Small Slimes","floor":4.0,"turns":2.0},{"damage":7.0,"enemies":"2 Louse","floor":5.0,"turns":2.0},{"damage":21.0,"enemies":"3 Sentries","floor":7.0,"turns":5.0},{"damage":0.0,"enemies":"Red Slaver","floor":8.0,"turns":2.0},{"damage":18.0,"enemies":"Gremlin Nob","floor":10.0,"turns":3.0},{"damage":14.0,"enemies":"Blue Slaver","floor":12.0,"turns":3.0},{"damage":19.0,"enemies":"Lagavulin","floor":13.0,"turns":5.0},{"damage":0.0,"enemies":"Looter","floor":14.0,"turns":2.0},{"damage":75.0,"enemies":"The Guardian","floor":16.0,"turns":10.0},{"damage":14.0,"enemies":"3 Byrds","floor":18.0,"turns":4.0},{"damage":13.0,"enemies":"2 Thieves","floor":22.0,"turns":4.0},{"damage":7.0,"enemies":"theDuelist:KaibaA2","floor":23.0,"turns":3.0},{"damage":13.0,"enemies":"Slavers","floor":28.0,"turns":3.0},{"damage":3.0,"enemies":"Cultist and Chosen","floor":30.0,"turns":4.0},{"damage":1.0,"enemies":"theDuelist:KaibaA2","floor":31.0,"turns":3.0},{"damage":82.0,"enemies":"Champ","floor":33.0,"turns":7.0},{"damage":16,"enemies":"3 Darklings","floor":35,"turns":4},{"damage":7,"enemies":"Orb Walker","floor":37,"turns":3},{"damage":0,"enemies":"Spire Growth","floor":39,"turns":3},{"damage":45,"enemies":"Nemesis","floor":40,"turns":7},{"damage":41,"enemies":"Reptomancer","floor":42,"turns":5},{"damage":89,"enemies":"Giant Head","floor":45,"turns":6}],"seed_played":"-8467660478578063963","potions_obtained":[{"floor":1.0,"key":"Strength Potion"},{"floor":4.0,"key":"Swift Potion"},{"floor":7.0,"key":"Flashbang"},{"floor":14.0,"key":"Languid Potion"},{"floor":16.0,"key":"Energy Potion"},{"floor":18.0,"key":"AttackPotion"},{"floor":22.0,"key":"Languid Potion"},{"floor":28.0,"key":"Dexterity Potion"},{"floor":33.0,"key":"Swift Potion"},{"floor":35,"key":"Dexterity Potion"},{"floor":42,"key":"Death Potion"}],"is_trial":false,"path_per_floor":["M","?","$","M","M","R","E","M","T","E","$","M","E","M","R","B",null,"M","?","?","$","M","E","R","?","T","R","E","R","M","E","R","B",null,"M","$","M","?","M","E","?","E","T","R","E"],"character_chosen":"IRONCLAD","items_purchased":["ReplayTheSpireMod:Corrosion Curse+1","Flex","Armaments","Adrenaline Potion","FearPotion","Rage","Metallicize","SteroidPotion","Juggernaut","Flashbang","Block Potion"],"campfire_rested":4,"item_purchase_floors":[3,3,11,11,11,21,21,21,36,36,36],"current_hp_per_floor":[80,80,80,78,77,77,62,68,68,56,56,48,35,41,80,11,80,72,72,64,64,57,56,80,60,60,60,53,80,80,80,80,15,80,80,80,79,69,75,45,45,36,36,75,0,0],"gold":209,"neow_bonus":"ONE_RANDOM_RARE_CARD","is_daily":false,"chose_seed":false,"campfire_upgraded":3,"win_rate":0.0,"timestamp":1608755038,"path_taken":["M","?","?","M","M","R","E","M","T","E","$","?","E","M","R","BOSS","M","?","?","$","?","E","R","?","T","R","E","R","M","E","R","BOSS","M","$","M","?","M","E","?","E","T","R","E"],"items_purchased_type":["Card","Card","Card","Potion","Potion","Card","Card","Potion","Card","Potion","Potion"],"build_version":"2020-12-22","purchased_purges":0,"victory":false,"max_hp_per_floor":[80,80,80,80,80,80,80,80,80,80,80,80,80,80,80,80,80,80,80,80,80,80,80,80,80,80,80,80,80,80,80,80,80,80,80,80,80,80,80,80,80,80,80,80,80,80],"card_choices":[{"not_picked":["True Grit","Warcry"],"picked":"Anger","floor":1.0},{"not_picked":["Disarm","Wild Strike"],"picked":"ReplayTheSpireMod:Strike From Hell","floor":4.0},{"not_picked":["Hemokinesis","Run Through"],"picked":"Double Tap","floor":5.0},{"not_picked":["Reckless Charge","True Grit"],"picked":"Replay:Undeath\u0027s Touch","floor":7.0},{"not_picked":["Clothesline","True Grit"],"picked":"Feel No Pain","floor":8.0},{"not_picked":["Clash","Second Wind"],"picked":"Dropkick","floor":10.0},{"not_picked":["Headbutt","Pommel Strike"],"picked":"Immolate","floor":12.0},{"not_picked":["Intimidate","Havoc"],"picked":"Pommel Strike","floor":13.0},{"not_picked":["Havoc","Whirlwind"],"picked":"Shockwave","floor":14.0},{"not_picked":["Demonic Infusion","Impervious"],"picked":"Limit Break","floor":16.0},{"not_picked":["True Grit","Clothesline","Dual Wield"],"picked":"SKIP","floor":18.0},{"not_picked":["Thunderclap","Heavy Blade"],"picked":"Combust+1","floor":22.0},{"not_picked":["Body Slam","Shrug It Off"],"picked":"Flex+1","floor":23.0},{"not_picked":["Sword Boomerang","Second Wind+1"],"picked":"Twin Strike+1","floor":25.0},{"not_picked":["Flex","Replay:Many Hands"],"picked":"Entrench+1","floor":28.0},{"not_picked":["Fire Breathing","Iron Wave"],"picked":"Perfected Strike","floor":30.0},{"not_picked":["Thunderclap","Seeing Red"],"picked":"Reaper","floor":31.0},{"not_picked":["Berserk","Immolate"],"picked":"Exhume","floor":33.0},{"not_picked":["Twin Strike","True Grit+1"],"picked":"Cleave","floor":35},{"not_picked":["Clothesline+1","Flex"],"picked":"ReplayTheSpireMod:LeadingStrike+1","floor":37},{"not_picked":["Flex","Twin Strike"],"picked":"Pommel Strike+1","floor":39},{"not_picked":["Fire Breathing","ReplayTheSpireMod:Strike From Hell"],"picked":"Replay:Undeath\u0027s Touch+1","floor":40},{"not_picked":["Jack Of All Trades","Replay:Bootleg Shield Generator"],"picked":"ReplayTheSpireMod:Brewmster","floor":41},{"not_picked":["Pummel","Thunderclap","Sword Boomerang"],"picked":"SKIP","floor":42}],"player_experience":429014,"relics_obtained":[{"floor":7.0,"key":"Bag of Marbles"},{"floor":9.0,"key":"Happy Flower"},{"floor":10.0,"key":"Regal Pillow"},{"floor":13.0,"key":"Replay:Baseball"},{"floor":23.0,"key":"StrikeDummy"},{"floor":26.0,"key":"Potion Belt"},{"floor":28.0,"key":"Replay:Bottled Flurry"},{"floor":31.0,"key":"Mirror"},{"floor":40,"key":"Boot"},{"floor":42,"key":"Ancient Tea Set"},{"floor":43,"key":"ReplayTheSpireMod:TigerMarble"}],"event_choices":[{"damage_healed":0.0,"max_hp_gain":0.0,"max_hp_loss":0.0,"gold_gain":0.0,"event_name":"Match and Keep!","player_choice":"2 cards matched","floor":2.0,"gold_loss":0.0,"damage_taken":0.0,"cards_obtained":["Spot Weakness","Thunderclap"]},{"damage_healed":0.0,"max_hp_gain":0.0,"max_hp_loss":0.0,"gold_gain":0.0,"event_name":"The Library","player_choice":"Read","floor":19.0,"gold_loss":0.0,"damage_taken":0.0,"cards_obtained":["Defy Death"]},{"damage_healed":0.0,"max_hp_gain":0.0,"max_hp_loss":0.0,"gold_gain":0.0,"event_name":"Wheel of Change","player_choice":"Damaged","floor":20.0,"gold_loss":0.0,"damage_taken":8.0},{"damage_healed":0,"gold_gain":0,"player_choice":"Embrace Madness","damage_taken":10,"max_hp_gain":0,"max_hp_loss":0,"event_name":"Winding Halls","floor":38,"gold_loss":0,"cards_obtained":["Madness","Madness"]},{"damage_healed":0,"gold_gain":0,"player_choice":"Memory 1","damage_taken":0,"max_hp_gain":0,"max_hp_loss":0,"event_name":"SensoryStone","floor":41,"gold_loss":0}],"is_beta":false,"boss_relics":[{"not_picked":["Replay:Bronze Core","Sozu"],"picked":"ChewingGum"},{"not_picked":["Coffee Dripper","Painkiller Herb"],"picked":"Mark of Pain"}],"items_purged_floors":[],"is_endless":false,"potions_floor_spawned":[1,4,7,14,16,18,22,28,33,35,42],"killed_by":"Giant Head","ascension_level":4}}