{"host":"btj53a7qlsawl9sy","time":1608740377,"event":{"mods":["Act Like it!","BaseMod","Better Vampires","Colored Powertips","Gensokyo","Luminous","Marisa（F雨　魔理沙）","Marked Mod","Minty Spire (QoL Compilation)","Quick Restart","Reimu（博丽灵梦）","Relic Stats","Remilia（蕾米莉亚）","Replay The Spire","Spicy Shops","StSLib","The Administrix","The Hierophant","The Servant 0.9.4","Waifu the Spire","WarShipGirlsR/战舰少女R mod","Youmu（魂魄妖梦）","Yuyuko","vexMod","【东方二次创作】八云紫mod","【遗物卡牌】REMEMod"],"gold_per_floor":[109,129,139,189,202,202,202,202],"floor_reached":7,"playtime":337,"items_purged":[],"score":43,"play_id":"085f3069-05cd-45bf-87f3-8037e2c1d7e4","local_time":"20201224001937","is_ascension_mode":false,"campfire_choices":[{"floor":6,"key":"REST"}],"circlet_count":0,"master_deck":["Strike_Lin:ReiMu","Strike_Lin:ReiMu","Strike_Lin:ReiMu","Strike_Lin:ReiMu","Defend_Lin:ReiMu","Defend_Lin:ReiMu","Defend_Lin:ReiMu","Defend_Lin:ReiMu","NB:ReiMu","Stagnation:ReiMu","OrbThrow:ReiMu","SafetyPray:ReiMu","SpringWay:ReiMu","CommonCold","SpreadBorder2:ReiMu"],"relics":["FlyPower:ReiMu","REME_ComplimentaryCards","Happy Flower","Ring of Greed","MealTicket","Replay:Wax Seal"],"acts_visited":["Exordium"],"potions_floor_usage":[7],"damage_taken":[{"damage":0,"enemies":"Jaw Worm","floor":1,"turns":4},{"damage":0,"enemies":"2 Louse","floor":2,"turns":3},{"damage":3,"enemies":"Small Slimes","floor":3,"turns":5},{"damage":5,"enemies":"3 Louse","floor":5,"turns":3},{"damage":63,"enemies":"Gremlin Nob","floor":7,"turns":7}],"seed_played":"-3058864429718044194","potions_obtained":[{"floor":3,"key":"Explosive Potion"},{"floor":5,"key":"SteroidPotion"}],"is_trial":false,"path_per_floor":["M","M","M","?","M","R","E"],"character_chosen":"REIMU","items_purchased":[],"campfire_rested":1,"item_purchase_floors":[],"current_hp_per_floor":[65,65,62,62,57,65,2,2],"gold":202,"neow_bonus":"RANDOM_COMMON_RELIC","is_daily":false,"chose_seed":false,"campfire_upgraded":0,"win_rate":0.0,"timestamp":1608740377,"path_taken":["M","M","M","?","M","R","E"],"items_purchased_type":[],"build_version":"2020-12-22","purchased_purges":0,"victory":false,"max_hp_per_floor":[65,65,65,65,65,65,65,65],"relic_stats":{"Happy Flower":[7],"counters":[5,22],"MealTicket":0,"obtain_stats":[{"Happy Flower":0,"MealTicket":4,"Ring of Greed":4,"Replay:Wax Seal":4,"FlyPower:ReiMu":0,"REME_ComplimentaryCards":0},{"Happy Flower":0,"MealTicket":3,"Ring of Greed":3,"Replay:Wax Seal":3,"FlyPower:ReiMu":0,"REME_ComplimentaryCards":0},{"Happy Flower":0,"MealTicket":12,"Ring of Greed":12,"Replay:Wax Seal":12,"FlyPower:ReiMu":0,"REME_ComplimentaryCards":0}]},"card_choices":[{"not_picked":["SpiritualOutbreak2:ReiMu","MountainWay:ReiMu"],"picked":"OrbThrow:ReiMu","floor":1},{"not_picked":["Amulet:ReiMu","Enchanting:ReiMu"],"picked":"SafetyPray:ReiMu","floor":2},{"not_picked":["SubAcupoint:ReiMu","SubcavityInstant:ReiMu"],"picked":"SpringWay:ReiMu","floor":3},{"not_picked":["Conquer:ReiMu","AirStrike:ReiMu"],"picked":"SpreadBorder2:ReiMu","floor":5}],"player_experience":118229,"relics_obtained":[{"floor":4,"key":"Ring of Greed"},{"floor":4,"key":"MealTicket"},{"floor":4,"key":"Replay:Wax Seal"}],"event_choices":[],"is_beta":false,"boss_relics":[],"items_purged_floors":[],"is_endless":false,"potions_floor_spawned":[3,5],"killed_by":"Gremlin Nob","ascension_level":0}}