{"host":"oy4pyvr762z5n0bb","time":1608684203,"event":{"mods":["AchievementEnabler","BaseMod","Colored Map","Colored Powertips","Googly Eyes","Key Reminder","Minty Spire (QoL Compilation)","Quick Restart","Relic Sorter","StSLib","SuperFastMode","Unceasing Turn Reminder","slay the spire mod where everything is the same but ironclad has a cowboy hat"],"gold_per_floor":[15,34,34,109,57,57,91,91,116,116,134,134,2,27,27,157,157,178,93,93,118,136,136,136,136],"floor_reached":24,"playtime":632,"items_purged":["Strike_P"],"score":223,"play_id":"208db414-524f-4f3d-adb0-6afbd37515b8","local_time":"20201222164323","is_ascension_mode":true,"campfire_choices":[{"data":"Crescendo","floor":6,"key":"SMITH"},{"floor":12,"key":"REST"},{"data":"BattleHymn","floor":15,"key":"SMITH"},{"floor":23,"key":"REST"}],"circlet_count":0,"master_deck":["Strike_P","Strike_P","Strike_P","Defend_P","Defend_P","Defend_P","Defend_P","Eruption+1","Vigilance","Crescendo+1","JustLucky","Consecrate","MentalFortress","BattleHymn+1","Tantrum","Indignation","MasterReality","ClearTheMind","RitualDagger","Protect"],"relics":["PureWater","StoneCalendar","White Beast Statue","Golden Idol","Smiling Mask","Runic Pyramid","Nunchaku"],"acts_visited":["Exordium","TheCity"],"potions_floor_usage":[7,14,16,16,21,22,22,24],"damage_taken":[{"damage":2,"enemies":"Small Slimes","floor":1,"turns":3},{"damage":6,"enemies":"2 Louse","floor":2,"turns":3},{"damage":27,"enemies":"Lagavulin","floor":7,"turns":7},{"damage":2,"enemies":"Jaw Worm","floor":11,"turns":2},{"damage":0,"enemies":"Looter","floor":14,"turns":2},{"damage":33,"enemies":"The Guardian","floor":16,"turns":6},{"damage":22,"enemies":"3 Byrds","floor":18,"turns":5},{"damage":21,"enemies":"Shell Parasite","floor":21,"turns":6},{"damage":12,"enemies":"Snecko","floor":22,"turns":4},{"damage":38,"enemies":"Book of Stabbing","floor":24,"turns":4}],"seed_played":"-2253628935138459451","potions_obtained":[{"floor":1,"key":"Fruit Juice"},{"floor":7,"key":"Regen Potion"},{"floor":11,"key":"Fire Potion"},{"floor":14,"key":"GamblersBrew"},{"floor":16,"key":"Strength Potion"},{"floor":18,"key":"GamblersBrew"},{"floor":21,"key":"SkillPotion"},{"floor":22,"key":"ColorlessPotion"}],"is_trial":false,"path_per_floor":["M","M","?","?","$","R","E","?","T","?","M","R","$","M","R","B",null,"M","?","?","M","M","R","E"],"character_chosen":"WATCHER","items_purchased":["Consecrate","Tantrum"],"campfire_rested":2,"item_purchase_floors":[5,13],"current_hp_per_floor":[70,64,64,53,53,53,31,31,31,31,29,50,50,50,50,26,71,49,49,43,22,10,31,0,0],"gold":136,"neow_bonus":"ONE_RARE_RELIC","is_daily":false,"chose_seed":false,"campfire_upgraded":2,"win_rate":0.0,"timestamp":1608684203,"path_taken":["M","M","?","?","$","R","E","?","T","?","?","R","$","M","R","BOSS","M","?","?","M","M","R","E"],"items_purchased_type":["Card","Card"],"build_version":"2020-12-13","purchased_purges":1,"victory":false,"max_hp_per_floor":[72,72,72,72,72,72,77,71,71,71,71,71,71,71,71,71,71,71,71,71,71,71,71,71,71],"card_choices":[{"not_picked":["WaveOfTheHand","Evaluate"],"picked":"Crescendo","floor":1},{"not_picked":["Protect","Meditate"],"picked":"JustLucky","floor":2},{"not_picked":["Evaluate","Worship"],"picked":"MentalFortress","floor":7},{"not_picked":["Evaluate","Omniscience"],"picked":"BattleHymn","floor":11},{"not_picked":["JustLucky","WaveOfTheHand"],"picked":"Indignation","floor":14},{"not_picked":["Omniscience","DeusExMachina"],"picked":"MasterReality","floor":16},{"not_picked":["ThirdEye","CutThroughFate"],"picked":"ClearTheMind","floor":18},{"not_picked":["SashWhip+1","EmptyFist+1"],"picked":"Protect","floor":21},{"not_picked":["SashWhip+1","FlyingSleeves+1","Devotion"],"picked":"SKIP","floor":22}],"player_experience":551708,"relics_obtained":[{"floor":7,"key":"White Beast Statue"},{"floor":9,"key":"Smiling Mask"}],"event_choices":[{"damage_healed":0,"gold_gain":0,"player_choice":"Grow","damage_taken":0,"max_hp_gain":0,"max_hp_loss":0,"event_name":"Living Wall","floor":3,"gold_loss":0,"cards_upgraded":["Eruption"]},{"damage_healed":0,"gold_gain":75,"player_choice":"Gather Gold","damage_taken":11,"max_hp_gain":0,"max_hp_loss":0,"event_name":"World of Goop","floor":4,"gold_loss":0},{"damage_healed":0,"gold_gain":0,"player_choice":"Lose Max HP","damage_taken":0,"relics_obtained":["Golden Idol"],"max_hp_gain":0,"max_hp_loss":6,"event_name":"Golden Idol","floor":8,"gold_loss":0},{"damage_healed":0,"gold_gain":0,"player_choice":"Ignored","damage_taken":0,"max_hp_gain":0,"max_hp_loss":0,"event_name":"Golden Wing","floor":10,"gold_loss":0},{"damage_healed":0,"gold_gain":0,"player_choice":"Obtained Relic","damage_taken":0,"relics_obtained":["Nunchaku"],"max_hp_gain":0,"max_hp_loss":0,"event_name":"Addict","floor":19,"gold_loss":85},{"damage_healed":0,"gold_gain":0,"player_choice":"Joined the Cult","damage_taken":6,"max_hp_gain":0,"max_hp_loss":0,"event_name":"Nest","floor":20,"gold_loss":0,"cards_obtained":["RitualDagger"]}],"is_beta":false,"boss_relics":[{"not_picked":["VioletLotus","Philosopher\u0027s Stone"],"picked":"Runic Pyramid"}],"items_purged_floors":[13],"is_endless":false,"potions_floor_spawned":[1,7,11,14,16,18,21,22],"killed_by":"Book of Stabbing","ascension_level":3}}