{"host":"newqdrzxfhh2im9e","time":1608752622,"event":{"mods":["AchievementEnabler","BaseMod","BetterRewards","Block Reminder","Colored Map","Jorbs\u0027s Wanderer Trilogy","Minty Spire (QoL Compilation)","Rare Cards Sparkle","Shop Mod","StSLib"],"gold_per_floor":[113,130,142,16,36,36,98,98,122,132,162,174,205,229,241,351,413,435,447,374,386,32,32,32,32],"floor_reached":24,"playtime":780,"items_purged":[],"score":216,"play_id":"84db64ce-80c8-4cfe-a7cb-9b5337c97521","local_time":"20201223114342","is_ascension_mode":true,"campfire_choices":[{"data":"Self Repair","floor":6.0,"key":"SMITH"},{"floor":8.0,"key":"REST"},{"floor":15.0,"key":"REST"},{"data":"Sunder","floor":23,"key":"SMITH"}],"circlet_count":0,"master_deck":["Strike_B","Strike_B","Strike_B","Strike_B","Defend_B","Defend_B","Defend_B","Defend_B","Zap","Dualcast","Self Repair+1","Heatsinks","Sweeping Beam","Hello World+1","Static Discharge","BootSequence","Meteor Strike+1","Fission+1","FTL","Auto Shields","Sunder+1","Static Discharge"],"relics":["Cracked Core","Omamori","Juzu Bracelet","MawBank","Tiny House","Happy Flower","Pantograph"],"acts_visited":["Exordium","TheCity"],"potions_floor_usage":[24],"damage_taken":[{"damage":0.0,"enemies":"Small Slimes","floor":1.0,"turns":3.0},{"damage":6.0,"enemies":"Cultist","floor":2.0,"turns":4.0},{"damage":2.0,"enemies":"Jaw Worm","floor":3.0,"turns":3.0},{"damage":13.0,"enemies":"Blue Slaver","floor":5.0,"turns":2.0},{"damage":45.0,"enemies":"Gremlin Nob","floor":7.0,"turns":6.0},{"damage":32.0,"enemies":"Exordium Thugs","floor":10.0,"turns":3.0},{"damage":31.0,"enemies":"3 Sentries","floor":11.0,"turns":6.0},{"damage":0.0,"enemies":"2 Fungi Beasts","floor":13.0,"turns":2.0},{"damage":1.0,"enemies":"Looter","floor":14.0,"turns":2.0},{"damage":35.0,"enemies":"Hexaghost","floor":16.0,"turns":8.0},{"damage":37,"enemies":"Shell Parasite","floor":18,"turns":7},{"damage":84,"enemies":"Gremlin Leader","floor":24,"turns":4}],"seed_played":"-2530254315845651534","potions_obtained":[{"floor":0.0,"key":"LiquidMemories"},{"floor":0.0,"key":"SneckoOil"},{"floor":0.0,"key":"DuplicationPotion"},{"floor":2.0,"key":"SteroidPotion"},{"floor":7.0,"key":"Explosive Potion"},{"floor":11.0,"key":"Explosive Potion"},{"floor":13.0,"key":"EntropicBrew"},{"floor":14.0,"key":"Weak Potion"},{"floor":17.0,"key":"Ancient Potion"}],"is_trial":false,"path_per_floor":["M","M","M","$","M","R","?","R","T","M","E","?","M","M","R","B",null,"M","?","?","?","$","R","E"],"character_chosen":"DEFECT","items_purchased":["Heatsinks","Sweeping Beam","Pantograph","Sunder","Static Discharge"],"campfire_rested":2,"item_purchase_floors":[4,4,22,22,22],"current_hp_per_floor":[75,75,75,75,69,69,34,56,56,34,13,13,23,22,44,19,80,53,53,53,79,79,79,0,0],"gold":32,"neow_bonus":"THREE_SMALL_POTIONS","is_daily":false,"chose_seed":false,"campfire_upgraded":2,"win_rate":0.0,"timestamp":1608752622,"path_taken":["M","M","M","$","M","R","?","R","T","M","E","?","M","M","R","BOSS","M","?","?","?","$","R","E"],"items_purchased_type":["Card","Card","Relic","Card","Card"],"build_version":"2020-12-22","purchased_purges":0,"victory":false,"max_hp_per_floor":[75,75,75,75,75,75,75,75,75,75,75,75,75,75,75,75,80,80,80,80,80,80,80,80,80],"card_choices":[{"not_picked":["Turbo","Lockon"],"picked":"Self Repair","floor":1.0},{"not_picked":["Steam Power","Hologram","Redo"],"picked":"SKIP","floor":2.0},{"not_picked":["Gash","Cold Snap","Sweeping Beam"],"picked":"SKIP","floor":3.0},{"not_picked":["Beam Cell","Steam","Turbo"],"picked":"SKIP","floor":5.0},{"not_picked":["BootSequence","Streamline"],"picked":"Hello World","floor":7.0},{"not_picked":["Force Field","Streamline"],"picked":"Static Discharge","floor":10.0},{"not_picked":["Coolheaded","Gash"],"picked":"BootSequence","floor":11.0},{"not_picked":["Undo","Auto Shields"],"picked":"Meteor Strike","floor":13.0},{"not_picked":["Hologram","Beam Cell","Ball Lightning"],"picked":"SKIP","floor":14.0},{"not_picked":["Machine Learning","Thunder Strike"],"picked":"Fission","floor":16.0},{"not_picked":["Streamline","Reprogram"],"picked":"FTL","floor":17.0},{"not_picked":["Force Field","Coolheaded"],"picked":"Auto Shields","floor":18}],"player_experience":634954,"relics_obtained":[{"floor":7.0,"key":"Omamori"},{"floor":9.0,"key":"Juzu Bracelet"},{"floor":11.0,"key":"MawBank"}],"event_choices":[{"damage_healed":0.0,"max_hp_gain":0.0,"max_hp_loss":0.0,"gold_gain":0.0,"event_name":"Dead Adventurer","player_choice":"Searched \u00272\u0027 times","floor":7.0,"gold_loss":0.0,"damage_taken":0.0},{"damage_healed":0.0,"max_hp_gain":0.0,"max_hp_loss":0.0,"gold_gain":0.0,"event_name":"Accursed Blacksmith","player_choice":"Forge","floor":12.0,"gold_loss":0.0,"damage_taken":0.0,"cards_upgraded":["Hello World"]},{"damage_healed":0,"gold_gain":0,"player_choice":"Upgraded","damage_taken":0,"max_hp_gain":0,"max_hp_loss":0,"event_name":"Upgrade Shrine","floor":19,"gold_loss":0,"cards_upgraded":["Fission"]},{"damage_healed":0,"gold_gain":0,"player_choice":"Obtained Relic","damage_taken":0,"relics_obtained":["Happy Flower"],"max_hp_gain":0,"max_hp_loss":0,"event_name":"Addict","floor":20,"gold_loss":85},{"damage_healed":26,"gold_gain":0,"player_choice":"Heal","damage_taken":0,"max_hp_gain":0,"max_hp_loss":0,"event_name":"The Library","floor":21,"gold_loss":0}],"is_beta":false,"boss_relics":[{"not_picked":["Black Star","Pandora\u0027s Box"],"picked":"Tiny House"}],"items_purged_floors":[],"is_endless":false,"potions_floor_spawned":[1,2,7,11,13,14],"killed_by":"Gremlin Leader","ascension_level":2}}