{"host":"ifd7sfhtlbe34qll","time":1608762015,"event":{"mods":["2.2 Compatiblity","Ascension Unlocker","BaseMod","Block Reminder","Colored Map","Downfall","Highlight Path","Minty Spire (QoL Compilation)","Potion Indicator Mod","Quick Restart","Random Character Button","Relic Stats","StSLib"],"gold_per_floor":[99,99,124,124,151,161,184,184,211,211,231,25,25,25,41,119,119,119,145,201,488,535,602,602],"floor_reached":23,"playtime":1505,"items_purged":[],"score":478,"play_id":"cd7f139d-c3e9-44c6-a359-0772f3e750f0","local_time":"20201223162015","is_ascension_mode":true,"campfire_choices":[{"data":"sneckomod:SnekBite","floor":1,"key":"SMITH"},{"floor":10,"key":"REST"},{"data":"sneckomod:GlitteringGambit","floor":18,"key":"SMITH"}],"circlet_count":0,"master_deck":["AscendersBane","sneckomod:Strike","sneckomod:Strike","sneckomod:Defend+1","sneckomod:Defend","sneckomod:Defend","sneckomod:TailWhip+1","sneckomod:SnekBite+1","sneckomod:Unknown","sneckomod:Unknown","sneckomod:UnknownClassRED+1","sneckomod:SlitherStrike","sneckomod:UnknownStrength","sneckomod:CheapStock","sneckomod:WideSting","sneckomod:UnknownVulnerable","sneckomod:SerpentIdol","sneckomod:ImprovisedAttack","sneckomod:UnknownRareSkill","sneckomod:SoulCleanse","sneckomod:GlitteringGambit+1","sneckomod:UnknownUncommonAttack","sneckomod:UnknownClassGUARDIAN+1","sneckomod:UnknownExhaust+1"],"relics":["sneckomod:SneckoSoul","downfall:HeartsMalice","Letter Opener","Omamori","Regal Pillow","Unceasing Top","ClockworkSouvenir","Shuriken","Sozu","MawBank"],"acts_visited":["TheCity"],"potions_floor_usage":[12],"damage_taken":[{"damage":0,"enemies":"Cultist","floor":2,"turns":1},{"damage":0,"enemies":"Lagavulin","floor":3,"turns":1},{"damage":0,"enemies":"Gremlin Nob","floor":5,"turns":1},{"damage":20,"enemies":"Jaw Worm","floor":6,"turns":4},{"damage":27,"enemies":"3 Sentries","floor":9,"turns":7},{"damage":0,"enemies":"Small Slimes","floor":11,"turns":3},{"damage":0,"enemies":"downfall:FleeingMerchant","floor":12,"turns":4},{"damage":6,"enemies":"Blue Slaver","floor":15,"turns":2},{"damage":64,"enemies":"downfall:Defect","floor":16,"turns":10},{"damage":18,"enemies":"Chosen","floor":19,"turns":5},{"damage":20,"enemies":"Book of Stabbing","floor":20,"turns":4},{"damage":3,"enemies":"downfall:FleeingMerchant","floor":22,"turns":4},{"damage":29,"enemies":"3 Byrds","floor":23,"turns":2}],"seed_played":"7435456632014357017","potions_obtained":[{"floor":5,"key":"Energy Potion"},{"floor":6,"key":"SmokeBomb"},{"floor":11,"key":"sneckomod:MuddlingPotion"},{"floor":16,"key":"Dexterity Potion"}],"is_trial":false,"path_per_floor":["R","M","E","?","E","M","T","?","E","R","M","$","?","?","M","B",null,"R","M","E","?","$","M"],"character_chosen":"THE_SNECKO","items_purchased":["sneckomod:ImprovisedAttack","ClockworkSouvenir"],"campfire_rested":1,"item_purchase_floors":[12,12],"current_hp_per_floor":[75,76,76,76,77,57,57,57,30,70,71,71,71,72,66,2,66,66,49,30,30,28,0,0],"gold":602,"neow_bonus":"THREE_ENEMY_KILL","is_daily":false,"chose_seed":false,"campfire_upgraded":2,"win_rate":0.0,"timestamp":1608762015,"path_taken":["R","M","E","?","E","M","T","?","E","R","?","$","?","?","M","BOSS","R","?","E","?","?","M"],"items_purchased_type":["Card","Relic"],"build_version":"2020-12-22","purchased_purges":0,"victory":false,"max_hp_per_floor":[83,84,84,84,85,85,85,85,85,85,86,86,86,87,87,87,87,87,88,89,89,90,90,90],"relic_stats":{"Sozu":0,"Regal Pillow":15,"counters":[13,45],"Shuriken":[10],"Letter Opener":[30],"MawBank":36,"obtain_stats":[{"Sozu":17,"Regal Pillow":7,"Shuriken":13,"downfall:HeartsMalice":0,"Omamori":5,"Letter Opener":3,"sneckomod:SneckoSoul":0,"MawBank":20,"Unceasing Top":9,"ClockworkSouvenir":12},{"Sozu":9,"Regal Pillow":4,"Shuriken":7,"downfall:HeartsMalice":0,"Omamori":3,"Letter Opener":2,"sneckomod:SneckoSoul":0,"MawBank":11,"Unceasing Top":5,"ClockworkSouvenir":7},{"Sozu":30,"Regal Pillow":4,"Shuriken":18,"downfall:HeartsMalice":0,"Omamori":0,"Letter Opener":0,"sneckomod:SneckoSoul":0,"MawBank":39,"Unceasing Top":11,"ClockworkSouvenir":18}],"Unceasing Top":[6]},"card_choices":[{"not_picked":["sneckomod:DiceBlock","sneckomod:MixItUp"],"picked":"sneckomod:UnknownClassRED","floor":2},{"not_picked":["sneckomod:MixItUp","sneckomod:MasterEye"],"picked":"sneckomod:SlitherStrike","floor":3},{"not_picked":["sneckomod:UnknownClassBLUE","sneckomod:UnknownWeak"],"picked":"sneckomod:UnknownStrength","floor":5},{"not_picked":["sneckomod:UnknownUncommonPower","sneckomod:UnknownBlock"],"picked":"sneckomod:CheapStock","floor":6},{"not_picked":["sneckomod:UnknownX","sneckomod:QuickMove"],"picked":"sneckomod:WideSting","floor":9},{"not_picked":["sneckomod:UnknownCommonAttack","sneckomod:SoulDraw"],"picked":"sneckomod:UnknownVulnerable","floor":11},{"not_picked":["sneckomod:UnknownWeak","sneckomod:UnknownCommonAttack"],"picked":"sneckomod:SerpentIdol","floor":12},{"not_picked":["sneckomod:DiceBoulder","sneckomod:UnknownStrike"],"picked":"sneckomod:SoulCleanse","floor":15},{"not_picked":["sneckomod:UnknownRarePower","sneckomod:Mudshield"],"picked":"sneckomod:GlitteringGambit","floor":16},{"not_picked":["sneckomod:UnknownVulnerable","sneckomod:QuickMove"],"picked":"sneckomod:UnknownUncommonAttack","floor":19},{"not_picked":["sneckomod:QuickBite","sneckomod:UnknownClassTHE_CHAMP_GRAY"],"picked":"sneckomod:UnknownClassGUARDIAN+1","floor":20},{"not_picked":["sneckomod:Mudshield","sneckomod:UnknownClassTHE_CHAMP_GRAY"],"picked":"sneckomod:UnknownExhaust+1","floor":22}],"player_experience":1614961,"relics_obtained":[{"floor":3,"key":"Letter Opener"},{"floor":5,"key":"Omamori"},{"floor":7,"key":"Regal Pillow"},{"floor":9,"key":"Unceasing Top"},{"floor":20,"key":"MawBank"}],"event_choices":[{"cards_removed":["Regret"],"damage_healed":0,"gold_gain":0,"player_choice":"Purged","damage_taken":0,"max_hp_gain":0,"max_hp_loss":0,"event_name":"Purifier","floor":8,"gold_loss":0},{"damage_healed":0,"gold_gain":0,"cards_transformed":["sneckomod:Strike"],"player_choice":"Transformed","damage_taken":0,"max_hp_gain":0,"max_hp_loss":0,"event_name":"Transmorgrifier","floor":14,"gold_loss":0,"cards_obtained":["sneckomod:UnknownRareSkill"]}],"is_beta":false,"boss_relics":[{"not_picked":["sneckomod:SuperSneckoSoul","Pandora\u0027s Box"],"picked":"Sozu"}],"items_purged_floors":[],"is_endless":false,"potions_floor_spawned":[5,6,9,11,16],"killed_by":"3 Byrds","ascension_level":15}}