{"host":"nhwb9ab1nder064g","time":1608685574,"event":{"mods":["AchievementEnabler","BaseMod","Downfall","Infinite Spire","Minty Spire (QoL Compilation)","Replay The Spire","Shop Mod","StSLib"],"gold_per_floor":[109,128,128,128,128,160,173,189,212,240,267,298,310,327,327,431,431,443,460,460,460,460,225,236,256,256,256,267,267,279,279,279,279,279],"floor_reached":33,"playtime":4622,"items_purged":[],"score":269,"play_id":"9b83e3ff-96f7-4eb4-8b29-65ea198c13f8","local_time":"20201223020614","is_ascension_mode":false,"campfire_choices":[{"floor":15,"key":"REST"}],"circlet_count":0,"master_deck":["Strike_B+1","Strike_B+1","Strike_B+1","Defend_B+1","Defend_B+1","Defend_B+1","Zap","Dualcast","Doom and Gloom","Cold Snap","Go for the Eyes+1","Compile Driver","Hello World","Streamline","ReplaySort","Hyperbeam","Steam","Chaos","All For One","Coolheaded+1","Stack","infinitespire:NeuralNetwork","Heatsinks","Beam Cell","Compile Driver+1","Coolheaded","Conserve Battery","Steam Power","Redo","Chill"],"relics":["Cracked Core","Replay:Wax Seal","ReplayTheSpireMod:Lightbulb","ReplayTheSpireMod:TigerMarble","Mummified Hand","Sozu","Replay:Kaleidoscope","Nloth\u0027s Gift","Blue Doll","Solar Panel"],"acts_visited":["Exordium","TheCity"],"potions_floor_usage":[12,16,16,33],"damage_taken":[{"damage":5,"enemies":"Small Slimes","floor":1,"turns":4},{"damage":1,"enemies":"Jaw Worm","floor":2,"turns":4},{"damage":20,"enemies":"Lagavulin","floor":6,"turns":6},{"damage":6,"enemies":"2 Louse","floor":7,"turns":3},{"damage":0,"enemies":"Large Slime","floor":8,"turns":5},{"damage":17,"enemies":"Replay:BlueRogue","floor":10,"turns":5},{"damage":6,"enemies":"The Mushroom Lair","floor":11,"turns":2},{"damage":13,"enemies":"Gremlin Nob","floor":12,"turns":5},{"damage":0,"enemies":"Blue Slaver","floor":13,"turns":2},{"damage":0,"enemies":"2 Fungi Beasts","floor":14,"turns":2},{"damage":7,"enemies":"Fading Forest","floor":16,"turns":11},{"damage":37,"enemies":"3 Byrds","floor":18,"turns":4},{"damage":15,"enemies":"2 Thieves","floor":19,"turns":4},{"damage":8,"enemies":"Centurion and Healer","floor":24,"turns":3},{"damage":11,"enemies":"Snake Plant","floor":25,"turns":4},{"damage":5,"enemies":"Cultist and Chosen","floor":28,"turns":4},{"damage":0,"enemies":"Snecko","floor":30,"turns":3},{"damage":13,"enemies":"Chosen and Byrds","floor":33,"turns":4}],"seed_played":"1205473576014281069","potions_obtained":[{"floor":6,"key":"SpeedPotion"},{"floor":11,"key":"Venom Potion"},{"floor":12,"key":"LiquidMemories"},{"floor":13,"key":"DistilledChaos"}],"is_trial":false,"path_per_floor":["M","M","?","?","?","E","M","M","T","E","?","E","M","M","R","B",null,"M","M","?","AVR","?","$","M","M","T","?","M","?","M","PTL","PTL","M"],"character_chosen":"DEFECT","items_purchased":["Blue Doll","Heatsinks","Beam Cell"],"campfire_rested":1,"item_purchase_floors":[23,23,23],"current_hp_per_floor":[77,76,69,69,69,49,43,43,43,26,20,7,7,7,31,24,82,45,30,30,30,30,30,22,11,11,11,6,6,8,8,8,0,0],"gold":279,"neow_bonus":"TEN_PERCENT_HP_BONUS","is_daily":false,"chose_seed":false,"campfire_upgraded":0,"win_rate":0.0,"timestamp":1608685574,"path_taken":["M","M","?","?","?","E","M","M","T","E","?","E","?","M","R","BOSS","M","M","?","AVR","?","$","M","?","T","?","M","?","M","PTL","PTL","M"],"items_purchased_type":["Relic","Card","Card"],"build_version":"2020-12-13","purchased_purges":0,"victory":false,"max_hp_per_floor":[82,82,82,82,82,82,82,82,82,82,82,82,82,82,82,82,82,82,82,82,82,82,82,82,82,82,82,82,82,82,82,82,82,82],"card_choices":[{"not_picked":["Coolheaded","Stack"],"picked":"Doom and Gloom","floor":1},{"not_picked":["Hologram","Steam"],"picked":"Cold Snap","floor":2},{"not_picked":["Core Surge","Biased Cognition"],"picked":"Blizzard","floor":6},{"not_picked":["Rebound","Melter"],"picked":"Compile Driver","floor":7},{"not_picked":["Sweeping Beam","Hologram"],"picked":"Hello World","floor":8},{"not_picked":["BasicCrystalCard","Darkness"],"picked":"Streamline","floor":10},{"not_picked":["Capacitor","Rebound"],"picked":"ReplaySort","floor":11},{"not_picked":["Stack","Barrage"],"picked":"Hyperbeam","floor":12},{"not_picked":["Go for the Eyes","Aggregate"],"picked":"Steam","floor":13},{"not_picked":["Tempest","ReplayGash"],"picked":"Chaos","floor":14},{"not_picked":["Mirror Shield","Buffer"],"picked":"All For One","floor":16},{"not_picked":["Heatsinks","ReplayTheSpireMod:System Scan"],"picked":"Coolheaded+1","floor":18},{"not_picked":["Reprogram","Genetic Algorithm"],"picked":"Stack","floor":19},{"not_picked":["ReplayTheSpireMod:System Scan","Blizzard"],"picked":"Compile Driver+1","floor":24},{"not_picked":["ReplayTheSpireMod:Calculation Training","Leap"],"picked":"Coolheaded","floor":25},{"not_picked":["Beam Cell","Streamline+1"],"picked":"Conserve Battery","floor":28},{"not_picked":["ReplaySolidLightProjector+1","Storm+1"],"picked":"Chill","floor":30}],"player_experience":45734,"relics_obtained":[{"floor":6,"key":"ReplayTheSpireMod:Lightbulb"},{"floor":9,"key":"ReplayTheSpireMod:TigerMarble"},{"floor":10,"key":"Mummified Hand"},{"floor":12,"key":"infinitespire:SolderingIron"},{"floor":26,"key":"Solar Panel"}],"event_choices":[{"damage_healed":0,"gold_gain":0,"player_choice":"Success","damage_taken":7,"relics_obtained":["Replay:Wax Seal"],"max_hp_gain":0,"max_hp_loss":0,"event_name":"Scrap Ooze","floor":3,"gold_loss":0},{"damage_healed":0,"gold_gain":0,"player_choice":"Leave","damage_taken":0,"max_hp_gain":0,"max_hp_loss":0,"event_name":"The Cleric","floor":5,"gold_loss":0},{"damage_healed":0,"gold_gain":0,"player_choice":"Fought Mushrooms","damage_taken":0,"max_hp_gain":0,"max_hp_loss":0,"event_name":"Mushrooms","floor":11,"gold_loss":0},{"damage_healed":0,"gold_gain":0,"player_choice":"Simplicity","damage_taken":0,"max_hp_gain":0,"max_hp_loss":0,"event_name":"Back to Basics","floor":20,"gold_loss":0,"cards_upgraded":["Strike_B","Strike_B","Strike_B","Defend_B","Defend_B","Defend_B","Defend_B"]},{"damage_healed":0,"gold_gain":0,"player_choice":"Traded Relic","damage_taken":0,"relics_obtained":["Nloth\u0027s Gift"],"max_hp_gain":0,"max_hp_loss":0,"event_name":"N\u0027loth","floor":22,"relics_lost":["infinitespire:SolderingIron"],"gold_loss":0},{"damage_healed":0,"gold_gain":0,"cards_transformed":["Blizzard","Defend_B"],"player_choice":"Became Test Subject","damage_taken":0,"max_hp_gain":0,"max_hp_loss":0,"event_name":"Drug Dealer","floor":29,"gold_loss":0,"cards_obtained":["Steam Power","Redo"]}],"is_beta":false,"boss_relics":[{"not_picked":["ReplayTheSpireMod:SealedPack","Astrolabe"],"picked":"Sozu"}],"items_purged_floors":[],"is_endless":false,"potions_floor_spawned":[6,11,12,13,18,25,30],"killed_by":"Chosen and Byrds","ascension_level":0}}