{"host":"xhamcave7q47vrco","time":1608700254,"event":{"mods":["ATMod(°¢èªMod)","AchievementEnabler","BaseMod","BetterRewards","Colored Powertips","Minty Spire (QoL Compilation)","Permanent Neow","Quick Restart","Remove Card Discount Mod","Shop Mod","StSLib","egg","¡¾ÒÅÎï¿¨ÅÆ¡¿REMEMod"],"gold_per_floor":[218,233,249,249,300,300,340,359,382,347,347,367,367,406,406,532,532,557,577,602,617,617,617],"floor_reached":22,"playtime":811,"items_purged":[],"score":248,"play_id":"ef738099-98f1-4c2e-ae48-dac59a561718","local_time":"20201223131054","is_ascension_mode":true,"campfire_choices":[{"data":"Blasphemy","floor":6,"key":"SMITH"},{"data":"AT_IchimonjiDouble","floor":15,"key":"SMITH"}],"circlet_count":0,"master_deck":["Strike_R","Strike_R","Strike_R","Strike_R","Defend_R","Defend_R","Defend_R","Defend_R","Bash","AT_ChampionKick+1","Blasphemy+1","AT_IchimonjiDouble+1","Limit Break","Metallicize","Berserk","Heavy Blade"],"relics":["Burning Blood","REME_ComplimentaryCards","AT_ATBox","Golden Idol","Potion Belt","AT_BellDemon","Philosopher\u0027s Stone","Bird Faced Urn","REME_LimitBreaker"],"acts_visited":["Exordium","TheCity"],"potions_floor_usage":[14,18],"damage_taken":[{"damage":2,"enemies":"Jaw Worm","floor":1,"turns":2},{"damage":4,"enemies":"Small Slimes","floor":2,"turns":3},{"damage":6,"enemies":"Cultist","floor":3,"turns":4},{"damage":25,"enemies":"3 Sentries","floor":7,"turns":5},{"damage":9,"enemies":"Red Slaver","floor":8,"turns":3},{"damage":8,"enemies":"Blue Slaver","floor":12,"turns":3},{"damage":6,"enemies":"Gremlin Nob","floor":14,"turns":3},{"damage":35,"enemies":"Slime Boss","floor":16,"turns":4},{"damage":23,"enemies":"Chosen","floor":18,"turns":3},{"damage":9,"enemies":"Spheric Guardian","floor":19,"turns":3},{"damage":51,"enemies":"Snake Plant","floor":20,"turns":3},{"damage":1,"enemies":"Cultist and Chosen","floor":21,"turns":3},{"damage":29,"enemies":"Centurion and Healer","floor":22,"turns":2}],"seed_played":"-4887109852454346291","potions_obtained":[{"floor":1,"key":"Dexterity Potion"},{"floor":7,"key":"BlessingOfTheForge"},{"floor":8,"key":"Regen Potion"},{"floor":19,"key":"CultistPotion"},{"floor":21,"key":"Energy Potion"}],"is_trial":false,"path_per_floor":["M","M","M","?","?","R","E","M","T","?","?","M","?","E","R","B",null,"M","M","M","M","M"],"character_chosen":"IRONCLAD","items_purchased":[],"campfire_rested":0,"item_purchase_floors":[],"current_hp_per_floor":[80,80,80,60,60,60,41,38,38,58,58,56,56,56,56,27,67,59,58,15,22,0,0],"gold":617,"neow_bonus":"HUNDRED_GOLD","is_daily":false,"chose_seed":false,"campfire_upgraded":2,"win_rate":0.0,"timestamp":1608700254,"path_taken":["M","M","M","?","?","R","E","M","T","?","?","M","?","E","R","BOSS","M","M","M","M","M"],"items_purchased_type":[],"build_version":"2020-12-22","purchased_purges":0,"victory":false,"max_hp_per_floor":[80,80,80,80,80,80,80,80,80,80,80,80,80,80,80,80,80,80,80,80,80,80,80],"card_choices":[{"not_picked":["Armaments","Warcry","True Grit"],"picked":"SKIP","floor":1},{"not_picked":["True Grit","Headbutt","Pommel Strike"],"picked":"SKIP","floor":2},{"not_picked":["Infernal Blade","Warcry"],"picked":"AT_IchimonjiDouble","floor":3},{"not_picked":["Carnage","Warcry"],"picked":"Limit Break","floor":7},{"not_picked":["Havoc","Infernal Blade","Bloodletting"],"picked":"SKIP","floor":8},{"not_picked":["Havoc","True Grit","Cleave"],"picked":"SKIP","floor":12},{"not_picked":["Anger","AT_Dispersion","Burning Pact"],"picked":"SKIP","floor":14},{"not_picked":["Exhume","AT_Dispersion"],"picked":"Berserk","floor":16},{"not_picked":["Power Through+1","Carnage","Clash"],"picked":"SKIP","floor":18},{"not_picked":["Cleave","Perfected Strike","AT_BodySlamDance+1"],"picked":"SKIP","floor":19},{"not_picked":["Anger","Pommel Strike"],"picked":"Heavy Blade","floor":20},{"not_picked":["Burning Pact+1","Cleave","Feed"],"picked":"SKIP","floor":21}],"player_experience":52426,"relics_obtained":[{"floor":7,"key":"Potion Belt"},{"floor":14,"key":"AT_BellDemon"},{"floor":18,"key":"Bird Faced Urn"},{"floor":20,"key":"REME_LimitBreaker"}],"event_choices":[{"damage_healed":0,"gold_gain":0,"player_choice":"Take Damage","damage_taken":20,"relics_obtained":["Golden Idol"],"max_hp_gain":0,"max_hp_loss":0,"event_name":"Golden Idol","floor":4,"gold_loss":0},{"damage_healed":0,"gold_gain":51,"player_choice":"Gained Gold","damage_taken":0,"max_hp_gain":0,"max_hp_loss":0,"event_name":"Golden Wing","floor":5,"gold_loss":0},{"damage_healed":20,"gold_gain":0,"player_choice":"Healed","damage_taken":0,"max_hp_gain":0,"max_hp_loss":0,"event_name":"The Cleric","floor":10,"gold_loss":35},{"damage_healed":0,"gold_gain":0,"player_choice":"Grow","damage_taken":0,"max_hp_gain":0,"max_hp_loss":0,"event_name":"Living Wall","floor":11,"gold_loss":0,"cards_upgraded":["AT_ChampionKick"]},{"damage_healed":0,"gold_gain":0,"cards_transformed":["Strike_R"],"player_choice":"Transformed","damage_taken":0,"max_hp_gain":0,"max_hp_loss":0,"event_name":"Transmorgrifier","floor":13,"gold_loss":0,"cards_obtained":["Metallicize"]}],"is_beta":false,"boss_relics":[{"not_picked":["Tiny House","REME_ChargedStone"],"picked":"Philosopher\u0027s Stone"}],"items_purged_floors":[],"is_endless":false,"potions_floor_spawned":[1,7,8,19,21],"killed_by":"Centurion and Healer","ascension_level":5}}