{"host":"baymyijz6sxaqj5s","time":1608707567,"event":{"mods":["AchievementEnabler","BaseMod","Colored Map","Colored Powertips","DeckTracker","KOR Keyword Fix","Keyboard Shortcuts","Minty Spire (QoL Compilation)","Quick Restart","StSLib","SuperFastMode"],"gold_per_floor":[119,136,136,152,152,152,170,170,193,211,211,116,134,145,145,245,245,257,257,267,267,277,277,292,309,333,241,254,254,254,254],"floor_reached":30,"playtime":1038,"items_purged":[],"score":226,"play_id":"933e17c5-b98c-4c07-8c7f-f3e545449397","local_time":"20201223161247","is_ascension_mode":false,"campfire_choices":[{"data":"Flame Barrier","floor":6,"key":"SMITH"},{"data":"Body Slam","floor":11,"key":"SMITH"},{"data":"Barricade","floor":15,"key":"SMITH"},{"data":"Double Tap","floor":23,"key":"SMITH"}],"circlet_count":0,"master_deck":["Strike_R","Strike_R","Strike_R","Defend_R","Defend_R","Defend_R","Defend_R","Bash","Demon Form","Headbutt","Flame Barrier+1","Body Slam+1","Shrug It Off","Shrug It Off","Barricade+1","Double Tap+1","Thunderclap","Twin Strike","Battle Trance","Enlightenment"],"relics":["Burning Blood","PreservedInsect","Boot","Sozu","Tiny Chest","MutagenicStrength"],"acts_visited":["Exordium","TheCity"],"potions_floor_usage":[14,16,16,18],"damage_taken":[{"damage":6,"enemies":"Jaw Worm","floor":1,"turns":5},{"damage":10,"enemies":"2 Louse","floor":2,"turns":3},{"damage":7,"enemies":"Small Slimes","floor":4,"turns":3},{"damage":2,"enemies":"Red Slaver","floor":7,"turns":4},{"damage":5,"enemies":"3 Louse","floor":10,"turns":4},{"damage":0,"enemies":"2 Fungi Beasts","floor":13,"turns":3},{"damage":18,"enemies":"Lots of Slimes","floor":14,"turns":5},{"damage":14,"enemies":"Slime Boss","floor":16,"turns":9},{"damage":10,"enemies":"Chosen","floor":18,"turns":4},{"damage":4,"enemies":"3 Byrds","floor":20,"turns":6},{"damage":15,"enemies":"Sentry and Sphere","floor":22,"turns":8},{"damage":35,"enemies":"Shelled Parasite and Fungi","floor":24,"turns":7},{"damage":24,"enemies":"Cultist and Chosen","floor":25,"turns":7},{"damage":19,"enemies":"Snecko","floor":28,"turns":6},{"damage":16,"enemies":"Snake Plant","floor":30,"turns":1}],"seed_played":"8929006795030815716","potions_obtained":[{"floor":4,"key":"GamblersBrew"},{"floor":7,"key":"Strength Potion"},{"floor":14,"key":"FearPotion"}],"is_trial":false,"path_per_floor":["M","M","?","M","?","R","M","?","T","M","R","$","M","M","R","B",null,"M","?","M","?","M","R","M","M","T","$","M","?","M"],"character_chosen":"IRONCLAD","items_purchased":["Shrug It Off","BloodPotion","Enlightenment"],"campfire_rested":0,"item_purchase_floors":[12,12,27],"current_hp_per_floor":[80,76,81,80,73,73,77,59,59,60,60,60,66,71,71,63,85,81,81,83,83,74,74,45,27,27,27,14,14,0,0],"gold":254,"neow_bonus":"ONE_RANDOM_RARE_CARD","is_daily":false,"chose_seed":false,"campfire_upgraded":4,"win_rate":0.0,"timestamp":1608707567,"path_taken":["M","M","?","M","?","R","M","?","T","M","R","$","M","?","R","BOSS","M","?","M","?","M","R","M","?","T","$","M","?","M"],"items_purchased_type":["Card","Potion","Card"],"build_version":"2020-12-22","purchased_purges":0,"victory":false,"max_hp_per_floor":[80,80,85,85,85,85,85,85,85,85,85,85,85,85,85,85,85,85,85,85,85,85,85,85,85,85,85,85,85,85,85],"card_choices":[{"not_picked":["Cleave","Perfected Strike","Uppercut"],"picked":"SKIP","floor":1},{"not_picked":["Havoc","Anger"],"picked":"Headbutt","floor":2},{"not_picked":["Iron Wave","Warcry"],"picked":"Flame Barrier","floor":4},{"not_picked":["Sword Boomerang","Uppercut"],"picked":"Body Slam","floor":7},{"not_picked":["Headbutt","Clothesline"],"picked":"Shrug It Off","floor":10},{"not_picked":["Cleave","Flex"],"picked":"Barricade","floor":13},{"not_picked":["Clothesline","Headbutt","Sever Soul"],"picked":"SKIP","floor":14},{"not_picked":["Brutality","Feed"],"picked":"Double Tap","floor":16},{"not_picked":["Fire Breathing","Anger","Intimidate"],"picked":"SKIP","floor":18},{"not_picked":["Fire Breathing","Uppercut"],"picked":"Thunderclap","floor":20},{"not_picked":["Perfected Strike","Burning Pact"],"picked":"Twin Strike","floor":22},{"not_picked":["Inflame","Twin Strike+1"],"picked":"Battle Trance","floor":24},{"not_picked":["Whirlwind+1","Feel No Pain+1","Twin Strike"],"picked":"SKIP","floor":25},{"not_picked":["Clothesline+1","Second Wind","Armaments"],"picked":"SKIP","floor":28}],"player_experience":191573,"relics_obtained":[{"floor":9,"key":"Boot"},{"floor":26,"key":"Tiny Chest"}],"event_choices":[{"damage_healed":0,"gold_gain":0,"player_choice":"Donut","damage_taken":0,"max_hp_gain":5,"max_hp_loss":0,"event_name":"Big Fish","floor":3,"gold_loss":0},{"cards_removed":["Strike_R"],"damage_healed":0,"gold_gain":0,"player_choice":"Card Removal","damage_taken":7,"max_hp_gain":0,"max_hp_loss":0,"event_name":"Golden Wing","floor":5,"gold_loss":0},{"damage_healed":0,"gold_gain":0,"player_choice":"Success","damage_taken":18,"relics_obtained":["PreservedInsect"],"max_hp_gain":0,"max_hp_loss":0,"event_name":"Scrap Ooze","floor":8,"gold_loss":0},{"damage_healed":0,"gold_gain":0,"player_choice":"Ignored","damage_taken":0,"max_hp_gain":0,"max_hp_loss":0,"event_name":"Ghosts","floor":19,"gold_loss":0},{"cards_removed":["Strike_R"],"damage_healed":0,"gold_gain":0,"player_choice":"Card Removal","damage_taken":0,"max_hp_gain":0,"max_hp_loss":0,"event_name":"Wheel of Change","floor":21,"gold_loss":0},{"damage_healed":0,"gold_gain":0,"player_choice":"Inject Mutagens","damage_taken":0,"relics_obtained":["MutagenicStrength"],"max_hp_gain":0,"max_hp_loss":0,"event_name":"Drug Dealer","floor":29,"gold_loss":0}],"is_beta":false,"boss_relics":[{"not_picked":["Fusion Hammer","Runic Cube"],"picked":"Sozu"}],"items_purged_floors":[],"is_endless":false,"potions_floor_spawned":[4,7,14,18,22,28],"killed_by":"Snake Plant","ascension_level":0}}