{"host":"n3vqtvx9hbigdfc4","time":1608685719,"event":{"mods":["AchievementEnabler","BaseMod","Better Third Choice","Block Reminder","Colored Map","Colored Powertips","Downfall","Minty Spire (QoL Compilation)","Permanent Neow","Rare Cards Sparkle","Relic Stats","Replay The Spire","Shop Mod","StSLib"],"gold_per_floor":[0,19,32,45,220,61,61,61,161,161,178,194,210,244,262,262,262,262],"floor_reached":16,"playtime":1724,"items_purged":["Doubt"],"score":104,"play_id":"db86305b-2651-4995-9790-bf13ab6c8320","local_time":"20201222190839","is_ascension_mode":false,"campfire_choices":[{"data":"hexamod:Strike","floor":1,"key":"PURGE"},{"data":"hexamod:ExtraCrispy","floor":8,"key":"SMITH"},{"data":"hexamod:InspiringFlames","floor":10,"key":"SMITH"}],"circlet_count":0,"master_deck":["hexamod:Strike","hexamod:Strike","hexamod:Strike","hexamod:Defend+1","hexamod:Defend","hexamod:Defend","hexamod:Defend+1","hexamod:Sear","hexamod:Float","hexamod:GhostLash","hexamod:PhantomFireball","hexamod:SpectersWail","hexamod:SoulSteal","hexamod:ExtraCrispy+1","hexamod:InspiringFlames+1","hexamod:Firestarter","hexamod:ThirdSeal","hexamod:EmpoweredFlame","hexamod:HauntingEcho","hexamod:CrushingStance","hexamod:StepThrough"],"relics":["hexamod:SpiritBrand","hexamod:InflammatoryLetter","White Beast Statue","Simple Rune"],"acts_visited":["Exordium"],"potions_floor_usage":[9,11,12,13,14,16,16],"damage_taken":[{"damage":0,"enemies":"2 Louse","floor":2,"turns":5},{"damage":0,"enemies":"Jaw Worm","floor":3,"turns":4},{"damage":0,"enemies":"Cultist","floor":4,"turns":3},{"damage":4,"enemies":"downfall:FleeingMerchant","floor":6,"turns":4},{"damage":27,"enemies":"downfall:LadyInBlue","floor":9,"turns":11},{"damage":1,"enemies":"Blue Slaver","floor":11,"turns":2},{"damage":0,"enemies":"Red Slaver","floor":12,"turns":3},{"damage":0,"enemies":"Gremlin Gang","floor":13,"turns":2},{"damage":9,"enemies":"Lagavulin","floor":14,"turns":7},{"damage":13,"enemies":"3 Louse","floor":15,"turns":3},{"damage":31,"enemies":"downfall:Defect","floor":16,"turns":6}],"seed_played":"-5781586153477088100","potions_obtained":[{"floor":2,"key":"champ:CounterPotion"},{"floor":9,"key":"champ:CounterPotion"},{"floor":9,"key":"sneckomod:MuddlingPotion"},{"floor":9,"key":"ColorlessPotion"},{"floor":11,"key":"Swift Potion"},{"floor":12,"key":"Elixir"},{"floor":13,"key":"AttackPotion"},{"floor":15,"key":"Dexterity Potion"}],"is_trial":false,"path_per_floor":["R_BF","M","M","M","?","$","T","R","?","R","M","M","M","E","M","B"],"character_chosen":"THE_SPIRIT","items_purchased":["hexamod:ExtraCrispy"],"campfire_rested":0,"item_purchase_floors":[6],"current_hp_per_floor":[84,84,84,84,84,80,80,80,53,53,52,52,52,43,30,0,0,0],"gold":262,"neow_bonus":"TWENTY_PERCENT_HP_BONUS","is_daily":false,"chose_seed":false,"campfire_upgraded":2,"win_rate":0.0,"timestamp":1608685719,"path_taken":["R_BF","M","M","M","?","$","T","R","?","R","M","M","M","E","M","BOSS"],"items_purchased_type":["Card"],"build_version":"2020-12-13","purchased_purges":1,"victory":false,"max_hp_per_floor":[84,84,84,84,84,84,84,84,84,84,84,84,84,84,84,84,84,84],"relic_stats":{"counters":[11,50],"obtain_stats":[{"Simple Rune":14,"hexamod:InflammatoryLetter":7,"hexamod:SpiritBrand":0,"White Beast Statue":9},{"Simple Rune":9,"hexamod:InflammatoryLetter":4,"hexamod:SpiritBrand":0,"White Beast Statue":5},{"Simple Rune":41,"hexamod:InflammatoryLetter":16,"hexamod:SpiritBrand":0,"White Beast Statue":27}]},"card_choices":[{"not_picked":["hexamod:HeatMetal","hexamod:GhostShield"],"picked":"hexamod:GhostLash","floor":2},{"not_picked":["hexamod:HauntingEcho","hexamod:ChargedBarrage"],"picked":"hexamod:PhantomFireball","floor":3},{"not_picked":["hexamod:BurningTouch","hexamod:NecessarySacrifice"],"picked":"hexamod:SpectersWail","floor":4},{"not_picked":["hexamod:HeatCrush","hexamod:RecurringNightmare"],"picked":"hexamod:SoulSteal","floor":6},{"not_picked":["hexamod:RainOfEmbers","hexamod:ExtraCrispy"],"picked":"hexamod:InspiringFlames","floor":9},{"not_picked":["hexamod:SwordOfDarkness","hexamod:GhostOfSpirePresent"],"picked":"hexamod:Firestarter","floor":11},{"not_picked":["hexamod:FourthSeal","hexamod:CatchUp"],"picked":"hexamod:ThirdSeal","floor":12},{"not_picked":["hexamod:EtherealExpedition","hexamod:AdvancingGuard"],"picked":"hexamod:EmpoweredFlame","floor":13},{"not_picked":["hexamod:ExtraCrispy","hexamod:NightmareStrike"],"picked":"hexamod:HauntingEcho","floor":14},{"not_picked":["hexamod:Firestarter","hexamod:UnleashSpirits"],"picked":"hexamod:CrushingStance","floor":14},{"not_picked":["hexamod:Hexaguard","hexamod:GhostOfSpirePast"],"picked":"hexamod:StepThrough","floor":15}],"player_experience":460399,"relics_obtained":[{"floor":7,"key":"hexamod:InflammatoryLetter"},{"floor":9,"key":"White Beast Statue"},{"floor":14,"key":"Simple Rune"}],"event_choices":[],"is_beta":false,"boss_relics":[],"items_purged_floors":[6],"is_endless":false,"potions_floor_spawned":[2,11,12,13,15],"killed_by":"downfall:Defect","ascension_level":0}}