{"host":"foq4mrde4mssg7vt","time":1608698786,"event":{"mods":["AchievementEnabler","BaseMod","Colored Map","Colored Powertips","Highlight Path","Minty Spire (QoL Compilation)","Relic Stats","everything is the same but u backflip on backflip"],"gold_per_floor":[109,122,136,136,136,211,211,91,116,151,151,151,180,191,191,295,295,309,309,64,77,77,107,107,107,184,36,53,53,72,72,72,176,176,191,191,191,204,219,249,149,182,182,211,86,86,104,122,122,122,122,122,122,157,157],"floor_reached":56,"playtime":2846,"items_purged":["Strike_G","Decay","Strike_G+1"],"score":1842,"play_id":"6fdfe094-dfac-4c6e-9ce3-b656b6ec34c6","local_time":"20201223124626","is_ascension_mode":true,"campfire_choices":[{"floor":7.0,"key":"REST"},{"floor":11.0,"key":"REST"},{"data":"Footwork","floor":15.0,"key":"SMITH"},{"data":"Well Laid Plans","floor":24.0,"key":"SMITH"},{"data":"Noxious Fumes","floor":32.0,"key":"SMITH"},{"floor":46.0,"key":"RECALL"},{"data":"Catalyst","floor":49.0,"key":"SMITH"},{"data":"After Image","floor":52.0,"key":"SMITH"}],"circlet_count":0,"master_deck":["AscendersBane","Strike_G+1","Strike_G+1","Strike_G+1","Defend_G+1","Defend_G+1","Defend_G+1","Defend_G+1","Defend_G+1","Survivor","Neutralize+1","Dagger Spray+1","Dagger Throw+1","Footwork+1","Quick Slash","Well Laid Plans+1","Deadly Poison","Bane","Poisoned Stab","A Thousand Cuts","Crippling Poison+1","Noxious Fumes+1","Catalyst+1","Leg Sweep","After Image+1","Footwork","Dodge and Roll","PiercingWail+1","Acrobatics+1","PiercingWail+1","Leg Sweep+1","PiercingWail+1"],"relics":["Ring of the Snake","Dream Catcher","Boot","Ancient Tea Set","Paper Crane","Sozu","Gambling Chip","Meat on the Bone","Kunai","Letter Opener","Ornamental Fan","Cursed Key","Vajra","Frozen Egg 2","Ginger","Gremlin Horn"],"acts_visited":["Exordium","TheCity","TheBeyond","TheEnding"],"potions_floor_usage":[55],"damage_taken":[{"damage":8.0,"enemies":"Jaw Worm","floor":1.0,"turns":9.0},{"damage":4.0,"enemies":"Small Slimes","floor":2.0,"turns":5.0},{"damage":0.0,"enemies":"2 Louse","floor":3.0,"turns":2.0},{"damage":20.0,"enemies":"Gremlin Nob","floor":10.0,"turns":5.0},{"damage":20.0,"enemies":"3 Sentries","floor":13.0,"turns":8.0},{"damage":10.0,"enemies":"Exordium Wildlife","floor":14.0,"turns":3.0},{"damage":10.0,"enemies":"Hexaghost","floor":16.0,"turns":11.0},{"damage":11.0,"enemies":"Chosen","floor":18.0,"turns":5.0},{"damage":9.0,"enemies":"Shell Parasite","floor":21.0,"turns":5.0},{"damage":2.0,"enemies":"Gremlin Leader","floor":23.0,"turns":7.0},{"damage":0.0,"enemies":"Shelled Parasite and Fungi","floor":28.0,"turns":3.0},{"damage":0.0,"enemies":"Snecko","floor":30.0,"turns":4.0},{"damage":0.0,"enemies":"Automaton","floor":33.0,"turns":9.0},{"damage":6.0,"enemies":"3 Shapes","floor":35.0,"turns":6.0},{"damage":2.0,"enemies":"3 Darklings","floor":38.0,"turns":5.0},{"damage":16.0,"enemies":"4 Shapes","floor":39.0,"turns":6.0},{"damage":11.0,"enemies":"Giant Head","floor":40.0,"turns":10.0},{"damage":21.0,"enemies":"Reptomancer","floor":42.0,"turns":9.0},{"damage":0.0,"enemies":"Giant Head","floor":44.0,"turns":9.0},{"damage":0.0,"enemies":"Sphere and 2 Shapes","floor":47.0,"turns":6.0},{"damage":0.0,"enemies":"3 Darklings","floor":48.0,"turns":4.0},{"damage":1.0,"enemies":"Time Eater","floor":50.0,"turns":14.0},{"damage":30.0,"enemies":"Shield and Spear","floor":54.0,"turns":8.0},{"damage":20,"enemies":"The Heart","floor":55,"turns":14}],"seed_played":"4425723287072383302","potions_obtained":[{"floor":2.0,"key":"DuplicationPotion"},{"floor":3.0,"key":"DuplicationPotion"},{"floor":14.0,"key":"Dexterity Potion"}],"is_trial":false,"path_per_floor":["M","M","M","?","?","?","R","$","T","E","R","T","E","M","R","B",null,"M","?","$","M","?","E","R","T","T","$","M","?","M","?","R","B",null,"M","?","T","M","M","E","$","E","T","E","$","R","M","M","R","B",null,"R","$","E","B",null],"character_chosen":"THE_SILENT","items_purchased":["Well Laid Plans","Explosive Potion","Meat on the Bone","Leg Sweep"],"campfire_rested":2,"item_purchase_floors":[8,8,20,27],"current_hp_per_floor":[55,51,51,37,37,26,47,47,47,27,48,48,28,18,18,8,55,44,44,44,47,47,45,45,45,45,45,45,45,45,45,45,45,64,58,58,58,56,40,41,41,32,32,44,44,44,44,44,44,43,60,60,60,42,34],"gold":157,"neow_bonus":"RANDOM_COMMON_RELIC","is_daily":false,"chose_seed":false,"campfire_upgraded":5,"win_rate":0.0,"timestamp":1608698786,"path_taken":["M","M","M","?","?","?","R","$","T","E","R","?","E","M","R","BOSS","M","?","$","M","?","E","R","?","T","$","M","?","?","?","R","BOSS","M","?","?","M","?","E","$","E","T","E","$","R","M","?","R","BOSS","R","$","E","BOSS"],"items_purchased_type":["Card","Potion","Relic","Card"],"build_version":"2020-12-13","purchased_purges":3,"victory":true,"max_hp_per_floor":[70,70,70,70,70,70,70,70,70,70,70,70,70,70,70,70,70,70,70,70,70,70,70,70,70,70,70,70,70,70,70,70,70,70,70,66,66,66,66,66,66,66,66,66,66,66,66,66,66,66,66,66,66,66,66],"relic_stats":{"Gremlin Horn":[0,0],"counters":[24,167],"Letter Opener":[155],"Ginger":[4],"Boot":[36],"Cursed Key":0,"Sozu":6,"Dream Catcher":2,"Ornamental Fan":[96],"Gambling Chip":[74],"Kunai":[24],"obtain_stats":[{"Gremlin Horn":54,"Vajra":40,"Letter Opener":25,"Ginger":44,"Paper Crane":13,"Frozen Egg 2":42,"Boot":9,"Ancient Tea Set":10,"Cursed Key":34,"Sozu":17,"Dream Catcher":0,"Ornamental Fan":26,"Gambling Chip":19,"Kunai":23,"Ring of the Snake":0,"Meat on the Bone":20},{"Gremlin Horn":23,"Vajra":17,"Letter Opener":10,"Ginger":19,"Paper Crane":5,"Frozen Egg 2":18,"Boot":3,"Ancient Tea Set":4,"Cursed Key":13,"Sozu":7,"Dream Catcher":0,"Ornamental Fan":10,"Gambling Chip":8,"Kunai":10,"Ring of the Snake":0,"Meat on the Bone":8},{"Gremlin Horn":153,"Vajra":103,"Letter Opener":60,"Ginger":121,"Paper Crane":29,"Frozen Egg 2":112,"Boot":16,"Ancient Tea Set":21,"Cursed Key":76,"Sozu":43,"Dream Catcher":0,"Ornamental Fan":60,"Gambling Chip":48,"Kunai":60,"Ring of the Snake":0,"Meat on the Bone":48}],"Ring of the Snake":[48],"Meat on the Bone":72},"card_choices":[{"not_picked":["Flying Knee","Underhanded Strike"],"picked":"Dagger Spray","floor":1.0},{"not_picked":["Calculated Gamble","Outmaneuver"],"picked":"Dagger Throw","floor":2.0},{"not_picked":["Flying Knee","Quick Slash"],"picked":"Footwork","floor":3.0},{"not_picked":["Expertise","Prepared"],"picked":"Quick Slash","floor":7.0},{"not_picked":["Riddle With Holes","Dagger Spray"],"picked":"Deadly Poison","floor":10.0},{"not_picked":["Tactician","Setup"],"picked":"Bane","floor":11.0},{"not_picked":["Choke","Slice","A Thousand Cuts"],"picked":"SKIP","floor":13.0},{"not_picked":["Underhanded Strike","Dodge and Roll"],"picked":"Poisoned Stab","floor":14.0},{"not_picked":["Die Die Die","Venomology"],"picked":"A Thousand Cuts","floor":16.0},{"not_picked":["Concentrate","Sucker Punch"],"picked":"Crippling Poison+1","floor":18.0},{"not_picked":["Cloak And Dagger","Leg Sweep"],"picked":"Noxious Fumes","floor":21.0},{"not_picked":["Terror","Eviscerate","Sucker Punch+1"],"picked":"SKIP","floor":23.0},{"not_picked":["Infinite Blades+1","Dagger Spray","Accuracy"],"picked":"SKIP","floor":28.0},{"not_picked":["Well Laid Plans","Sucker Punch","Dagger Spray"],"picked":"SKIP","floor":30.0},{"not_picked":["Corpse Explosion","Bullet Time"],"picked":"After Image","floor":33.0},{"not_picked":["All Out Attack","Accuracy"],"picked":"Footwork","floor":35.0},{"not_picked":["Bane+1","Dagger Spray+1"],"picked":"Dodge and Roll","floor":38.0},{"not_picked":["Backflip","Predator+1"],"picked":"PiercingWail+1","floor":39.0},{"not_picked":["Skewer+1","Backstab","Deflect"],"picked":"SKIP","floor":40.0},{"not_picked":["Blade Dance+1","Sucker Punch+1"],"picked":"Acrobatics+1","floor":42.0},{"not_picked":["Escape Plan","Flechettes+1"],"picked":"PiercingWail+1","floor":44.0},{"not_picked":["Deadly Poison+1","Calculated Gamble"],"picked":"Leg Sweep+1","floor":47.0},{"not_picked":["Sucker Punch+1","Storm of Steel","Finisher"],"picked":"SKIP","floor":48.0},{"not_picked":["Sucker Punch+1","Poisoned Stab"],"picked":"PiercingWail+1","floor":54.0}],"player_experience":230955,"relics_obtained":[{"floor":9.0,"key":"Boot"},{"floor":10.0,"key":"Ancient Tea Set"},{"floor":13.0,"key":"Paper Crane"},{"floor":23.0,"key":"Kunai"},{"floor":25.0,"key":"Letter Opener"},{"floor":26.0,"key":"Ornamental Fan"},{"floor":40.0,"key":"Vajra"},{"floor":42.0,"key":"Frozen Egg 2"},{"floor":44.0,"key":"Ginger"},{"floor":54.0,"key":"Gremlin Horn"}],"event_choices":[{"damage_healed":0.0,"max_hp_gain":0.0,"max_hp_loss":0.0,"gold_gain":0.0,"event_name":"Shining Light","player_choice":"Entered Light","floor":4.0,"gold_loss":0.0,"damage_taken":14.0,"cards_upgraded":["Neutralize","Dagger Throw"]},{"damage_healed":0.0,"max_hp_gain":0.0,"max_hp_loss":0.0,"gold_gain":0.0,"event_name":"Living Wall","player_choice":"Grow","floor":5.0,"gold_loss":0.0,"damage_taken":0.0,"cards_upgraded":["Dagger Spray"]},{"damage_healed":0.0,"max_hp_gain":0.0,"max_hp_loss":0.0,"gold_gain":75.0,"event_name":"World of Goop","player_choice":"Gather Gold","floor":6.0,"gold_loss":0.0,"damage_taken":11.0},{"damage_healed":0.0,"max_hp_gain":0.0,"max_hp_loss":0.0,"gold_gain":0.0,"event_name":"The Mausoleum","player_choice":"Opened","floor":19.0,"gold_loss":0.0,"damage_taken":0.0,"relics_obtained":["Gambling Chip"]},{"damage_healed":0.0,"max_hp_gain":0.0,"max_hp_loss":0.0,"gold_gain":0.0,"event_name":"The Library","player_choice":"Read","floor":22.0,"gold_loss":0.0,"damage_taken":0.0,"cards_obtained":["Catalyst"]},{"damage_healed":0.0,"max_hp_gain":0.0,"max_hp_loss":0.0,"gold_gain":0.0,"event_name":"Back to Basics","player_choice":"Simplicity","floor":29.0,"gold_loss":0.0,"damage_taken":0.0,"cards_upgraded":["Strike_G","Strike_G","Strike_G","Strike_G","Defend_G","Defend_G","Defend_G","Defend_G","Defend_G"]},{"damage_healed":0.0,"max_hp_gain":0.0,"max_hp_loss":0.0,"gold_gain":0.0,"event_name":"Forgotten Altar","player_choice":"Smashed Altar","floor":31.0,"gold_loss":0.0,"damage_taken":0.0,"cards_obtained":["Decay"]},{"damage_healed":0.0,"max_hp_gain":0.0,"max_hp_loss":4.0,"gold_gain":0.0,"event_name":"Winding Halls","player_choice":"Max HP","floor":36.0,"gold_loss":0.0,"damage_taken":0.0}],"is_beta":false,"boss_relics":[{"not_picked":["Coffee Dripper","Calling Bell"],"picked":"Sozu"},{"not_picked":["Snecko Eye","Tiny House"],"picked":"Cursed Key"}],"items_purged_floors":[27,41,45],"is_endless":false,"potions_floor_spawned":[2,3,14,21,28,35,42,47,48],"ascension_level":11}}