{"host":"x4x6fw95e6eqd4n0","time":1608760857,"event":{"mods":["AchievementEnabler","BaseMod","Colored Map","Colored Powertips","DeckTracker","Minty Spire (QoL Compilation)"],"gold_per_floor":[109,34,50,50,63,63,13,13,13,13,29,29,43,59,59,163,163,163,163,103,103,103,103,103,3,3,3,3,3,3,3,3,3,3,3,3,3,3,0,0,0,0,0,0,0,0,0,0,0,0,0],"floor_reached":50,"playtime":2002,"items_purged":["Strike_B","Defend_B"],"score":510,"play_id":"1e4ec082-e49c-4c46-a08a-ab8250f6bff0","local_time":"20201224000057","is_ascension_mode":false,"campfire_choices":[{"data":"Chill","floor":6,"key":"SMITH"},{"data":"Self Repair","floor":10,"key":"SMITH"},{"data":"Skim","floor":12,"key":"SMITH"},{"data":"Machine Learning","floor":15,"key":"SMITH"},{"data":"Electrodynamics","floor":23,"key":"SMITH"},{"data":"Capacitor","floor":27,"key":"SMITH"},{"data":"Heatsinks","floor":32,"key":"SMITH"},{"data":"Electrodynamics","floor":41,"key":"SMITH"},{"data":"RitualDagger","floor":44,"key":"SMITH"},{"data":"Buffer","floor":49,"key":"SMITH"}],"circlet_count":0,"master_deck":["Defend_B","Defend_B","Defend_B","Zap+1","Dualcast","Rebound","Barrage","Capacitor+1","Self Repair+1","Chill+1","Skim+1","Machine Learning+1","Glacier","Electrodynamics+1","Storm+1","Sweeping Beam+1","RitualDagger+1","Capacitor+1","Darkness","Heatsinks+1","Reboot","Electrodynamics+1","Fusion","Madness","Madness","Barrage+1","Barrage+1","Sweeping Beam+1","Cold Snap+1","White Noise","Buffer+1"],"relics":["Cracked Core","Bottled Tornado","Ectoplasm","Oddly Smooth Stone","Molten Egg 2","Omamori","Coffee Dripper","Red Mask","Regal Pillow","Pocketwatch","Centennial Puzzle","CaptainsWheel","Nunchaku"],"acts_visited":["Exordium","TheCity","TheBeyond"],"potions_floor_usage":[16,16,16,24,30,33,42,42,45],"damage_taken":[{"damage":1,"enemies":"Cultist","floor":1,"turns":3},{"damage":3,"enemies":"2 Louse","floor":3,"turns":2},{"damage":11,"enemies":"Jaw Worm","floor":5,"turns":4},{"damage":6,"enemies":"2 Fungi Beasts","floor":11,"turns":3},{"damage":5,"enemies":"Blue Slaver","floor":13,"turns":4},{"damage":6,"enemies":"3 Louse","floor":14,"turns":3},{"damage":11,"enemies":"Slime Boss","floor":16,"turns":7},{"damage":8,"enemies":"Chosen","floor":18,"turns":4},{"damage":21,"enemies":"2 Thieves","floor":20,"turns":3},{"damage":5,"enemies":"Gremlin Leader","floor":24,"turns":6},{"damage":19,"enemies":"Snake Plant","floor":28,"turns":3},{"damage":23,"enemies":"Snecko","floor":30,"turns":4},{"damage":7,"enemies":"Sentry and Sphere","floor":31,"turns":5},{"damage":40,"enemies":"Champ","floor":33,"turns":8},{"damage":8,"enemies":"Orb Walker","floor":35,"turns":2},{"damage":9,"enemies":"3 Darklings","floor":37,"turns":3},{"damage":25,"enemies":"Spire Growth","floor":38,"turns":4},{"damage":36,"enemies":"Giant Head","floor":40,"turns":7},{"damage":27,"enemies":"Reptomancer","floor":42,"turns":4},{"damage":24,"enemies":"2 Orb Walkers","floor":45,"turns":3},{"damage":1,"enemies":"Transient","floor":47,"turns":5},{"damage":17,"enemies":"Time Eater","floor":50,"turns":1}],"seed_played":"8533850355128436300","potions_obtained":[{"floor":3,"key":"Ancient Potion"},{"floor":13,"key":"Block Potion"},{"floor":14,"key":"Swift Potion"},{"floor":16,"key":"SneckoOil"},{"floor":20,"key":"Regen Potion"},{"floor":30,"key":"Energy Potion"},{"floor":33,"key":"ColorlessPotion"},{"floor":35,"key":"FairyPotion"},{"floor":38,"key":"ColorlessPotion"},{"floor":42,"key":"LiquidMemories"}],"is_trial":false,"path_per_floor":["M","$","M","?","M","R","?","?","T","R","M","R","M","M","R","B",null,"M","?","M","?","?","R","E","$","T","R","M","?","M","M","R","B",null,"M","?","M","M","?","E","R","E","T","R","?","?","M","$","R","B"],"character_chosen":"DEFECT","items_purchased":[],"campfire_rested":0,"item_purchase_floors":[],"current_hp_per_floor":[67,67,64,50,46,46,46,46,46,46,50,50,55,59,59,48,68,68,68,57,51,51,51,68,68,68,68,59,59,46,49,49,19,68,68,59,60,45,45,19,19,30,30,30,6,6,15,15,15,0,0],"gold":0,"neow_bonus":"TRANSFORM_TWO_CARDS","is_daily":false,"chose_seed":false,"campfire_upgraded":10,"win_rate":0.0,"timestamp":1608760857,"path_taken":["M","?","?","?","M","R","?","?","T","R","M","R","M","M","R","BOSS","M","?","M","?","?","R","E","?","T","R","M","?","M","M","R","BOSS","M","?","M","M","?","E","R","E","T","R","?","?","M","$","R","BOSS"],"items_purchased_type":[],"build_version":"2020-12-13","purchased_purges":2,"victory":false,"max_hp_per_floor":[68,68,68,68,68,68,68,68,68,68,68,68,68,68,68,68,68,68,68,68,68,68,68,68,68,68,68,68,68,68,68,68,68,68,68,68,68,68,68,68,68,68,68,68,68,68,68,68,68,68,68],"card_choices":[{"not_picked":["Ball Lightning","Leap"],"picked":"Capacitor","floor":1},{"not_picked":["Leap","Rebound"],"picked":"Self Repair","floor":3},{"not_picked":["Compile Driver","Conserve Battery"],"picked":"Chill","floor":5},{"not_picked":["Beam Cell","Gash"],"picked":"Skim","floor":11},{"not_picked":["Rip and Tear","Steam"],"picked":"Machine Learning","floor":13},{"not_picked":["Stack","Turbo"],"picked":"Glacier","floor":14},{"not_picked":["Echo Form","Reboot"],"picked":"Electrodynamics","floor":16},{"not_picked":["Fusion","Hologram+1"],"picked":"Storm+1","floor":18},{"not_picked":["Steam","Cold Snap"],"picked":"Sweeping Beam+1","floor":20},{"not_picked":["Steam+1","Rebound+1"],"picked":"Capacitor","floor":24},{"not_picked":["Stack","Gash+1"],"picked":"Darkness","floor":28},{"not_picked":["Streamline+1","Undo"],"picked":"Heatsinks","floor":30},{"not_picked":["Coolheaded","Cold Snap+1"],"picked":"Reboot","floor":31},{"not_picked":["Fission","Amplify"],"picked":"Electrodynamics","floor":33},{"not_picked":["Sweeping Beam+1","Consume"],"picked":"Fusion","floor":35},{"not_picked":["Stack+1","Melter+1"],"picked":"Barrage+1","floor":37},{"not_picked":["Ball Lightning+1","Beam Cell+1"],"picked":"Barrage+1","floor":38},{"not_picked":["Streamline+1","Go for the Eyes+1"],"picked":"Sweeping Beam+1","floor":40},{"not_picked":["Aggregate+1","Darkness"],"picked":"Cold Snap+1","floor":42},{"not_picked":["Go for the Eyes+1","Turbo+1"],"picked":"White Noise","floor":45},{"not_picked":["Cold Snap+1","Skim"],"picked":"Buffer","floor":47}],"player_experience":57446,"relics_obtained":[{"floor":9,"key":"Bottled Tornado"},{"floor":24,"key":"Molten Egg 2"},{"floor":26,"key":"Omamori"},{"floor":40,"key":"Regal Pillow"},{"floor":42,"key":"Pocketwatch"},{"floor":43,"key":"Centennial Puzzle"},{"floor":45,"key":"CaptainsWheel"},{"floor":46,"key":"Nunchaku"}],"event_choices":[{"damage_healed":0,"gold_gain":0,"player_choice":"Entered Light","damage_taken":14,"max_hp_gain":0,"max_hp_loss":0,"event_name":"Shining Light","floor":4,"gold_loss":0,"cards_upgraded":["Zap","Capacitor"]},{"cards_removed":["Strike_B"],"damage_healed":0,"gold_gain":0,"player_choice":"Card Removal","damage_taken":0,"max_hp_gain":0,"max_hp_loss":0,"event_name":"The Cleric","floor":7,"gold_loss":50},{"damage_healed":0,"gold_gain":0,"player_choice":"Ignored","damage_taken":0,"max_hp_gain":0,"max_hp_loss":0,"event_name":"Liars Game","floor":8,"gold_loss":0},{"damage_healed":0,"gold_gain":0,"player_choice":"Ignored","damage_taken":0,"max_hp_gain":0,"max_hp_loss":0,"event_name":"Ghosts","floor":19,"gold_loss":0},{"damage_healed":0,"gold_gain":0,"player_choice":"Joined the Cult","damage_taken":6,"max_hp_gain":0,"max_hp_loss":0,"event_name":"Nest","floor":21,"gold_loss":0,"cards_obtained":["RitualDagger"]},{"damage_healed":0,"gold_gain":0,"player_choice":"Opened","damage_taken":0,"relics_obtained":["Oddly Smooth Stone"],"max_hp_gain":0,"max_hp_loss":0,"event_name":"The Mausoleum","floor":22,"gold_loss":0,"cards_obtained":["Writhe"]},{"cards_removed":["Writhe"],"damage_healed":0,"gold_gain":0,"player_choice":"Elegance","damage_taken":0,"max_hp_gain":0,"max_hp_loss":0,"event_name":"Back to Basics","floor":29,"gold_loss":0},{"damage_healed":0,"gold_gain":0,"player_choice":"Embrace Madness","damage_taken":9,"max_hp_gain":0,"max_hp_loss":0,"event_name":"Winding Halls","floor":36,"gold_loss":0,"cards_obtained":["Madness","Madness"]},{"damage_healed":0,"gold_gain":0,"player_choice":"Paid","damage_taken":0,"relics_obtained":["Red Mask"],"max_hp_gain":0,"max_hp_loss":0,"event_name":"Tomb of Lord Red Mask","floor":39,"gold_loss":3},{"damage_healed":0,"gold_gain":0,"player_choice":"Fight","damage_taken":0,"max_hp_gain":0,"max_hp_loss":0,"event_name":"Mysterious Sphere","floor":45,"gold_loss":0},{"damage_healed":0,"gold_gain":0,"player_choice":"Relic","damage_taken":0,"max_hp_gain":0,"max_hp_loss":0,"event_name":"Wheel of Change","floor":46,"gold_loss":0}],"is_beta":false,"boss_relics":[{"not_picked":["Tiny House","Velvet Choker"],"picked":"Ectoplasm"},{"not_picked":["Fusion Hammer","SlaversCollar"],"picked":"Coffee Dripper"}],"items_purged_floors":[2,25],"is_endless":false,"potions_floor_spawned":[3,13,14,16,20,30,33,35,38,42],"killed_by":"Time Eater","ascension_level":0}}