{"host":"l2dnabsh5e0fsksb","time":1608696234,"event":{"mods":["2.2 Compatiblity","BaseMod","Downfall","Minty Spire (QoL Compilation)","Quick Restart","StSLib"],"gold_per_floor":[99,99,99,157,157,192,192,221,239,249,278,278,53,66,83,155,155,155,175,85,99,99,29,29,63,63,63,94,114,124,150,169,247,247,247,262,275,295,295,320,320,367,378,407,407,407,420,451,471,471],"floor_reached":51,"playtime":3054,"items_purged":["Slimebound:Tackle"],"score":1806,"play_id":"086173db-4d09-4755-a265-5b72a461157b","local_time":"20201223143354","is_ascension_mode":true,"campfire_choices":[{"floor":1.0,"key":"RECALL"},{"data":"Slimebound:Split","floor":13.0,"key":"SMITH"},{"data":"Slimebound:LevelUp","floor":18.0,"key":"SMITH"},{"data":"Slimebound:MassFeed","floor":26.0,"key":"SMITH"},{"data":"Slimebound:DuplicatedForm","floor":35,"key":"SMITH"}],"circlet_count":0,"master_deck":["AscendersBane","Slimebound:Strike_Slimebound","Slimebound:Strike_Slimebound","Slimebound:Strike_Slimebound+1","Slimebound:Defend_Slimebound","Slimebound:Defend_Slimebound","Slimebound:Defend_Slimebound","Slimebound:Defend_Slimebound","Slimebound:Split+1","Slimebound:CorrosiveSpit","Slimebound:SplitMire","Slimebound:LevelUp+1","Slimebound:GrowthPunch","Slimebound:SamplingLick","Slimebound:Repurpose","Slimebound:SplitMire","Slimebound:RejuvenatingLick","Slimebound:Recollect","Slimebound:MassFeed+1","Slimebound:SplitAcid","Slimebound:SlimeBarrage","Slimebound:SplitLeeching","Injury","Slimebound:PressTheAttack","Slimebound:LeechEnergy","Regret","Slimebound:SplitAcid","Slimebound:GoopSpray","Slimebound:MassRepurpose","Slimebound:SplitLeeching+1","Slimebound:PressTheAttack+1","Slimebound:SplitMire","Slimebound:DuplicatedForm+1","Slimebound:RejuvenatingLick+1","Slimebound:SplitBruiser+1","Slimebound:LeechEnergy","Slimebound:Icky","Slimebound:Nibble+1","Shame","Slimebound:SplitMire","Slimebound:Darklings","Slimebound:SplitMire+1","Doubt","Normality","Slimebound:ItLooksTasty+1"],"relics":["Slimebound:AbsorbEndCombat","downfall:HeartsMalice","HornCleat","WarpedTongs","Akabeko","Blue Candle","Ancient Tea Set","downfall:HeartBlessingRed","downfall:HeartBlessingGreen","downfall:HeartBlessingBlue","Cursed Key","Incense Burner","Slimebound:MaxSlimesRelic","Centennial Puzzle","Boot","FossilizedHelix","Black Star","Mummified Hand","Calipers","Whetstone","Mango","Pear","Toxic Egg 2","InkBottle","Ornamental Fan","Molten Egg 2","Bottled Tornado"],"acts_visited":["Exordium","TheCity","TheBeyond"],"potions_floor_usage":[38,42,43],"damage_taken":[{"damage":0.0,"enemies":"2 Louse","floor":2.0,"turns":1.0},{"damage":0.0,"enemies":"Cultist","floor":3.0,"turns":1.0},{"damage":0.0,"enemies":"Lagavulin Event","floor":4.0,"turns":1.0},{"damage":24.0,"enemies":"3 Sentries","floor":6.0,"turns":7.0},{"damage":31.0,"enemies":"Lagavulin","floor":8.0,"turns":6.0},{"damage":16.0,"enemies":"Small Slimes","floor":9.0,"turns":3.0},{"damage":23.0,"enemies":"Red Slaver","floor":10.0,"turns":3.0},{"damage":20.0,"enemies":"3 Sentries","floor":11.0,"turns":8.0},{"damage":4.0,"enemies":"3 Louse","floor":14.0,"turns":3.0},{"damage":12.0,"enemies":"Blue Slaver","floor":15.0,"turns":3.0},{"damage":46.0,"enemies":"downfall:Silent","floor":16.0,"turns":8.0},{"damage":45.0,"enemies":"3 Byrds","floor":19.0,"turns":5.0},{"damage":20.0,"enemies":"downfall:FleeingMerchant","floor":20.0,"turns":4.0},{"damage":30.0,"enemies":"Shell Parasite","floor":21.0,"turns":4.0},{"damage":20.0,"enemies":"downfall:FleeingMerchant","floor":23.0,"turns":4.0},{"damage":65.0,"enemies":"Gremlin Leader","floor":25.0,"turns":7.0},{"damage":44.0,"enemies":"Slavers","floor":28.0,"turns":4.0},{"damage":17.0,"enemies":"Sentry and Sphere","floor":29.0,"turns":4.0},{"damage":35.0,"enemies":"Snake Plant","floor":30.0,"turns":3.0},{"damage":30.0,"enemies":"Gremlin Leader","floor":31.0,"turns":6.0},{"damage":27.0,"enemies":"Snecko","floor":32.0,"turns":4.0},{"damage":46.0,"enemies":"downfall:Defect","floor":33.0,"turns":7.0},{"damage":20,"enemies":"Orb Walker","floor":36,"turns":3},{"damage":25,"enemies":"3 Shapes","floor":37,"turns":2},{"damage":36,"enemies":"Transient","floor":38,"turns":6},{"damage":40,"enemies":"Mind Bloom Boss Battle","floor":40,"turns":4},{"damage":79,"enemies":"2 Orb Walkers","floor":42,"turns":5},{"damage":31,"enemies":"Spire Growth","floor":43,"turns":4},{"damage":52,"enemies":"Reptomancer","floor":44,"turns":5},{"damage":60,"enemies":"Jaw Worm Horde","floor":47,"turns":4},{"damage":42,"enemies":"Giant Head","floor":48,"turns":5},{"damage":22,"enemies":"3 Darklings","floor":49,"turns":3},{"damage":71,"enemies":"downfall:Ironclad","floor":50,"turns":8}],"seed_played":"2736587595258928073","potions_obtained":[{"floor":4.0,"key":"Energy Potion"},{"floor":8.0,"key":"EssenceOfSteel"},{"floor":14.0,"key":"BlessingOfTheForge"},{"floor":15.0,"key":"FairyPotion"},{"floor":16.0,"key":"SteroidPotion"},{"floor":21.0,"key":"Fire Potion"},{"floor":30.0,"key":"Fire Potion"},{"floor":38,"key":"champ:CounterPotion"},{"floor":42,"key":"Block Potion"},{"floor":48,"key":"SteroidPotion"}],"is_trial":false,"path_per_floor":["R","M","M","?","?","E","T","E","M","M","E","?","R","M","M","B",null,"R","M","$","M","T","$","T","E","R","?","E","M","M","E","M","B",null,"R","M","M","M","?","?","T","?","M","E","T","T","M","E","M","B",null],"character_chosen":"SLIMEBOUND","items_purchased":["Slimebound:LeechEnergy"],"campfire_rested":0,"item_purchase_floors":[23],"current_hp_per_floor":[49,49,49,49,49,41,41,30,28,21,25,25,35,43,51,35,57,57,37,47,46,46,58,58,35,35,35,31,34,27,51,60,66,70,70,71,66,75,75,75,75,41,40,73,73,73,49,83,97,99],"gold":471,"neow_bonus":"THREE_ENEMY_KILL","is_daily":false,"chose_seed":false,"campfire_upgraded":4,"win_rate":0.0,"timestamp":1608696234,"path_taken":["R","M","M","?","?","E","T","E","?","M","E","?","R","M","M","BOSS","R","M","$","M","?","$","T","E","R","?","E","M","M","E","M","BOSS","R","M","M","M","?","?","T","?","M","E","?","?","M","E","M","BOSS"],"items_purchased_type":["Card"],"build_version":"2020-12-13","purchased_purges":1,"victory":true,"max_hp_per_floor":[54,54,54,54,54,54,54,54,54,54,54,54,64,64,64,64,64,64,64,64,67,67,67,67,67,67,67,67,67,67,67,71,71,71,71,71,75,75,75,75,75,89,89,99,99,99,99,99,99,99],"card_choices":[{"not_picked":["Slimebound:ViciousTackle","Slimebound:RollThrough","Slimebound:FinishingTackle"],"picked":"SKIP","floor":2.0},{"not_picked":["Slimebound:Recollect","Slimebound:SamplingLick"],"picked":"Slimebound:SplitMire","floor":3.0},{"not_picked":["Slimebound:DisruptingSlam","Slimebound:ViciousTackle"],"picked":"Slimebound:LevelUp","floor":4.0},{"not_picked":["Slimebound:SlimeSpikes","Slimebound:FinishingTackle"],"picked":"Slimebound:GrowthPunch","floor":6.0},{"not_picked":["Slimebound:SlimeSpikes","Slimebound:OozeBath"],"picked":"Slimebound:SamplingLick","floor":8.0},{"not_picked":["Slimebound:LeechEnergy","Slimebound:TongueLash"],"picked":"Slimebound:Repurpose","floor":9.0},{"not_picked":["Slimebound:AcidTongue","Slimebound:Equalize"],"picked":"Slimebound:SplitMire","floor":10.0},{"not_picked":["Slimebound:TongueLash","Slimebound:GoopTackle"],"picked":"Slimebound:RejuvenatingLick","floor":11.0},{"not_picked":["Slimebound:Grow","Slimebound:Chomp"],"picked":"Slimebound:Recollect","floor":14.0},{"not_picked":["Slimebound:GrowthPunch","Slimebound:TongueLash","Slimebound:RallyTheTroops"],"picked":"SKIP","floor":15.0},{"not_picked":["Slimebound:WasteNot","Slimebound:DuplicatedForm"],"picked":"Slimebound:MassFeed","floor":16.0},{"not_picked":["Slimebound:Gluttony+1","Slimebound:FinishingTackle"],"picked":"Slimebound:SplitAcid","floor":19.0},{"not_picked":["Slimebound:GoopTackle","Slimebound:DisruptingSlam"],"picked":"Slimebound:SlimeBarrage","floor":20.0},{"not_picked":["Slimebound:TongueLash+1","Slimebound:Schlurp"],"picked":"Slimebound:SplitLeeching","floor":21.0},{"not_picked":["Slimebound:ItLooksTasty+1","Slimebound:GoopTackle"],"picked":"Slimebound:PressTheAttack","floor":23.0},{"not_picked":["Slimebound:LeechEnergy","Slimebound:RainOfGoop"],"picked":"Slimebound:SplitAcid","floor":25.0},{"not_picked":["Slimebound:ComboTackle","Slimebound:SlimeBarrage"],"picked":"Slimebound:GoopSpray","floor":28.0},{"not_picked":["Slimebound:LeechEnergy","Slimebound:AcidTongue"],"picked":"Slimebound:MassRepurpose","floor":29.0},{"not_picked":["Slimebound:SplitAcid","Slimebound:SplitSpecialist"],"picked":"Slimebound:SplitLeeching+1","floor":30.0},{"not_picked":["Slimebound:SplitBruiser","Slimebound:HungryTackle"],"picked":"Slimebound:PressTheAttack","floor":31.0},{"not_picked":["Slimebound:SplitAcid","Slimebound:ViciousTackle"],"picked":"Slimebound:SplitMire","floor":32.0},{"not_picked":["Slimebound:DouseInSlime","Slimebound:PrepareCrush"],"picked":"Slimebound:DuplicatedForm","floor":33.0},{"not_picked":["Slimebound:PressTheAttack","Slimebound:Nibble"],"picked":"Slimebound:RejuvenatingLick+1","floor":36},{"not_picked":["Slimebound:Prepare","Slimebound:HauntingLick"],"picked":"Slimebound:SplitBruiser+1","floor":37},{"not_picked":["Slimebound:RollThrough","Slimebound:TongueLash"],"picked":"Slimebound:LeechEnergy","floor":38},{"not_picked":["Slimebound:SplitAcid","Slimebound:SlimeSpikes"],"picked":"Slimebound:Nibble+1","floor":40},{"not_picked":["Slimebound:SamplingLick","Slimebound:BestDefense"],"picked":"Slimebound:SplitMire","floor":42},{"not_picked":["Slimebound:SplitLeeching","Slimebound:Recollect"],"picked":"Slimebound:Darklings","floor":43},{"not_picked":["Slimebound:PressTheAttack","Slimebound:GrowthPunch"],"picked":"Slimebound:SplitMire+1","floor":44},{"not_picked":["Slimebound:LeechingTouch","Slimebound:ComboTackle","Slimebound:ForwardTackle"],"picked":"SKIP","floor":47},{"not_picked":["Slimebound:Replication+1","Slimebound:SlimeSpikes+1"],"picked":"Slimebound:ItLooksTasty+1","floor":48},{"not_picked":["Slimebound:ComboTackle+1","Slimebound:BestDefense","Slimebound:ItLooksTasty+1"],"picked":"SKIP","floor":49}],"player_experience":1704571,"relics_obtained":[{"floor":4.0,"key":"HornCleat"},{"floor":6.0,"key":"Akabeko"},{"floor":8.0,"key":"Blue Candle"},{"floor":11.0,"key":"Ancient Tea Set"},{"floor":22.0,"key":"Incense Burner"},{"floor":24.0,"key":"Slimebound:MaxSlimesRelic"},{"floor":25.0,"key":"Centennial Puzzle"},{"floor":28.0,"key":"Boot"},{"floor":31.0,"key":"FossilizedHelix"},{"floor":39,"key":"Mummified Hand"},{"floor":40,"key":"Calipers"},{"floor":41,"key":"Whetstone"},{"floor":42,"key":"Mango"},{"floor":44,"key":"Pear"},{"floor":44,"key":"Toxic Egg 2"},{"floor":45,"key":"InkBottle"},{"floor":46,"key":"Ornamental Fan"},{"floor":48,"key":"Molten Egg 2"},{"floor":48,"key":"Bottled Tornado"}],"event_choices":[{"damage_healed":0.0,"max_hp_gain":0.0,"max_hp_loss":0.0,"gold_gain":0.0,"event_name":"Accursed Blacksmith","player_choice":"Rummage","floor":5.0,"gold_loss":0.0,"damage_taken":0.0,"relics_obtained":["WarpedTongs"],"cards_obtained":["Pain"]},{"cards_removed":["Pain"],"damage_healed":0.0,"max_hp_gain":0.0,"max_hp_loss":0.0,"gold_gain":0.0,"event_name":"Wheel of Change","player_choice":"Card Removal","floor":12.0,"gold_loss":0.0,"damage_taken":0.0},{"damage_healed":0,"gold_gain":0,"player_choice":"Fight","damage_taken":0,"max_hp_gain":0,"max_hp_loss":0,"event_name":"Mysterious Sphere","floor":42,"gold_loss":0}],"is_beta":false,"boss_relics":[{"not_picked":["Astrolabe","Runic Pyramid"],"picked":"Cursed Key"},{"not_picked":["Snecko Eye","Pandora\u0027s Box"],"picked":"Black Star"}],"items_purged_floors":[20],"is_endless":false,"potions_floor_spawned":[4,8,14,15,16,21,25,30,31,38,40,42,48,49],"ascension_level":19}}