{"host":"s41rn2jhghpwfrvz","time":1608715317,"event":{"mods":["BaseMod","Minty Spire (QoL Compilation)","Quick Restart","Relic Stats","SuperFastMode"],"gold_per_floor":[118,118,118,118,136,168,168,194,194,119,144,16,47,74,74,146,146,160,160,175,90,90,124,124,157,157,188,219,236,253,273,273,347,347,361,377,377,410,140,140,140,172,195,208,228,228,255,273,273,273,273,273,273,6,41,41],"floor_reached":57,"playtime":2625,"items_purged":["Steam","Heatsinks","Wallop"],"score":3883,"play_id":"9c8b827b-dba7-4079-b9ac-46ba3e41e441","local_time":"20201223112157","daily_mods":["SealedDeck","Diverse","DeadlyEvents"],"is_ascension_mode":true,"campfire_choices":[{"data":"FTL","floor":7,"key":"SMITH"},{"data":"Pommel Strike","floor":15,"key":"SMITH"},{"floor":24,"key":"RECALL"},{"data":"Coolheaded","floor":32,"key":"SMITH"},{"data":"Body Slam","floor":40,"key":"SMITH"},{"data":"Conserve Battery","floor":49,"key":"SMITH"},{"data":"Berserk","floor":53,"key":"SMITH"}],"circlet_count":0,"master_deck":["AscendersBane","Coolheaded+1","Hologram","Endless Agony+1","Go for the Eyes","FTL+1","Conserve Battery+1","Backstab","Berserk+1","Pommel Strike+1","Shrug It Off+1","Scrawl+1","Body Slam+1","Panacea+1","Madness+1","Master of Strategy+1","TalkToTheHand+1"],"relics":["Burning Blood","Orichalcum","Blood Vial","Toxic Egg 2","Meat on the Bone","Kunai","Toy Ornithopter","Tiny Chest","TungstenRod","Black Star","Lizard Tail","The Courier","Ornamental Fan","Happy Flower","Darkstone Periapt","Magic Flower","Mango","InkBottle","Red Skull","Coffee Dripper","HornCleat","Matryoshka","Charon\u0027s Ashes","Anchor","Bronze Scales","Frozen Egg 2","Gremlin Horn","Strawberry","Pear","Whetstone","Oddly Smooth Stone","Gambling Chip","Membership Card","Sundial","Calipers","Thread and Needle"],"acts_visited":["Exordium","TheCity","TheBeyond","TheEnding"],"potions_floor_usage":[16,16,21,25,56,56],"damage_taken":[{"damage":0,"enemies":"Small Slimes","floor":1,"turns":2},{"damage":0,"enemies":"Jaw Worm","floor":5,"turns":3},{"damage":26,"enemies":"Gremlin Nob","floor":6,"turns":5},{"damage":11,"enemies":"3 Sentries","floor":8,"turns":13},{"damage":0,"enemies":"Lagavulin","floor":11,"turns":7},{"damage":4,"enemies":"3 Sentries","floor":13,"turns":8},{"damage":0,"enemies":"Lagavulin","floor":14,"turns":6},{"damage":13,"enemies":"Hexaghost","floor":16,"turns":9},{"damage":3,"enemies":"Chosen","floor":18,"turns":4},{"damage":0,"enemies":"3 Byrds","floor":20,"turns":4},{"damage":7,"enemies":"Gremlin Leader","floor":23,"turns":7},{"damage":66,"enemies":"Slavers","floor":25,"turns":11},{"damage":6,"enemies":"Gremlin Leader","floor":27,"turns":5},{"damage":0,"enemies":"Book of Stabbing","floor":28,"turns":4},{"damage":11,"enemies":"Snake Plant","floor":29,"turns":5},{"damage":0,"enemies":"3 Cultists","floor":30,"turns":4},{"damage":0,"enemies":"Sentry and Sphere","floor":31,"turns":4},{"damage":0,"enemies":"Champ","floor":33,"turns":12},{"damage":6,"enemies":"3 Darklings","floor":35,"turns":4},{"damage":0,"enemies":"Orb Walker","floor":36,"turns":2},{"damage":0,"enemies":"Reptomancer","floor":38,"turns":5},{"damage":0,"enemies":"Giant Head","floor":42,"turns":1},{"damage":0,"enemies":"Maw","floor":44,"turns":2},{"damage":0,"enemies":"4 Shapes","floor":45,"turns":1},{"damage":7,"enemies":"Reptomancer","floor":47,"turns":2},{"damage":7,"enemies":"3 Darklings","floor":48,"turns":2},{"damage":3,"enemies":"Time Eater","floor":50,"turns":5},{"damage":0,"enemies":"Awakened One","floor":51,"turns":4},{"damage":0,"enemies":"Shield and Spear","floor":55,"turns":1},{"damage":0,"enemies":"The Heart","floor":56,"turns":4}],"seed_played":"-3128793749017999406","potions_obtained":[{"floor":5,"key":"PowerPotion"},{"floor":8,"key":"SteroidPotion"},{"floor":16,"key":"SkillPotion"},{"floor":20,"key":"Fruit Juice"},{"floor":25,"key":"LiquidMemories"},{"floor":29,"key":"SkillPotion"},{"floor":44,"key":"Dexterity Potion"},{"floor":55,"key":"DistilledChaos"}],"is_trial":true,"path_per_floor":["M","?","?","T","M","E","R","E","T","$","E","$","E","E","R","B",null,"M","?","M","?","T","E","R","E","T","E","E","M","M","M","R","B",null,"M","M","T","E","$","R","?","E","T","M","M","T","E","M","R","B","B",null,"R","$","E","B",null],"character_chosen":"IRONCLAD","items_purchased":["Pommel Strike","Body Slam","Anchor","Membership Card","Sundial","Ancient Potion"],"campfire_rested":0,"item_purchase_floors":[12,39,39,54,54,54],"current_hp_per_floor":[74,63,68,68,76,58,58,55,55,55,63,63,67,75,75,73,78,80,80,80,85,85,84,84,42,42,70,82,83,95,99,99,99,99,99,99,99,99,99,99,90,99,106,106,106,116,116,116,116,116,116,116,116,116,116,116],"gold":41,"neow_bonus":"","is_daily":false,"chose_seed":false,"campfire_upgraded":6,"win_rate":0.0,"timestamp":1608715317,"path_taken":["M","?","?","?","?","E","R","E","T","$","E","$","E","?","R","BOSS","M","?","M","?","?","E","R","E","T","?","E","M","M","?","R","BOSS","M","?","?","?","$","R","?","E","T","?","M","?","E","M","R","BOSS","BOSS","R","$","E","BOSS"],"items_purchased_type":["Card","Card","Relic","Relic","Relic","Potion"],"build_version":"2020-12-22","purchased_purges":3,"victory":true,"max_hp_per_floor":[75,75,80,80,80,80,80,80,80,80,80,80,80,80,80,80,80,80,80,80,85,85,85,85,85,85,99,99,99,99,99,99,99,99,99,99,99,99,99,99,99,99,106,106,106,116,116,116,116,116,116,116,116,116,116,116],"relic_stats":{"Darkstone Periapt":0,"Happy Flower":[22],"Gremlin Horn":[12,13],"counters":[30,146],"Magic Flower":[16],"Charon\u0027s Ashes":[458],"Whetstone":["TalkToTheHand","Endless Agony"],"Orichalcum":[6],"Burning Blood":126,"Blood Vial":34,"Lizard Tail":0,"Ornamental Fan":[644],"Sundial":[14],"Bronze Scales":[87],"Gambling Chip":[5],"Tiny Chest":3,"Black Star":8,"Kunai":[214],"obtain_stats":[{"Darkstone Periapt":26,"Calipers":55,"Gremlin Horn":43,"Magic Flower":27,"Mango":27,"Whetstone":46,"Burning Blood":0,"Blood Vial":4,"Lizard Tail":21,"HornCleat":37,"Matryoshka":38,"Sundial":54,"Strawberry":43,"Gambling Chip":47,"Tiny Chest":13,"Kunai":9,"Toxic Egg 2":6,"InkBottle":28,"Red Skull":28,"Pear":46,"Happy Flower":25,"Oddly Smooth Stone":47,"Thread and Needle":55,"The Courier":23,"Charon\u0027s Ashes":38,"Orichalcum":2,"Frozen Egg 2":42,"Anchor":39,"Ornamental Fan":25,"Bronze Scales":42,"Black Star":17,"Coffee Dripper":34,"Membership Card":54,"Toy Ornithopter":11,"TungstenRod":14,"Meat on the Bone":8},{"Darkstone Periapt":12,"Calipers":29,"Gremlin Horn":22,"Magic Flower":13,"Mango":13,"Whetstone":24,"Burning Blood":0,"Blood Vial":1,"Lizard Tail":10,"HornCleat":20,"Matryoshka":21,"Sundial":28,"Strawberry":22,"Gambling Chip":25,"Tiny Chest":6,"Kunai":4,"Toxic Egg 2":3,"InkBottle":14,"Red Skull":14,"Pear":24,"Happy Flower":12,"Oddly Smooth Stone":25,"Thread and Needle":29,"The Courier":11,"Charon\u0027s Ashes":21,"Orichalcum":1,"Frozen Egg 2":22,"Anchor":21,"Ornamental Fan":12,"Bronze Scales":22,"Black Star":8,"Coffee Dripper":18,"Membership Card":28,"Toy Ornithopter":5,"TungstenRod":7,"Meat on the Bone":4},{"Darkstone Periapt":79,"Calipers":142,"Gremlin Horn":125,"Magic Flower":84,"Mango":84,"Whetstone":128,"Burning Blood":0,"Blood Vial":2,"Lizard Tail":61,"HornCleat":119,"Matryoshka":124,"Sundial":141,"Strawberry":125,"Gambling Chip":130,"Tiny Chest":38,"Kunai":23,"Toxic Egg 2":10,"InkBottle":88,"Red Skull":88,"Pear":128,"Happy Flower":79,"Oddly Smooth Stone":130,"Thread and Needle":142,"The Courier":68,"Charon\u0027s Ashes":124,"Orichalcum":2,"Frozen Egg 2":125,"Anchor":124,"Ornamental Fan":79,"Bronze Scales":125,"Black Star":53,"Coffee Dripper":113,"Membership Card":141,"Toy Ornithopter":30,"TungstenRod":44,"Meat on the Bone":23}],"Toy Ornithopter":8,"TungstenRod":31,"InkBottle":[61],"Meat on the Bone":24},"card_choices":[{"not_picked":["Outmaneuver","Sentinel","Quick Slash"],"picked":"SKIP","floor":1},{"not_picked":["CarveReality","Wild Strike","Uppercut"],"picked":"SKIP","floor":5},{"not_picked":["Rebound","BowlingBash"],"picked":"Berserk","floor":6},{"not_picked":["EmptyBody+1","Clash","Twin Strike"],"picked":"SKIP","floor":8},{"not_picked":["Corruption","DevaForm","Redo+1"],"picked":"SKIP","floor":11},{"not_picked":["Skewer","Tactician+1","PiercingWail+1"],"picked":"SKIP","floor":13},{"not_picked":["ThirdEye+1","Thunderclap","Finisher"],"picked":"SKIP","floor":14},{"not_picked":["Leap+1","Conserve Battery+1","Deadly Poison+1"],"picked":"SKIP","floor":18},{"not_picked":["All Out Attack","Vengeance+1"],"picked":"Shrug It Off+1","floor":20},{"not_picked":["Chill+1","Perfected Strike","Bloodletting+1"],"picked":"SKIP","floor":23},{"not_picked":["ThirdEye+1","Evaluate+1","Whirlwind+1"],"picked":"SKIP","floor":25},{"not_picked":["True Grit+1","Acrobatics+1","WheelKick"],"picked":"SKIP","floor":27},{"not_picked":["Reprogram+1","Omniscience+1","Feed"],"picked":"SKIP","floor":28},{"not_picked":["Ball Lightning","Go for the Eyes+1","FlyingSleeves"],"picked":"SKIP","floor":29},{"not_picked":["Setup+1","FlurryOfBlows+1","Stack+1"],"picked":"SKIP","floor":30},{"not_picked":["Perfected Strike","Corpse Explosion+1","ClearTheMind+1"],"picked":"SKIP","floor":31},{"not_picked":["Electrodynamics","Machine Learning"],"picked":"Scrawl+1","floor":33},{"not_picked":["Streamline","Static Discharge","Shrug It Off+1"],"picked":"SKIP","floor":35},{"not_picked":["ReachHeaven","PathToVictory+1","ForeignInfluence+1"],"picked":"SKIP","floor":36},{"not_picked":["Flex+1","Dash","Alpha+1"],"picked":"SKIP","floor":38},{"not_picked":["Secret Weapon+1","HandOfGreed"],"picked":"Panacea+1","floor":41},{"not_picked":["Transmutation+1","Enlightenment+1"],"picked":"Madness+1","floor":41},{"not_picked":["Forethought+1","Enlightenment+1"],"picked":"Master of Strategy+1","floor":41},{"not_picked":["Wild Strike","All Out Attack","Gash"],"picked":"SKIP","floor":42},{"not_picked":["Study+1","Prostrate+1"],"picked":"TalkToTheHand","floor":44},{"not_picked":["Fusion+1","Dark Embrace+1","EmptyMind+1"],"picked":"SKIP","floor":45},{"not_picked":["Cold Snap","Study+1","Sever Soul"],"picked":"SKIP","floor":47},{"not_picked":["Meteor Strike","FearNoEvil","Poisoned Stab+1"],"picked":"SKIP","floor":48},{"not_picked":["CarveReality+1","FlyingSleeves","Slice+1"],"picked":"SKIP","floor":55}],"player_experience":1596728,"relics_obtained":[{"floor":4,"key":"Blood Vial"},{"floor":6,"key":"Toxic Egg 2"},{"floor":8,"key":"Meat on the Bone"},{"floor":9,"key":"Kunai"},{"floor":11,"key":"Toy Ornithopter"},{"floor":13,"key":"Tiny Chest"},{"floor":14,"key":"TungstenRod"},{"floor":23,"key":"The Courier"},{"floor":25,"key":"Ornamental Fan"},{"floor":25,"key":"Happy Flower"},{"floor":26,"key":"Darkstone Periapt"},{"floor":27,"key":"Magic Flower"},{"floor":27,"key":"Mango"},{"floor":28,"key":"InkBottle"},{"floor":28,"key":"Red Skull"},{"floor":37,"key":"HornCleat"},{"floor":38,"key":"Matryoshka"},{"floor":38,"key":"Charon\u0027s Ashes"},{"floor":42,"key":"Bronze Scales"},{"floor":42,"key":"Frozen Egg 2"},{"floor":43,"key":"Gremlin Horn"},{"floor":43,"key":"Strawberry"},{"floor":46,"key":"Pear"},{"floor":46,"key":"Whetstone"},{"floor":47,"key":"Oddly Smooth Stone"},{"floor":47,"key":"Gambling Chip"},{"floor":55,"key":"Calipers"},{"floor":55,"key":"Thread and Needle"}],"event_choices":[{"damage_healed":0,"gold_gain":0,"player_choice":"Success","damage_taken":11,"relics_obtained":["Orichalcum"],"max_hp_gain":0,"max_hp_loss":0,"event_name":"Scrap Ooze","floor":2,"gold_loss":0},{"damage_healed":0,"gold_gain":0,"player_choice":"Donut","damage_taken":0,"max_hp_gain":5,"max_hp_loss":0,"event_name":"Big Fish","floor":3,"gold_loss":0},{"damage_healed":0,"gold_gain":0,"player_choice":"Ignored","damage_taken":0,"max_hp_gain":0,"max_hp_loss":0,"event_name":"Ghosts","floor":19,"gold_loss":0},{"damage_healed":0,"gold_gain":0,"player_choice":"Obtained Relic","damage_taken":0,"relics_obtained":["Lizard Tail"],"max_hp_gain":0,"max_hp_loss":0,"event_name":"Addict","floor":21,"gold_loss":85},{"damage_healed":0,"gold_gain":0,"player_choice":"Memory 3","damage_taken":10,"max_hp_gain":0,"max_hp_loss":0,"event_name":"SensoryStone","floor":41,"gold_loss":0}],"is_beta":false,"boss_relics":[{"not_picked":["Black Blood","Runic Dome"],"picked":"Black Star"},{"not_picked":["Snecko Eye","Sozu"],"picked":"Coffee Dripper"}],"items_purged_floors":[10,12,39],"is_endless":false,"potions_floor_spawned":[5,8,16,20,25,29,30,31,44,55],"ascension_level":20}}