{"host":"sum4dy402bbv9y4o","time":1608746700,"event":{"mods":["Aspiration","BaseMod","Conspire","Highlight Path","Minty Spire (QoL Compilation)","StSLib"],"gold_per_floor":[115,130,35,35,54,54,88,13,13,44,44,61,94,114,114,189,189,207,207,16,16,16,16,47,59,71,102,134,146,192,224,236,322,334,361,385,397,409,409],"floor_reached":38,"playtime":1201,"items_purged":["Strike_P"],"score":964,"play_id":"0a5eac6c-3132-464b-a101-6061bcd6c22b","local_time":"20201223210500","is_ascension_mode":true,"campfire_choices":[{"data":"Eruption","floor":6,"key":"SMITH"},{"data":"Adaptation","floor":11,"key":"SMITH"},{"data":"TalkToTheHand","floor":15,"key":"SMITH"},{"data":"SashWhip","floor":23,"key":"SMITH"},{"data":"CrushJoints","floor":25,"key":"SMITH"},{"floor":29,"key":"REST"},{"floor":32,"key":"REST"}],"circlet_count":0,"master_deck":["AscendersBane","Eruption+1","Vigilance","Halt","WindmillStrike","FearNoEvil","EmptyBody","EmptyFist","Adaptation+1","Conclude","FollowUp","TalkToTheHand+1","SpiritShield","SashWhip+1","CrushJoints+1","CutThroughFate","FollowUp","Consecrate","LessonLearned","Consecrate+1","Protect","aspiration:Lunge","Skewer","Leg Sweep"],"relics":["PureWater","aspiration:Nostalgia","Cracked Core","PreservedInsect","Bottled Lightning","aspiration:StickyExplosives","Letter Opener","SacredBark","MawBank","Boot","conspire:BottledYoYo","Empty Cage"],"acts_visited":["Exordium","TheCity","TheBeyond"],"potions_floor_usage":[7,13,16,18,24,30,30,33],"damage_taken":[{"damage":0,"enemies":"Cultist","floor":1,"turns":2},{"damage":0,"enemies":"Small Slimes","floor":2,"turns":2},{"damage":4,"enemies":"Jaw Worm","floor":5,"turns":3},{"damage":18,"enemies":"Lagavulin","floor":7,"turns":6},{"damage":8,"enemies":"Gremlin Nob","floor":10,"turns":3},{"damage":0,"enemies":"Large Slime","floor":12,"turns":4},{"damage":0,"enemies":"3 Sentries","floor":13,"turns":3},{"damage":13,"enemies":"Exordium Thugs","floor":14,"turns":3},{"damage":11,"enemies":"Hexaghost","floor":16,"turns":9},{"damage":0,"enemies":"Spheric Guardian","floor":18,"turns":3},{"damage":17,"enemies":"conspire:SneckoGhost","floor":24,"turns":7},{"damage":15,"enemies":"2 Thieves","floor":27,"turns":3},{"damage":1,"enemies":"Cultist and Chosen","floor":28,"turns":6},{"damage":0,"enemies":"Book of Stabbing","floor":30,"turns":4},{"damage":8,"enemies":"Snecko","floor":31,"turns":4},{"damage":29,"enemies":"Collector","floor":33,"turns":6},{"damage":15,"enemies":"3 Shapes","floor":35,"turns":7},{"damage":16,"enemies":"Orb Walker","floor":36,"turns":4},{"damage":30,"enemies":"Spire Growth","floor":38,"turns":2}],"seed_played":"1779468602358726244","potions_obtained":[{"floor":4,"key":"Ambrosia"},{"floor":4,"key":"Regen Potion"},{"floor":12,"key":"GamblersBrew"},{"floor":13,"key":"Fire Potion"},{"floor":16,"key":"SmokeBomb"},{"floor":18,"key":"Weak Potion"},{"floor":28,"key":"Block Potion"},{"floor":30,"key":"Fire Potion"}],"is_trial":false,"path_per_floor":["M","M","$","?","M","R","E","?","T","E","R","M","E","M","R","B",null,"M","?","$","?","?","R","E","R","T","M","M","R","E","M","R","B",null,"M","M","?","M"],"character_chosen":"WATCHER","items_purchased":["FearNoEvil","EmptyBody","PowerPotion","CrushJoints"],"campfire_rested":2,"item_purchase_floors":[3,3,20,20],"current_hp_per_floor":[61,61,61,61,57,57,51,51,51,43,43,43,43,30,30,19,56,56,52,52,52,52,52,35,35,35,20,19,39,39,31,51,22,57,42,26,26,0,0],"gold":409,"neow_bonus":"NOSTALGIA","is_daily":false,"chose_seed":false,"campfire_upgraded":5,"win_rate":0.0,"timestamp":1608746700,"path_taken":["M","M","$","?","?","R","E","?","T","E","R","M","E","M","R","BOSS","M","?","$","?","?","R","E","R","T","?","M","R","E","M","R","BOSS","M","M","?","M"],"items_purchased_type":["Card","Card","Potion","Card"],"build_version":"2020-12-22","purchased_purges":1,"victory":false,"max_hp_per_floor":[68,68,68,68,68,68,68,68,68,68,68,68,68,68,68,68,68,68,68,68,68,68,68,68,68,68,68,68,68,68,68,68,68,68,68,68,68,68,68],"card_choices":[{"not_picked":["ClearTheMind","Protect"],"picked":"Halt","floor":1},{"not_picked":["FlyingSleeves","Crescendo"],"picked":"WindmillStrike","floor":2},{"not_picked":["CrushJoints","Crescendo"],"picked":"EmptyFist","floor":5},{"not_picked":["EmptyBody","ForeignInfluence","CutThroughFate"],"picked":"SKIP","floor":7},{"not_picked":["BowlingBash","CutThroughFate"],"picked":"Adaptation","floor":10},{"not_picked":["Swivel","ReachHeaven"],"picked":"Conclude","floor":12},{"not_picked":["ClearTheMind","Collect"],"picked":"FollowUp","floor":13},{"not_picked":["Consecrate","Collect"],"picked":"TalkToTheHand","floor":14},{"not_picked":["ConjureBlade","Vault"],"picked":"SpiritShield","floor":16},{"not_picked":["Study","ThirdEye"],"picked":"SashWhip","floor":18},{"not_picked":["SashWhip","Alpha"],"picked":"CutThroughFate","floor":24},{"not_picked":["ThirdEye","CrushJoints"],"picked":"FollowUp","floor":27},{"not_picked":["PathToVictory+1","FearNoEvil"],"picked":"Consecrate","floor":28},{"not_picked":["PathToVictory","ThirdEye","Pray"],"picked":"SKIP","floor":30},{"not_picked":["CarveReality","CrushJoints+1","WaveOfTheHand"],"picked":"SKIP","floor":31},{"not_picked":["Judgement","Alpha"],"picked":"LessonLearned","floor":33},{"not_picked":["Conclude","Evaluate"],"picked":"Consecrate+1","floor":35},{"not_picked":["CutThroughFate","FlyingSleeves"],"picked":"Protect","floor":36}],"player_experience":2832077,"relics_obtained":[{"floor":7,"key":"PreservedInsect"},{"floor":9,"key":"Bottled Lightning"},{"floor":10,"key":"aspiration:StickyExplosives"},{"floor":13,"key":"Letter Opener"},{"floor":24,"key":"MawBank"},{"floor":26,"key":"Boot"},{"floor":30,"key":"conspire:BottledYoYo"}],"event_choices":[{"damage_healed":0,"gold_gain":0,"player_choice":"Got Potions","damage_taken":0,"max_hp_gain":0,"max_hp_loss":0,"event_name":"Lab","floor":4,"gold_loss":0},{"cards_removed":["Defend_P"],"damage_healed":0,"gold_gain":0,"player_choice":"Card Removal","damage_taken":0,"max_hp_gain":0,"max_hp_loss":0,"event_name":"The Cleric","floor":8,"gold_loss":75},{"damage_healed":0,"gold_gain":0,"player_choice":"Leave","damage_taken":0,"max_hp_gain":0,"max_hp_loss":0,"event_name":"conspire:Investor","floor":19,"gold_loss":0},{"cards_removed":["Defend_P"],"damage_healed":0,"gold_gain":0,"player_choice":"Elegance","damage_taken":0,"max_hp_gain":0,"max_hp_loss":0,"event_name":"Back to Basics","floor":21,"gold_loss":0}],"is_beta":false,"boss_relics":[{"not_picked":["conspire:SlowCooker","Ectoplasm"],"picked":"SacredBark"},{"not_picked":["HolyWater","aspiration:RitualDagger"],"picked":"Empty Cage"}],"items_purged_floors":[20],"is_endless":false,"potions_floor_spawned":[12,13,16,18,28,30],"killed_by":"Spire Growth","ascension_level":20}}