{"host":"pecumnp00ic55u1k","time":1608684556,"event":{"mods":["Act Like it!","BaseMod","Colored Map","Colored Powertips","Hallownest","Hermit","Hubris","Minty Spire (QoL Compilation)","Quick Restart","StSLib","The Blue Laboratory","The Bug Knight","The Cursed"],"gold_per_floor":[109,123,123,140,157,173,199,199,199,199,199,217,217,230,230,230,230],"floor_reached":16,"playtime":1639,"items_purged":[],"score":129,"play_id":"d555cc47-b2bb-456e-ac41-32bc749ad986","local_time":"20201222194916","is_ascension_mode":false,"campfire_choices":[{"floor":8,"key":"REST"},{"floor":11,"key":"REST"},{"data":"HollowMod:TaintedHusks","floor":15,"key":"SMITH"}],"circlet_count":0,"master_deck":["HollowMod:NailStrikeStart","HollowMod:NailStrikeStart","HollowMod:NailStrikeStart","HollowMod:NailStrikeStart","HollowMod:FocusHealStart","HollowMod:PogoStrike","HollowMod:DungDefenderAura+1","HollowMod:DoubleDash","HollowMod:SoulEater","HollowMod:ChannelNail","HollowMod:GreatSlash","HollowMod:Grubsong","Hallownest:skillLeafShield","Hallownest:skillLeafShield","Hallownest:skillLeafShield","Hallownest:skillLeafShield","Hallownest:skillLeafShield","HollowMod:InfectedAttack","HollowMod:TaintedHusks+1"],"relics":["HollowMod:VesselMask","NeowsBlessing","Pen Nib","Sundial","Hallownest:DreamNailRelic"],"acts_visited":["Hallownest:Greenpath"],"potions_floor_usage":[7,16,16],"damage_taken":[{"damage":0,"enemies":"Hallownest:2_Baldur","floor":1,"turns":1},{"damage":0,"enemies":"Hallownest:2_MossCreeps","floor":2,"turns":1},{"damage":0,"enemies":"Hallownest:monsterHuskGuard","floor":4,"turns":1},{"damage":9,"enemies":"Hallownest:1_Baldur_1_Crawlid_1_Warrior","floor":5,"turns":10},{"damage":7,"enemies":"Hallownest:monsterMossCharger","floor":6,"turns":11},{"damage":83,"enemies":"Hallownest:eliteCrystalGuardian","floor":7,"turns":15},{"damage":3,"enemies":"Hallownest:Guard_and_Warrior","floor":12,"turns":6},{"damage":5,"enemies":"Hallownest:Wandering_and_Horned","floor":14,"turns":5},{"damage":69,"enemies":"Hallownest:BossHornet","floor":16,"turns":9}],"seed_played":"7612732003734143924","potions_obtained":[{"floor":1,"key":"blueLaboratory:LouseDecoction"},{"floor":4,"key":"Regen Potion"},{"floor":14,"key":"blueLaboratory:PyrophylliteBrew"}],"is_trial":false,"path_per_floor":["M","M","?","M","M","M","E","R","T","?","R","M","?","M","R","B"],"character_chosen":"THE_BUGKNIGHT","items_purchased":[],"campfire_rested":2,"item_purchase_floors":[],"current_hp_per_floor":[75,75,75,75,72,65,4,26,26,26,48,45,45,40,40,0,0],"gold":230,"neow_bonus":"THREE_ENEMY_KILL","is_daily":false,"chose_seed":false,"campfire_upgraded":1,"win_rate":0.0,"timestamp":1608684556,"path_taken":["M","M","?","M","M","M","E","R","T","?","R","M","?","M","R","BOSS"],"items_purchased_type":[],"build_version":"2020-12-13","purchased_purges":0,"victory":false,"max_hp_per_floor":[75,75,75,75,75,75,75,75,75,75,75,75,75,75,75,75,75],"card_choices":[{"not_picked":["HollowMod:MonarchWings","HollowMod:CornifersMapStart"],"picked":"HollowMod:DungDefenderAura","floor":1},{"not_picked":["HollowMod:LifebloodCocoon","HollowMod:InfectedAttack"],"picked":"HollowMod:DoubleDash","floor":2},{"not_picked":["HollowMod:LifebloodCocoon","HollowMod:GoodIntentions"],"picked":"HollowMod:SoulEater","floor":4},{"not_picked":["HollowMod:InfectedAttack","HollowMod:GoodIntentions"],"picked":"HollowMod:ChannelNail","floor":5},{"not_picked":["HollowMod:DashSlash","HollowMod:NewGlowingWomb"],"picked":"HollowMod:GreatSlash","floor":6},{"not_picked":["HollowMod:NewInfectedGuardian","HollowMod:VengefulVoid"],"picked":"HollowMod:Grubsong","floor":7},{"not_picked":["HollowMod:NewGlowingWomb","HollowMod:DoubleDash"],"picked":"HollowMod:InfectedAttack","floor":12},{"not_picked":["HollowMod:ShadowDash","HollowMod:Grubsong"],"picked":"HollowMod:TaintedHusks","floor":14}],"player_experience":60678,"relics_obtained":[{"floor":7,"key":"Pen Nib"},{"floor":9,"key":"Sundial"}],"event_choices":[],"is_beta":false,"boss_relics":[],"items_purged_floors":[],"is_endless":false,"potions_floor_spawned":[1,4,14],"killed_by":"Hallownest:BossHornet","ascension_level":0}}