{"host":"ymw71f7rc9ndansy","time":1608736347,"event":{"mods":["ATMod(°¢èªMod)","Act Like it!","Aspiration","BaseMod","DeckTracker","Hubris","Library of Ruina","Library of Ruina Extra","Minty Spire (QoL Compilation)","MostiFishMod","Remove Card Discount Mod","Replay The Spire","StSLib","TestMod","¡¾ÒÅÎï¿¨ÅÆ¡¿REMEMod","²ÐÁôÖ®Îï"],"gold_per_floor":[111,127,127,147,164,191,203,203,228,258,258,316,341,353,353,430,-970,12,26,26,20,20,46,46,46,46,66,97,210,227,254,254,327,327,346,346,458,468,486,512,512,542,542,568,568,568,568,682,682,682,682,682,682,682,34,69,69],"floor_reached":58,"playtime":1633,"items_purged":["LightAttack","LightAttack+1","ChargeAndCover+1","FierceCharge+1"],"score":3079,"play_id":"43d8837c-382d-4011-a9aa-9e0c8de73a2f","local_time":"20201223231227","is_ascension_mode":true,"campfire_choices":[{"floor":8.0,"key":"REST"},{"floor":11.0,"key":"REST"},{"data":"LeRegole","floor":15.0,"key":"SMITH"},{"data":"FrontalAssault","floor":25.0,"key":"SMITH"},{"floor":32.0,"key":"RECALL"},{"floor":47,"key":"REST"},{"floor":49,"key":"REST"},{"floor":54,"key":"REST"}],"circlet_count":0,"master_deck":["AscendersBane","LightDefense+1","LightDefense+1","LightDefense+1","FocusedStrikes+1","AT_KingSlayer+1","MostiFishMod:Dust+1","InnerArdor+1","FrontalAssault+1","EmotionalTurbulence+1","BlazingStrike+1","LeRegole+1","Multislash+1","CombatPreparation+1","Decapitation+1","SteelKnuckles+1","Reload+1","Unlock1+1","SenseQuarry+1","testmod-EnhanceArmerment+1","Thrust+1","ExtractFuel","GoinFirst+1","YourShield+1","OpportunitySpotted","ButterflySlash","ViolentFlame","ForcefulGesture+1","AutomatedMovement"],"relics":["PageOfLibrarian","testmod-TestBox","DaveBox","REME_ComplimentaryCards","AT_ATBox","DSteel32","testmod-SaigiyounoYou","Replay:Wax Seal","PlaceholderMod:DeVermisMysteriis","aspiration:ArtOfWarUpgrade","Dead Branch","SynthV:MejaisSoulstealer","hubris:Icosahedron","hubris:Zylophone","DaCapo","Golden Egg","AT_GoldPhoenixTree","Transparent","REME_IWantAll","PageOfSingingMachine","testmod-BlackFramedGlasses","SynthV","Toy Ornithopter","Lizard Tail"],"acts_visited":["Exordium","TheCity","TheBeyond","TheEnding"],"potions_floor_usage":[50,57],"damage_taken":[{"damage":15.0,"enemies":"Small Slimes","floor":1.0,"turns":5.0},{"damage":19.0,"enemies":"Cultist","floor":2.0,"turns":5.0},{"damage":10.0,"enemies":"2 Louse","floor":4.0,"turns":3.0},{"damage":19.0,"enemies":"Exordium Wildlife","floor":5.0,"turns":5.0},{"damage":0.0,"enemies":"Lagavulin","floor":6.0,"turns":4.0},{"damage":9.0,"enemies":"2 Fungi Beasts","floor":7.0,"turns":4.0},{"damage":37.0,"enemies":"Gremlin Nob","floor":10.0,"turns":4.0},{"damage":8.0,"enemies":"Gremlin Nob","floor":12.0,"turns":3.0},{"damage":17.0,"enemies":"Lagavulin","floor":13.0,"turns":4.0},{"damage":0.0,"enemies":"Looter","floor":14.0,"turns":2.0},{"damage":2.0,"enemies":"Slime Boss","floor":16.0,"turns":8.0},{"damage":0.0,"enemies":"2 Thieves","floor":18.0,"turns":3.0},{"damage":0.0,"enemies":"Chosen","floor":19.0,"turns":3.0},{"damage":0.0,"enemies":"Gremlin Leader","floor":23.0,"turns":3.0},{"damage":0.0,"enemies":"Snake Plant","floor":27.0,"turns":1.0},{"damage":0.0,"enemies":"Book of Stabbing","floor":28.0,"turns":2.0},{"damage":0.0,"enemies":"Centurion and Healer","floor":29.0,"turns":2.0},{"damage":0.0,"enemies":"3 Cultists","floor":30.0,"turns":2.0},{"damage":7.0,"enemies":"Slavers","floor":31.0,"turns":3.0},{"damage":0.0,"enemies":"hubris:MusketHawk","floor":33.0,"turns":4.0},{"damage":22.0,"enemies":"Orb Walker","floor":35.0,"turns":1.0},{"damage":20.0,"enemies":"3 Shapes","floor":37.0,"turns":2.0},{"damage":20.0,"enemies":"Spire Growth","floor":38.0,"turns":2.0},{"damage":10.0,"enemies":"Writhing Mass","floor":39.0,"turns":1.0},{"damage":10.0,"enemies":"Nemesis","floor":40.0,"turns":1.0},{"damage":10.0,"enemies":"R_Hoarder","floor":42.0,"turns":1.0},{"damage":10,"enemies":"Reptomancer","floor":44,"turns":1},{"damage":10,"enemies":"3 Darklings","floor":48,"turns":1},{"damage":32,"enemies":"hubris:GrandSnecko","floor":50,"turns":2},{"damage":20,"enemies":"Replay:Hell Engine","floor":51,"turns":2},{"damage":20,"enemies":"Shield and Spear","floor":56,"turns":2},{"damage":161,"enemies":"The Heart","floor":57,"turns":4}],"seed_played":"-8068844128949163809","potions_obtained":[{"floor":2.0,"key":"LiquidBronze"},{"floor":3.0,"key":"DistilledChaos"},{"floor":7.0,"key":"AttackPotion"},{"floor":13.0,"key":"ColorlessPotion"},{"floor":14.0,"key":"testmod-TimePotion"}],"is_trial":false,"path_per_floor":["M","M","?","M","M","E","M","R","T","E","R","?","E","M","R","B",null,"M","M","?","$","?","E","?","R","T","M","E","M","M","E","R","B",null,"M","?","M","M","M","E","R","E","T","E","R","?","R","M","R","B","B",null,null,"R","$","E","B",null],"character_chosen":"Librarian","items_purchased":["SynthV","Toy Ornithopter","testmod-EnhanceArmerment","LiquidMemories"],"campfire_rested":5,"item_purchase_floors":[55,55,55,55],"current_hp_per_floor":[31,21,21,17,5,18,17,40,40,15,41,40,38,45,45,56,79,86,86,86,86,86,86,74,74,74,78,86,86,86,81,81,86,86,86,86,86,86,86,86,86,86,86,86,86,86,86,86,86,86,86,86,86,86,86,86,71],"gold":69,"neow_bonus":"REMOVE_TWO","is_daily":false,"chose_seed":false,"campfire_upgraded":2,"win_rate":0.0,"timestamp":1608736347,"path_taken":["M","M","?","M","?","E","M","R","T","E","R","?","E","M","R","BOSS","M","M","?","$","?","E","?","R","T","M","E","?","M","E","R","BOSS","M","?","M","M","M","E","R","E","T","E","R","?","R","M","R","BOSS","BOSS","R","$","E","BOSS"],"items_purchased_type":["Relic","Relic","Card","Potion"],"build_version":"2020-12-22","purchased_purges":4,"victory":true,"max_hp_per_floor":[67,65,65,78,78,78,78,78,78,87,87,86,86,86,86,86,86,86,86,86,86,86,86,86,86,86,86,86,86,86,86,86,86,86,86,86,86,86,86,86,86,86,86,86,86,86,86,86,86,86,86,86,86,86,86,86,95],"card_choices":[{"not_picked":["Unlock1","WillOfThePrescript","FierceCharge","UncannyStrike","Standoff","Diversion","TendonChords","ProselytesBlade"],"picked":"InnerArdor","floor":1.0},{"not_picked":["Unlock1","UnavoidableGaze","PuppetBlockade","HighKick","Diversion","FocusFire","FieryWaltz","SinglePointStab"],"picked":"FierceCharge","floor":2.0},{"not_picked":["DefenseOrder","SharpSwipe","Eject","TraceOfFumes","BindingArms","Eliminate","SetFire","Leap_lor"],"picked":"FrontalAssault","floor":4.0},{"not_picked":["ShockRound","SomberProcuration","Unlock1","Rewind","SmokingPipe","FleetFootsteps","EnergyCycle","QuickAttack"],"picked":"EmotionalTurbulence","floor":5.0},{"not_picked":["FleetFootsteps","Slice_lor","GatherIntel","SuppressingShot","FendThisOffIfYouCan","Parry","FlowOfTheSword","UpbeatPerformance","Rewind"],"picked":"SKIP","floor":6.0},{"not_picked":["AutonomousRush","FierceOnslaught","Tailoring","CumulusWall","Quickness","SomberProcuration","HighSpeedStabbing","SuppressingShot"],"picked":"BlazingStrike","floor":7.0},{"not_picked":["PuppetBlockade","Castigation","NightInTheBackstreets","Thrust","CombatPreparation","FrontalAssault","Parry","DarkCloud"],"picked":"LeRegole","floor":10.0},{"not_picked":["DefenseOrder","Crush","EnergyConversion","Standoff","EnergyShield","TraceOfFumes","ButterflySlash","DesperateStruggle"],"picked":"Multislash","floor":12.0},{"not_picked":["Rewind","HandleRequest","FlowOfTheSword","Crush","Diversion","BackAttack","GuardingStance","MultiBlock"],"picked":"CombatPreparation","floor":13.0},{"not_picked":["FleetEdge","Unlock1","Zzzzzap","QuickAttack","BlowItUp","AsThePrescriptOrders","Pound","SharpSwipe"],"picked":"Decapitation","floor":14.0},{"not_picked":["Overpower","HighSpeedStabbing","ToWhereThePrescriptPoints","Quickness","BayonetCombat+1","EnergyShield","Endure","NightInTheBackstreets+1"],"picked":"SteelKnuckles","floor":18.0},{"not_picked":["FrontalAssault","UnavoidableGaze","ScratchThat","Gamble","SuppressingShot","BindingArms","FleetEdge","AGoldenOpportunity","AsThePrescriptOrders"],"picked":"SKIP","floor":19.0},{"not_picked":["GuidanceOfTheGears","SuppressingShot","Gigigig","MultiBlock+1","BackstreetsDash","Zzzzzap","Parry","Castigation","Crush"],"picked":"SKIP","floor":23.0},{"not_picked":["ClassAndRespect","ElectricShock","Pound","BackstreetsDash","ICanCookAnything","SinglePointStab","Thirst","IllEndYou"],"picked":"Reload","floor":27.0},{"not_picked":["HardRehearsal","Gigigig","SinglePointStab","InhaleSmoke","Fence","Bvapour","DarkCloud","Reload","DefenseOrder"],"picked":"SKIP","floor":28.0},{"not_picked":["EndlessBattle","Endure","Tttonst","MultiBlock","ClassAndRespect","FlyingSword+1","SetFire","SmokingPipe","Bvapour"],"picked":"SKIP","floor":29.0},{"not_picked":["GuardingStance+1","NonstopAssault","HandlingWork","Preparation+1","Quickness","Leap_lor","SweepTheBackstreets","MultiHit","FleshFillet"],"picked":"SKIP","floor":30.0},{"not_picked":["UpbeatPerformance","EmotionalTurbulence","Endure","FieryWaltz","MultiBlock","DefenseOrder","LoosenUp","SetFire"],"picked":"Unlock1","floor":31.0},{"not_picked":["SunsetBlade","LeRegole","StructuralAnalysis","Fence","Diversion+1","AutomatedMovement","DarkCloud","Leap_lor+1","Wallop_lor"],"picked":"SKIP","floor":35.0},{"not_picked":["ToWhereThePrescriptPoints","Reload","LoosenUp","Suppress","Wallop_lor","SharpNails","Faith","SunsetBlade","EndlessBattle"],"picked":"SKIP","floor":37.0},{"not_picked":["FrontalAssault+1","Diversion","GuardingStance+1","SunsetBlade","DarkCloud","Standoff","Wallop_lor","Eliminate","CircusKnives"],"picked":"SKIP","floor":38.0},{"not_picked":["FocusFire","SmokingPipe","AsThePrescriptOrders+1","SpearedSweep","Leap_lor","ShockRound","BackAttack+1","BindingArms","WildCard"],"picked":"SKIP","floor":39.0},{"not_picked":["EndlessBattle+1","FlowOfTheSword+1","SweepTheBackstreets","Struggle","FleetEdge","MultiBlock","TrashDisposal","Wallop_lor","Eliminate"],"picked":"SKIP","floor":40.0},{"not_picked":["DestructiveImpact","BlazingStrike","CumulusWall","InnerArdor","Eliminate","BladeWhirl","Pound+1","UnavoidableGaze"],"picked":"SenseQuarry","floor":42.0},{"not_picked":["UpbeatPerformance","FleetFootsteps","QuickAttack+1","AssaultOrder","BackAttack+1","AbsorbImpact","FleetEdge","UncannyStrike","HiddenBlade"],"picked":"SKIP","floor":44},{"not_picked":["EnergyShield+1","TheRedNotes","DarkCloud","StructuralAnalysis","EnergyBeam","Diversion","FleetEdge+1","AbsorbImpact+1","FrontalAssault+1"],"picked":"SKIP","floor":48},{"not_picked":["Thrust+1","ExtractFuel","GoinFirst","YourShield","OpportunitySpotted","ButterflySlash","ViolentFlame","ForcefulGesture+1","AutomatedMovement"],"picked":"SKIP","floor":56},{"not_picked":["FairyEGOPage","ChildOfTheGalaxyEGOPage","TheSilentOrchestraEGOPage"],"picked":"Singing Bowl","floor":57}],"player_experience":984100,"relics_obtained":[{"floor":6.0,"key":"Replay:Wax Seal"},{"floor":9.0,"key":"PlaceholderMod:DeVermisMysteriis"},{"floor":10.0,"key":"Art of War"},{"floor":12.0,"key":"Dead Branch"},{"floor":23.0,"key":"hubris:Zylophone"},{"floor":26.0,"key":"DaCapo"},{"floor":28.0,"key":"Golden Egg"},{"floor":31.0,"key":"AT_GoldPhoenixTree"},{"floor":40.0,"key":"REME_IWantAll"},{"floor":42.0,"key":"PageOfSingingMachine"},{"floor":44,"key":"testmod-BlackFramedGlasses"},{"floor":56,"key":"Lizard Tail"}],"event_choices":[{"damage_healed":0.0,"max_hp_gain":0.0,"max_hp_loss":0.0,"gold_gain":0.0,"event_name":"Lab","player_choice":"Got Potions","floor":3.0,"gold_loss":0.0,"damage_taken":0.0},{"damage_healed":0.0,"max_hp_gain":0.0,"max_hp_loss":0.0,"gold_gain":30.0,"event_name":"Dead Adventurer","player_choice":"Searched \u00273\u0027 times","floor":12.0,"gold_loss":0.0,"damage_taken":0.0},{"damage_healed":0.0,"max_hp_gain":0.0,"max_hp_loss":0.0,"gold_gain":0.0,"event_name":"Ghosts","player_choice":"Ignored","floor":20.0,"gold_loss":0.0,"damage_taken":0.0},{"cards_removed":["LightDefense"],"damage_healed":0,"gold_gain":0,"player_choice":"Removed Skill","damage_taken":0,"max_hp_gain":0,"max_hp_loss":0,"event_name":"Falling","floor":46,"gold_loss":0}],"is_beta":false,"boss_relics":[{"not_picked":["Coffee Dripper","testmod-TimeTraveler"],"picked":"SynthV:MejaisSoulstealer"},{"not_picked":["BloodWine","PlaceholderMod:LiveLive"],"picked":"Transparent"}],"items_purged_floors":[21,21,21,55],"is_endless":false,"potions_floor_spawned":[2,5,7,13,14,19,29,30,35,37,42,44,56],"ascension_level":20}}