{"host":"mq8ma9fwagsj51ix","time":1608711976,"event":{"mods":["2.2 Compatiblity","BaseMod","Downfall","Hermit","Hubris","Jorbs\u0027s Wanderer Trilogy","Minty Spire (QoL Compilation)","Replay The Spire","StSLib"],"gold_per_floor":[99,115,115,194,204,379,379,379,379,399,399,411,411,436,446,542,542,467,478,496,511,527,556,610,629,640,273,293,319,319,205,216,314,314,314,332,346,396,671,74,100,120,131,56,87,105,105,115,135,135],"floor_reached":51,"playtime":2450,"items_purged":["Doubt","Regret"],"score":850,"play_id":"88d3d5e9-f952-4b96-aa41-4cf8055203ad","local_time":"20201223022616","is_ascension_mode":false,"campfire_choices":[{"data":"Slimebound:Split","floor":1,"key":"SMITH"},{"data":"Slimebound:SlimeSlap","floor":8,"key":"SMITH"},{"floor":11,"key":"REST"},{"data":"Slimebound:SlimeBrawl","floor":18,"key":"SMITH"},{"floor":44,"key":"RECALL"}],"circlet_count":0,"master_deck":["Slimebound:Strike_Slimebound","Slimebound:Strike_Slimebound","Slimebound:Defend_Slimebound","Slimebound:Defend_Slimebound","Slimebound:Defend_Slimebound","Slimebound:Defend_Slimebound","Slimebound:Split+1","Slimebound:CorrosiveSpit","Slimebound:SlimeSlap+1","Slimebound:SlimeTap","Slimebound:GoopSpray","Slimebound:Equalize+1","Slimebound:LeechingTouch","Slimebound:LevelUp+1","Slimebound:Repurpose","Slimebound:ItLooksTasty","Slimebound:SlimeBrawl+1","Slimebound:OozeBath","Slimebound:Grow+1","Slimebound:SpikyOuterGoop+1","Slimebound:SplitMire+1","Slimebound:PrepareCrush","Slimebound:HauntingLick","Slimebound:Nibble+1","Slimebound:LeadByExample+1","Slimebound:Gluttony+1","Pot Of Greed","Pot Of Greed","Pot Of Greed","Slimebound:Equalize","Slimebound:PressTheAttack","Slimebound:SamplingLick+1","hubris:NaturalOne","Slimebound:Dissolve","Slimebound:FirmFortitude+1","Slimebound:Nibble","Slimebound:SelfFormingGoo+1","Slimebound:GoopSpray+1","Pot Of Greed","Slimebound:SplitLeeching+1","Slimebound:RollThrough+1","Slimebound:LivingWall","Slimebound:LeadByExample+1","Slimebound:RainOfGoop","Slimebound:SlimeSlap","Slimebound:LeechEnergy","Deep Breath","Slimebound:LeadByExample+1","Slimebound:MegaLick+1","Slimebound:PrepareCrush+1","Pot Of Greed+1","Slimebound:SplitBruiser+1","Pain","Slimebound:SplitAcid+1","Slimebound:FormOfPuddle+1"],"relics":["Slimebound:AbsorbEndCombat","Frozen Egg 2","hubris:CrystalStatue","hubris:RunicObelisk","downfall:HeartBlessingGreen","PreservedInsect","Slimebound:AggressiveSlimeRelic","Grinning Jar","Bronze Scales","hubris:Icosahedron","Incense Burner","hubris:BlackHole","hubris:MedicalManual","BargainBundle","Bottled Tornado","downfall:HeartBlessingBlue","Toxic Egg 2","WarpedTongs"],"acts_visited":["Exordium","TheCity","TheBeyond"],"potions_floor_usage":[16,16,16,22,22,33,33,50,50,50],"damage_taken":[{"damage":12,"enemies":"Cultist","floor":2,"turns":3},{"damage":19,"enemies":"2 Louse","floor":5,"turns":2},{"damage":11,"enemies":"Jaw Worm","floor":10,"turns":2},{"damage":12,"enemies":"2 Fungi Beasts","floor":12,"turns":3},{"damage":14,"enemies":"Lagavulin","floor":14,"turns":5},{"damage":13,"enemies":"Exordium Thugs","floor":15,"turns":3},{"damage":55,"enemies":"downfall:Silent","floor":16,"turns":7},{"damage":28,"enemies":"3 Byrds","floor":19,"turns":4},{"damage":28,"enemies":"Snecko","floor":20,"turns":4},{"damage":35,"enemies":"Sentry and Sphere","floor":21,"turns":6},{"damage":4,"enemies":"Snake Plant","floor":22,"turns":2},{"damage":67,"enemies":"Gremlin Leader","floor":23,"turns":5},{"damage":21,"enemies":"Centurion and Healer","floor":25,"turns":5},{"damage":25,"enemies":"Sentry and Sphere","floor":26,"turns":5},{"damage":18,"enemies":"downfall:FleeingMerchant","floor":27,"turns":4},{"damage":8,"enemies":"Snake Plant","floor":28,"turns":2},{"damage":36,"enemies":"Replay:Snechameleon","floor":29,"turns":3},{"damage":35,"enemies":"downfall:FleeingMerchant","floor":31,"turns":4},{"damage":50,"enemies":"Shelled Parasite and Fungi","floor":32,"turns":5},{"damage":50,"enemies":"downfall:Ironclad","floor":33,"turns":5},{"damage":10,"enemies":"3 Darklings","floor":36,"turns":4},{"damage":24,"enemies":"3 Shapes","floor":37,"turns":4},{"damage":4,"enemies":"Mind Bloom Boss Battle","floor":38,"turns":3},{"damage":5,"enemies":"Maw","floor":42,"turns":5},{"damage":25,"enemies":"Spire Growth","floor":43,"turns":5},{"damage":33,"enemies":"Reptomancer","floor":45,"turns":4},{"damage":26,"enemies":"3 Darklings","floor":46,"turns":4},{"damage":20,"enemies":"Transient","floor":48,"turns":5},{"damage":8,"enemies":"Maw","floor":49,"turns":4},{"damage":28,"enemies":"downfall:Defect","floor":50,"turns":4}],"seed_played":"6295475267324890582","potions_obtained":[{"floor":4,"key":"Slimebound:ThreeZeroPotion"},{"floor":4,"key":"Strength Potion"},{"floor":4,"key":"Dexterity Potion"},{"floor":16,"key":"sneckomod:MuddlingPotion"},{"floor":19,"key":"Fire Potion"},{"floor":25,"key":"SpeedPotion"},{"floor":26,"key":"Adrenaline Potion"},{"floor":29,"key":"SkillPotion"},{"floor":35,"key":"Slimebound:ThreeZeroPotion"},{"floor":35,"key":"AttackPotion"},{"floor":37,"key":"Slimebound:SlimyTonguePotion"}],"is_trial":false,"path_per_floor":["R","M","?","?","M","?","T","R","?","M","R","M","?","E","M","B",null,"R","M","M","M","M","E","T","M","M","$","M","E","?","$","M","B",null,"R","M","M","?","?","$","T","M","M","R","E","M","?","M","M","B",null],"character_chosen":"SLIMEBOUND","items_purchased":["Grinning Jar","Slimebound:Equalize","BlessingOfTheForge","Incense Burner","Slimebound:Dissolve","Slimebound:FirmFortitude+1","BargainBundle","Bottled Tornado","Slimebound:LivingWall","Slimebound:LeadByExample+1","Slimebound:RainOfGoop","Slimebound:SlimeSlap","Slimebound:LeechEnergy","Deep Breath"],"campfire_rested":1,"item_purchase_floors":[27,27,27,31,31,31,40,40,40,40,40,40,40,40],"current_hp_per_floor":[60,60,60,45,34,34,34,34,34,35,53,57,57,58,59,44,60,60,55,56,39,59,29,29,46,49,49,60,54,54,60,40,32,60,60,60,60,60,60,60,60,60,58,68,63,70,70,70,70,70],"gold":135,"neow_bonus":"ONE_RANDOM_RARE_CARD","is_daily":false,"chose_seed":false,"campfire_upgraded":3,"win_rate":0.0,"timestamp":1608711976,"path_taken":["R","M","?","?","M","?","T","R","?","?","R","M","?","E","M","BOSS","R","M","?","?","M","E","T","M","M","$","M","E","?","$","M","BOSS","R","M","M","?","?","$","T","?","M","R","E","M","?","?","M","BOSS"],"items_purchased_type":["Relic","Card","Potion","Relic","Card","Card","Relic","Relic","Card","Card","Card","Card","Card","Card"],"build_version":"2020-12-22","purchased_purges":2,"victory":true,"max_hp_per_floor":[60,60,60,60,60,60,60,60,60,60,60,60,60,60,60,60,60,60,60,60,60,60,60,60,60,60,60,60,60,60,60,60,60,60,60,60,60,60,60,60,60,60,60,70,70,70,70,70,70,70],"card_choices":[{"not_picked":["Slimebound:Schlurp","Slimebound:FinishingTackle"],"picked":"Slimebound:SlimeTap","floor":2},{"not_picked":["Slimebound:PressTheAttack","Slimebound:ItLooksTasty"],"picked":"Slimebound:GoopSpray","floor":4},{"not_picked":["Slimebound:RainOfGoop","Slimebound:ProtectTheBoss"],"picked":"Slimebound:Equalize","floor":5},{"not_picked":["Slimebound:BestDefense+1","Slimebound:SlimeSpikes"],"picked":"Slimebound:LeechingTouch","floor":10},{"not_picked":["Slimebound:SplitBruiser","Slimebound:LeechingTouch"],"picked":"Slimebound:LevelUp+1","floor":12},{"not_picked":["Slimebound:FormOfPuddle","Slimebound:Chomp"],"picked":"Slimebound:ItLooksTasty","floor":14},{"not_picked":["Slimebound:SplitMire","Slimebound:SpikyOuterGoop+1"],"picked":"Slimebound:SlimeBrawl","floor":15},{"not_picked":["Slimebound:OneTwoCombo","Slimebound:MinionMaster+1"],"picked":"Slimebound:OozeBath","floor":16},{"not_picked":["Slimebound:SplitMire","Slimebound:SamplingLick"],"picked":"Slimebound:Grow+1","floor":19},{"not_picked":["Slimebound:GoopSpray","Slimebound:SlimeSpikes"],"picked":"Slimebound:SpikyOuterGoop+1","floor":20},{"not_picked":["Slimebound:LeechEnergy","Slimebound:HauntingLick"],"picked":"Slimebound:SplitMire+1","floor":21},{"not_picked":["Slimebound:GoopSpray","Slimebound:SplitMire"],"picked":"Slimebound:PrepareCrush","floor":22},{"not_picked":["Slimebound:LeechingTouch","Slimebound:FinishingTackle"],"picked":"Slimebound:HauntingLick","floor":23},{"not_picked":["Slimebound:RainOfGoop","Slimebound:Repurpose"],"picked":"Slimebound:Nibble+1","floor":25},{"not_picked":["Slimebound:SlimeBarrage+1","Slimebound:RollThrough+1"],"picked":"Slimebound:LeadByExample+1","floor":26},{"not_picked":["Slimebound:LeadByExample+1","Slimebound:Prepare"],"picked":"Slimebound:Gluttony+1","floor":27},{"not_picked":["Slimebound:GoopSpray","Slimebound:FinishingTackle"],"picked":"Slimebound:PressTheAttack","floor":28},{"not_picked":["Slimebound:SplitLeeching","Slimebound:MassFeed"],"picked":"Slimebound:SamplingLick+1","floor":29},{"not_picked":["Slimebound:SlimeSpikes","Slimebound:LeechingTouch+1","Slimebound:GoopSpray"],"picked":"SKIP","floor":31},{"not_picked":["Slimebound:FinishingTackle","Slimebound:LeechEnergy"],"picked":"Slimebound:Nibble","floor":32},{"not_picked":["Slimebound:SlimeSlap","Slimebound:Teamwork"],"picked":"Slimebound:SelfFormingGoo+1","floor":33},{"not_picked":["Slimebound:Schlurp","Slimebound:MegaLick"],"picked":"Slimebound:GoopSpray+1","floor":36},{"not_picked":["Slimebound:FinishingTackle","Slimebound:PressTheAttack+1"],"picked":"Slimebound:SplitLeeching+1","floor":37},{"not_picked":["Slimebound:RejuvenatingLick","Slimebound:LivingWall"],"picked":"Slimebound:RollThrough+1","floor":38},{"not_picked":["Slimebound:Repurpose+1","Slimebound:SpikyOuterGoop+1"],"picked":"Slimebound:LeadByExample+1","floor":42},{"not_picked":["Slimebound:SlimeTap","Slimebound:RejuvenatingLick"],"picked":"Slimebound:MegaLick+1","floor":43},{"not_picked":["Slimebound:RollThrough","Slimebound:SplitLeeching+1"],"picked":"Slimebound:PrepareCrush+1","floor":45},{"not_picked":["Slimebound:FinishingTackle","Slimebound:RollThrough+1"],"picked":"Slimebound:SplitBruiser+1","floor":46},{"not_picked":["Slimebound:LeechingTouch","Slimebound:Dissolve+1"],"picked":"Slimebound:SplitAcid+1","floor":48},{"not_picked":["Slimebound:Gluttony+1","Slimebound:Prepare+1"],"picked":"Slimebound:FormOfPuddle+1","floor":49}],"player_experience":140470,"relics_obtained":[{"floor":7,"key":"Frozen Egg 2"},{"floor":14,"key":"hubris:CrystalStatue"},{"floor":23,"key":"PreservedInsect"},{"floor":24,"key":"Slimebound:AggressiveSlimeRelic"},{"floor":29,"key":"Bronze Scales"},{"floor":38,"key":"hubris:MedicalManual"},{"floor":45,"key":"Toxic Egg 2"}],"event_choices":[{"damage_healed":0,"gold_gain":0,"player_choice":"Upgraded","damage_taken":0,"max_hp_gain":0,"max_hp_loss":0,"event_name":"Upgrade Shrine","floor":9,"gold_loss":0,"cards_upgraded":["Slimebound:Equalize"]},{"damage_healed":0,"gold_gain":0,"cards_transformed":["Slimebound:Tackle"],"player_choice":"Transformed","damage_taken":0,"max_hp_gain":0,"max_hp_loss":0,"event_name":"Transmorgrifier","floor":13,"gold_loss":0,"cards_obtained":["Slimebound:Repurpose"]},{"damage_healed":0,"gold_gain":0,"player_choice":"Rummage","damage_taken":0,"relics_obtained":["WarpedTongs"],"max_hp_gain":0,"max_hp_loss":0,"event_name":"Accursed Blacksmith","floor":47,"gold_loss":0,"cards_obtained":["Pain"]}],"is_beta":false,"boss_relics":[{"not_picked":["Kintsugi","hubris:TerracottaHorce"],"picked":"hubris:RunicObelisk"},{"not_picked":["Slimebound:TarBlob","Tiny House"],"picked":"hubris:BlackHole"}],"items_purged_floors":[27,40],"is_endless":false,"potions_floor_spawned":[10,12,15,16,19,25,26,29,32,36,37,42,46,48,49],"ascension_level":0}}