{"host":"uflv0e3ja7hvnij7","time":1608722572,"event":{"mods":["BaseMod","Conspire","Hubris","Minty Spire (QoL Compilation)","Replay The Spire","StSLib","The Bug Knight"],"gold_per_floor":[116,136,136,136,150,177,177,177,204,216,246,246,277,7,7,107,107,121,121,21,41,56,56,84,84,84,104,124,141,141,141,141,237,237,253,253,270,287,297,324,324,324,324,335,335,352,365,384,384,384,384,384],"floor_reached":53,"playtime":3630,"items_purged":["Defend_P","Defend_P"],"score":820,"play_id":"ff6718e2-8be1-4e17-96c0-4b446428b730","local_time":"20201223062252","is_ascension_mode":true,"campfire_choices":[{"floor":7,"key":"REST"},{"floor":12,"key":"REST"},{"floor":15,"key":"REST"},{"floor":23,"key":"REST"},{"floor":25,"key":"REST"},{"floor":30,"key":"REST"},{"floor":32,"key":"DIG"},{"floor":41,"key":"REST"},{"floor":49,"key":"REST"},{"floor":51,"key":"REST"}],"circlet_count":0,"master_deck":["Strike_P+1","Strike_P+1","Strike_P+1","Defend_P+1","Defend_P+1","Eruption+1","Vigilance+1","CutThroughFate+1","LessonLearned+1","Adaptation+1","ClearTheMind+1","FearNoEvil+1","Metamorphosis+1","Vault+1","WindmillStrike+1","Omniscience+1","Replay:DivineShield","WaveOfTheHand","Study+1","Crescendo+1","Replay:Hum+1","Vault","Vengeance+1","Writhe","SpiritShield+1","Parasite","TalkToTheHand+1","ClearTheMind+1","Protect+1","Brilliance+1"],"relics":["Fusion Hammer","hubris:SlimyHat","Vajra","Happy Flower","Ginger","hubris:VirtuousBlindfold","conspire:DeflatedDodgeball","Replay:Accelerometer","hubris:Towel","Damaru","hubris:Stopwatch","Replay:Wax Seal","Molten Egg 2","hubris:Icosahedron"],"acts_visited":["Exordium","TheCity","TheBeyond"],"potions_floor_usage":[6,22,22,27,33,38,40,40],"damage_taken":[{"damage":1,"enemies":"Jaw Worm","floor":1,"turns":4},{"damage":0,"enemies":"2 Louse","floor":2,"turns":4},{"damage":0,"enemies":"Small Slimes","floor":5,"turns":2},{"damage":12,"enemies":"Gremlin Nob","floor":6,"turns":2},{"damage":9,"enemies":"Looter","floor":10,"turns":4},{"damage":26,"enemies":"3 Sentries","floor":11,"turns":5},{"damage":5,"enemies":"Lagavulin","floor":13,"turns":5},{"damage":0,"enemies":"Slime Boss","floor":16,"turns":6},{"damage":2,"enemies":"3 Byrds","floor":18,"turns":5},{"damage":12,"enemies":"2 Thieves","floor":21,"turns":3},{"damage":4,"enemies":"Centurion and Healer","floor":22,"turns":3},{"damage":28,"enemies":"Book of Stabbing","floor":24,"turns":5},{"damage":15,"enemies":"Snecko","floor":27,"turns":5},{"damage":0,"enemies":"Chosen and Byrds","floor":28,"turns":4},{"damage":33,"enemies":"Centurion and Healer","floor":29,"turns":3},{"damage":12,"enemies":"Champ","floor":33,"turns":7},{"damage":0,"enemies":"Orb Walker","floor":35,"turns":3},{"damage":28,"enemies":"3 Darklings","floor":37,"turns":5},{"damage":12,"enemies":"Writhing Mass","floor":38,"turns":7},{"damage":3,"enemies":"Spire Growth","floor":39,"turns":4},{"damage":0,"enemies":"Reptomancer","floor":40,"turns":6},{"damage":0,"enemies":"Transient","floor":44,"turns":6},{"damage":19,"enemies":"Maw","floor":46,"turns":7},{"damage":0,"enemies":"Writhing Mass","floor":47,"turns":6},{"damage":23,"enemies":"Spire Growth","floor":48,"turns":5},{"damage":8,"enemies":"hubris:GrandSnecko","floor":52,"turns":6}],"seed_played":"8654920195265449637","potions_obtained":[{"floor":5,"key":"Death Potion"},{"floor":6,"key":"Elixir"},{"floor":11,"key":"Explosive Potion"},{"floor":16,"key":"Swift Potion"},{"floor":24,"key":"Regen Potion"},{"floor":27,"key":"Explosive Potion"},{"floor":29,"key":"Toxic Potion"},{"floor":37,"key":"SkillPotion"},{"floor":39,"key":"DistilledChaos"},{"floor":44,"key":"DuplicationPotion"},{"floor":46,"key":"Weak Potion"}],"is_trial":false,"path_per_floor":["M","M","?","?","M","E","R","?","T","M","E","R","E","$","R","B",null,"M","?","$","M","M","R","E","R","T","M","M","M","R","?","R","B",null,"M","?","M","M","M","E","R","PTL","PTL","M","T","M","M","M","R","?","R","B",null],"character_chosen":"WATCHER","items_purchased":["Metamorphosis"],"campfire_rested":9,"item_purchase_floors":[14],"current_hp_per_floor":[71,71,71,71,71,59,72,72,72,63,37,58,53,53,72,72,72,70,70,70,58,54,72,44,65,65,62,62,29,50,50,50,38,72,72,72,44,32,29,29,50,50,50,50,50,31,31,8,29,29,50,42],"gold":384,"neow_bonus":"BOSS_RELIC","is_daily":false,"chose_seed":false,"campfire_upgraded":0,"win_rate":0.0,"timestamp":1608722572,"path_taken":["M","M","?","?","M","E","R","?","T","M","E","R","E","$","R","BOSS","M","?","$","?","M","R","E","R","T","M","M","M","R","?","R","BOSS","M","?","M","M","M","E","R","PTL","PTL","M","T","M","M","M","R","?","R","BOSS"],"items_purchased_type":["Card"],"build_version":"2020-12-22","purchased_purges":2,"victory":true,"max_hp_per_floor":[72,72,72,72,72,72,72,72,72,72,72,72,72,72,72,72,72,72,72,72,72,72,72,72,72,72,72,72,72,72,72,72,72,72,72,72,72,72,72,72,72,72,72,72,72,72,72,72,72,72,72,72],"card_choices":[{"not_picked":["BowlingBash","Halt","Perseverance"],"picked":"SKIP","floor":1},{"not_picked":["Tantrum","BowlingBash"],"picked":"CutThroughFate","floor":2},{"not_picked":["PathToVictory","ThirdEye"],"picked":"LessonLearned","floor":5},{"not_picked":["Evaluate","CrushJoints"],"picked":"Adaptation","floor":6},{"not_picked":["Halt","Replay:DivineShield"],"picked":"ClearTheMind","floor":10},{"not_picked":["Replay:AtTheReady","JustLucky","EmptyFist"],"picked":"SKIP","floor":11},{"not_picked":["Replay:AtTheReady","CrushJoints"],"picked":"FearNoEvil","floor":13},{"not_picked":["Alpha","Replay:AllIn"],"picked":"Vault","floor":16},{"not_picked":["Replay:Anticipation","JustLucky"],"picked":"WindmillStrike","floor":18},{"not_picked":["Evaluate","JustLucky","Prostrate"],"picked":"SKIP","floor":21},{"not_picked":["Replay:AtTheReady","Weave"],"picked":"Replay:DivineShield","floor":22},{"not_picked":["Fasting2","FollowUp"],"picked":"WaveOfTheHand","floor":24},{"not_picked":["FollowUp","Replay:ManipulateFuture+1"],"picked":"Study+1","floor":27},{"not_picked":["FlyingSleeves+1","EmptyFist"],"picked":"Crescendo","floor":28},{"not_picked":["ClearTheMind+1","Consecrate"],"picked":"Replay:Hum","floor":29},{"not_picked":["DevaForm","DeusExMachina"],"picked":"Vault","floor":33},{"not_picked":["CrushJoints+1","Replay:ManipulateFuture+1"],"picked":"Vengeance+1","floor":35},{"not_picked":["Vengeance","BowlingBash"],"picked":"SpiritShield","floor":37},{"not_picked":["Replay:ManipulateFuture+1","Wireheading","FearNoEvil"],"picked":"SKIP","floor":38},{"not_picked":["Replay:ManipulateFuture","Consecrate+1"],"picked":"TalkToTheHand+1","floor":39},{"not_picked":["FollowUp","Vengeance+1","Replay:Battleflow+1"],"picked":"SKIP","floor":40},{"not_picked":["ForeignInfluence+1","LessonLearned"],"picked":"ClearTheMind+1","floor":44},{"not_picked":["Replay:AtTheReady","Wireheading"],"picked":"Protect+1","floor":46},{"not_picked":["PathToVictory","SignatureMove+1","LikeWater+1"],"picked":"SKIP","floor":47},{"not_picked":["WaveOfTheHand","ClearTheMind+1"],"picked":"Brilliance+1","floor":48}],"player_experience":292747,"relics_obtained":[{"floor":6,"key":"hubris:SlimyHat"},{"floor":9,"key":"Vajra"},{"floor":11,"key":"Happy Flower"},{"floor":13,"key":"Ginger"},{"floor":24,"key":"conspire:DeflatedDodgeball"},{"floor":26,"key":"Replay:Accelerometer"},{"floor":32,"key":"Damaru"},{"floor":40,"key":"Replay:Wax Seal"},{"floor":45,"key":"Molten Egg 2"}],"event_choices":[{"damage_healed":0,"gold_gain":0,"player_choice":"Grow","damage_taken":0,"max_hp_gain":0,"max_hp_loss":0,"event_name":"Living Wall","floor":4,"gold_loss":0,"cards_upgraded":["Eruption"]},{"damage_healed":0,"gold_gain":0,"player_choice":"Leave","damage_taken":0,"max_hp_gain":0,"max_hp_loss":0,"event_name":"conspire:Investor","floor":8,"gold_loss":0},{"damage_healed":0,"gold_gain":0,"player_choice":"1 cards matched","damage_taken":0,"max_hp_gain":0,"max_hp_loss":0,"event_name":"Match and Keep!","floor":19,"gold_loss":0,"cards_obtained":["Omniscience"]},{"damage_healed":18,"gold_gain":0,"player_choice":"Writhe","damage_taken":0,"max_hp_gain":0,"max_hp_loss":0,"event_name":"Winding Halls","floor":36,"gold_loss":0,"cards_obtained":["Writhe"]}],"is_beta":false,"boss_relics":[{"not_picked":["Philosopher\u0027s Stone","Cursed Key"],"picked":"hubris:VirtuousBlindfold"},{"not_picked":["Black Star","hubris:TerracottaHorce"],"picked":"hubris:Stopwatch"}],"items_purged_floors":[14,20],"is_endless":false,"potions_floor_spawned":[5,6,11,16,21,24,27,29,37,39,44,46],"ascension_level":1}}