{"host":"gs78is6ltwo7hup6","time":1608735776,"event":{"mods":["Ascension Reborn","Aspiration","BaseMod","Better Altar","Better Match","Better Note","Better Sensory Stone","Better Skull","Better Third Choice","Better Vampires","Conspire","Downfall","Emptier Cage","Hermit","Hubris","Infinite Spire","Ironclad Rager","Lobotomy","LobotomyExtend","Minty Spire (QoL Compilation)","Nova Terra(??·??)","Replay The Spire","Small Relic Pack","Spicy Shops","StSLib","TheSwordswoman","Waifu the Spire","everything is the same but u backflip on backflip"],"gold_per_floor":[39,39,81,81,123,123,149,149,230,263,263,278,278,311,311,406,406,416,331,342,342,380,380,393,422,422,432,461,472,472,529,529,624,624,644,644,644,654,690,690,690,726,774,826,853,853,881,892,892,892,892,892,208,233,233,233],"floor_reached":55,"playtime":6430,"items_purged":[],"score":905,"play_id":"dc8ce7b4-a6c0-4aa1-ad09-187930c35bcb","local_time":"20201223230256","is_ascension_mode":false,"campfire_choices":[{"data":"Eruption","floor":6.0,"key":"SMITH"},{"floor":8.0,"key":"REST"},{"floor":13.0,"key":"REST"},{"data":"Prostrate","floor":15.0,"key":"SMITH"},{"data":"Omniscience","floor":23.0,"key":"SMITH"},{"floor":32.0,"key":"REST"},{"floor":40.0,"key":"REST"},{"floor":46.0,"key":"RECALL"},{"floor":49.0,"key":"REST"},{"data":"ClearTheMind","floor":52.0,"key":"SMITH"}],"circlet_count":0,"master_deck":["Strike_P","Strike_P+1","Strike_P","Strike_P","Defend_P","Defend_P","Defend_P","Defend_P","Eruption+1","Vigilance","Wish","Sanctity","FlyingSleeves","EmptyFist+1","Prostrate+1","InnerPeace","JustLucky+1","Nirvana","Omniscience+1","MentalFortress+1","FlurryOfBlows+1","Ragnarok+1","EmptyMind","CutThroughFate+1","ClearTheMind+1","FlyingSleeves+1","FlurryOfBlows+1","Consecrate+1","Alpha","Good Instincts","Dramatic Entrance+1","LikeWater+1","FlyingSleeves+1","Conclude+1","Halt+1"],"relics":["HolyWater","Pen Nib","Darkstone Periapt","Molten Egg 2","Pantograph","Letter Opener","Thread and Needle","Mercury Hourglass","MutagenicStrength","MealTicket","Ornamental Fan","Anchor","Frozen Egg 2","Busted Crown","Sundial","Lizard Tail","Bottled Lightning","Ancient Tea Set","Bottled Flame","Whetstone","StrikeDummy","LetterFromLob","Kunai"],"acts_visited":[],"potions_floor_usage":[54,54],"damage_taken":[{"damage":7.0,"enemies":"Small Slimes","floor":1.0,"turns":4.0},{"damage":10.0,"enemies":"Jaw Worm","floor":3.0,"turns":6.0},{"damage":21.0,"enemies":"Cultist","floor":5.0,"turns":5.0},{"damage":28.0,"enemies":"3 Sentries","floor":7.0,"turns":7.0},{"damage":0.0,"enemies":"Gremlin Nob","floor":10.0,"turns":2.0},{"damage":9.0,"enemies":"Exordium Thugs","floor":12.0,"turns":5.0},{"damage":6.0,"enemies":"3 Sentries","floor":14.0,"turns":5.0},{"damage":22.0,"enemies":"The Guardian","floor":16.0,"turns":7.0},{"damage":24.0,"enemies":"2 Thieves","floor":18.0,"turns":3.0},{"damage":0.0,"enemies":"3 Byrds","floor":20.0,"turns":2.0},{"damage":0.0,"enemies":"Cultist and Chosen","floor":22.0,"turns":2.0},{"damage":0.0,"enemies":"Snecko","floor":24.0,"turns":2.0},{"damage":34.0,"enemies":"Book of Stabbing","floor":25.0,"turns":5.0},{"damage":0.0,"enemies":"Sentry and Sphere","floor":27.0,"turns":1.0},{"damage":0.0,"enemies":"Gremlin Leader","floor":28.0,"turns":5.0},{"damage":0.0,"enemies":"Centurion and Healer","floor":29.0,"turns":4.0},{"damage":0.0,"enemies":"Slavers","floor":31.0,"turns":4.0},{"damage":38.0,"enemies":"Collector","floor":33.0,"turns":7.0},{"damage":12.0,"enemies":"3 Darklings","floor":35.0,"turns":3.0},{"damage":35.0,"enemies":"3 Shapes","floor":38.0,"turns":2.0},{"damage":0.0,"enemies":"Sphere and 2 Shapes","floor":39.0,"turns":3.0},{"damage":0.0,"enemies":"Transient","floor":42.0,"turns":5.0},{"damage":40.0,"enemies":"2 Orb Walkers","floor":44.0,"turns":4.0},{"damage":30.0,"enemies":"Giant Head","floor":45.0,"turns":8.0},{"damage":8.0,"enemies":"Reptomancer","floor":47.0,"turns":5.0},{"damage":3.0,"enemies":"4 Shapes","floor":48.0,"turns":3.0},{"damage":47.0,"enemies":"Donu and Deca","floor":50.0,"turns":6.0},{"damage":10,"enemies":"Shield and Spear","floor":54,"turns":5},{"damage":78,"enemies":"The Heart","floor":55,"turns":3}],"seed_played":"-575230267904910460","potions_obtained":[{"floor":1.0,"key":"BlessingOfTheForge"},{"floor":7.0,"key":"Block Potion"},{"floor":12.0,"key":"ColorlessPotion"},{"floor":16.0,"key":"AttackPotion"},{"floor":24.0,"key":"Strength Potion"},{"floor":27.0,"key":"Energy Potion"},{"floor":28.0,"key":"AttackPotion"},{"floor":42.0,"key":"Energy Potion"},{"floor":45.0,"key":"Dexterity Potion"},{"floor":48.0,"key":"GamblersBrew"}],"is_trial":false,"path_per_floor":["M","?","M","?","M","R","E","R","T","E","T","M","R","E","R","B",null,"M","?","M","?","M","R","M","E","T","M","E","M","?","E","R","B",null,"M","?","?","M","M","R","T","M","T","?","E","R","E","M","R","B",null,"R","$","E","B"],"character_chosen":"WATCHER","items_purchased":["Bottled Flame","Whetstone","StrikeDummy","AttackPotion"],"campfire_rested":5,"item_purchase_floors":[53,53,53,53],"current_hp_per_floor":[65,65,55,55,34,34,6,27,27,27,27,18,39,33,33,36,72,48,48,48,48,48,48,48,14,14,14,14,14,5,5,26,13,72,60,60,55,20,20,41,41,41,41,1,26,26,18,15,36,14,72,72,72,62,0,0],"gold":233,"neow_bonus":"THREE_RARE_CARDS","is_daily":false,"chose_seed":false,"campfire_upgraded":4,"win_rate":0.0,"timestamp":1608735776,"path_taken":["M","?","M","?","?","R","E","R","T","E","?","?","R","E","R","BOSS","M","?","M","?","M","R","M","E","T","M","E","M","?","E","R","BOSS","M","?","?","M","M","R","?","M","T","?","E","R","E","M","R","BOSS","R","$","E","BOSS"],"items_purchased_type":["Relic","Relic","Relic","Potion"],"build_version":"2020-12-22","purchased_purges":0,"victory":false,"max_hp_per_floor":[72,72,72,72,72,72,72,72,72,72,72,72,72,72,72,72,72,72,72,72,72,72,72,72,72,72,72,72,72,72,72,72,72,72,72,72,72,72,72,72,72,72,72,72,72,72,72,72,72,72,72,72,72,72,72,72],"card_choices":[{"not_picked":["Vault","Omniscience"],"picked":"Wish","floor":0.0},{"not_picked":["ThirdEye","Crescendo"],"picked":"Sanctity","floor":1.0},{"not_picked":["EmptyBody","JustLucky"],"picked":"FlyingSleeves","floor":3.0},{"not_picked":["FearNoEvil","EmptyBody"],"picked":"EmptyFist","floor":5.0},{"not_picked":["ThirdEye","Consecrate"],"picked":"Prostrate","floor":7.0},{"not_picked":["Crescendo","PathToVictory"],"picked":"InnerPeace","floor":10.0},{"not_picked":["Prostrate","FlyingSleeves+1"],"picked":"JustLucky+1","floor":12.0},{"not_picked":["Indignation","CrushJoints+1"],"picked":"Nirvana","floor":14.0},{"not_picked":["SpiritShield","LessonLearned+1"],"picked":"Omniscience","floor":16.0},{"not_picked":["CrushJoints+1","SashWhip+1"],"picked":"MentalFortress+1","floor":18.0},{"not_picked":["Halt","Prostrate+1"],"picked":"FlurryOfBlows+1","floor":20.0},{"not_picked":["FlyingSleeves+1","BattleHymn+1"],"picked":"Ragnarok+1","floor":22.0},{"not_picked":["Meditate","PathToVictory+1"],"picked":"EmptyMind","floor":24.0},{"not_picked":["EmptyFist+1","Crescendo"],"picked":"CutThroughFate+1","floor":25.0},{"not_picked":["WaveOfTheHand","Sanctity"],"picked":"ClearTheMind","floor":27.0},{"not_picked":["SpiritShield","InnerPeace"],"picked":"FlyingSleeves+1","floor":28.0},{"not_picked":["Swivel","SashWhip+1"],"picked":"FlurryOfBlows+1","floor":29.0},{"not_picked":["CarveReality+1","FearNoEvil+1"],"picked":"Consecrate+1","floor":31.0},{"not_picked":["DeusExMachina","Establishment+1"],"picked":"Alpha","floor":33.0},{"not_picked":["ClearTheMind"],"picked":"SKIP","floor":35.0},{"not_picked":[],"picked":"Good Instincts","floor":37.0},{"not_picked":[],"picked":"Dramatic Entrance+1","floor":37.0},{"not_picked":[],"picked":"LikeWater+1","floor":38.0},{"not_picked":[],"picked":"FlyingSleeves+1","floor":39.0},{"not_picked":["Nirvana+1"],"picked":"SKIP","floor":42.0},{"not_picked":[],"picked":"Conclude+1","floor":45.0},{"not_picked":["CrushJoints+1"],"picked":"SKIP","floor":47.0},{"not_picked":["ClearTheMind"],"picked":"SKIP","floor":48.0},{"not_picked":[],"picked":"Halt+1","floor":54}],"player_experience":173207,"relics_obtained":[{"floor":7.0,"key":"Darkstone Periapt"},{"floor":9.0,"key":"Molten Egg 2"},{"floor":10.0,"key":"Pantograph"},{"floor":11.0,"key":"Letter Opener"},{"floor":14.0,"key":"Thread and Needle"},{"floor":25.0,"key":"MealTicket"},{"floor":26.0,"key":"Ornamental Fan"},{"floor":28.0,"key":"Anchor"},{"floor":31.0,"key":"Frozen Egg 2"},{"floor":41.0,"key":"Sundial"},{"floor":44.0,"key":"Lizard Tail"},{"floor":45.0,"key":"Bottled Lightning"},{"floor":47.0,"key":"Ancient Tea Set"},{"floor":54,"key":"LetterFromLob"},{"floor":54,"key":"Kunai"}],"event_choices":[{"damage_healed":0.0,"max_hp_gain":0.0,"max_hp_loss":0.0,"gold_gain":0.0,"event_name":"Big Fish","player_choice":"Box","floor":2.0,"gold_loss":0.0,"damage_taken":0.0,"relics_obtained":["Pen Nib"],"cards_obtained":["Regret"]},{"cards_removed":["Regret"],"damage_healed":0.0,"max_hp_gain":0.0,"max_hp_loss":0.0,"gold_gain":0.0,"event_name":"Fountain of Cleansing","player_choice":"Removed Curses","floor":4.0,"gold_loss":0.0,"damage_taken":0.0},{"damage_healed":0.0,"max_hp_gain":0.0,"max_hp_loss":0.0,"gold_gain":0.0,"event_name":"Addict","player_choice":"Obtained Relic","floor":19.0,"gold_loss":85.0,"damage_taken":0.0,"relics_obtained":["Mercury Hourglass"]},{"damage_healed":0.0,"max_hp_gain":0.0,"max_hp_loss":0.0,"gold_gain":0.0,"event_name":"Drug Dealer","player_choice":"Inject Mutagens","floor":21.0,"gold_loss":0.0,"damage_taken":0.0,"relics_obtained":["MutagenicStrength"]},{"damage_healed":0.0,"max_hp_gain":0.0,"max_hp_loss":0.0,"gold_gain":0.0,"event_name":"Cursed Tome","player_choice":"Stopped","floor":30.0,"gold_loss":0.0,"damage_taken":9.0},{"damage_healed":0.0,"max_hp_gain":0.0,"max_hp_loss":0.0,"gold_gain":0.0,"event_name":"Tomb of Lord Red Mask","player_choice":"Ignored","floor":36.0,"gold_loss":0.0,"damage_taken":0.0},{"damage_healed":0.0,"max_hp_gain":0.0,"max_hp_loss":0.0,"gold_gain":0.0,"event_name":"SensoryStone","player_choice":"Memory 2","floor":37.0,"gold_loss":0.0,"damage_taken":5.0},{"damage_healed":0.0,"max_hp_gain":0.0,"max_hp_loss":0.0,"gold_gain":0.0,"event_name":"Mysterious Sphere","player_choice":"Fight","floor":44.0,"gold_loss":0.0,"damage_taken":0.0}],"is_beta":false,"boss_relics":[{"not_picked":["Empty Cage","Astrolabe"],"picked":"HolyWater"},{"not_picked":["Runic Pyramid","Runic Dome"],"picked":"Busted Crown"}],"items_purged_floors":[],"is_endless":false,"potions_floor_spawned":[1,7,12,16,24,27,28,42,45,48],"killed_by":"The Heart","ascension_level":0}}