{"host":"h8k9dndf1ns7wsjc","time":1608701119,"event":{"mods":["2.2 Compatiblity","AchievementEnabler","Act Like it!","BaseMod","Better Altar","Better Skull","Better Vampires","BetterRewards","Communication Mod","Minty Spire (QoL Compilation)","Permanent Neow","Remove Card Discount Mod","Spicy Shops","StSLib"],"gold_per_floor":[119,294,294,313,26,53,328,343,366,366,408,109,118,140,140,251,251,279,279,21,42,42,42,79,79,136,156,165,177,177,177,186,186,186],"floor_reached":33,"playtime":1529,"items_purged":["Normality","Doubt","Regret","Parasite","Strike_R","Strike_R"],"score":407,"play_id":"28066883-0887-4795-acc0-59a2b06e10a0","local_time":"20201223062519","is_ascension_mode":true,"campfire_choices":[{"floor":10,"key":"REST"},{"data":"Dark Embrace","floor":15,"key":"SMITH"},{"data":"Corruption","floor":23,"key":"SMITH"},{"data":"Whirlwind","floor":25,"key":"SMITH"},{"floor":28,"key":"REST"},{"data":"Feel No Pain","floor":30,"key":"SMITH"},{"floor":32,"key":"REST"}],"circlet_count":0,"master_deck":["AscendersBane","Strike_R","Strike_R","Strike_R","Defend_R","Defend_R","Defend_R","Defend_R","Bash+1","Armaments","Feel No Pain","Hemokinesis","Dark Embrace+1","Warcry","Sentinel","Combust","Whirlwind+1","Double Tap","Corruption+1","Feel No Pain+1","Rupture","True Grit+1","Writhe","Twin Strike+1","Warcry","Clothesline+1"],"relics":["Burning Blood","Strange Spoon","Vajra","Red Skull","CeramicFish","Charon\u0027s Ashes","Strawberry","Oddly Smooth Stone","Cursed Key","Meat on the Bone","Blood Vial","Dream Catcher"],"acts_visited":["Exordium","TheCity"],"potions_floor_usage":[16,24,24,24,24,24],"damage_taken":[{"damage":2,"enemies":"2 Louse","floor":1,"turns":4},{"damage":10,"enemies":"Small Slimes","floor":4,"turns":5},{"damage":51,"enemies":"Lagavulin","floor":6,"turns":8},{"damage":13,"enemies":"Cultist","floor":8,"turns":4},{"damage":38,"enemies":"3 Sentries","floor":11,"turns":9},{"damage":2,"enemies":"Exordium Thugs","floor":14,"turns":4},{"damage":40,"enemies":"Slime Boss","floor":16,"turns":9},{"damage":8,"enemies":"Chosen","floor":18,"turns":4},{"damage":24,"enemies":"Shell Parasite","floor":21,"turns":5},{"damage":32,"enemies":"Gremlin Leader","floor":24,"turns":5},{"damage":41,"enemies":"Shelled Parasite and Fungi","floor":27,"turns":6},{"damage":11,"enemies":"Snecko","floor":29,"turns":3},{"damage":86,"enemies":"Automaton","floor":33,"turns":8}],"seed_played":"-3748983246023341730","potions_obtained":[{"floor":8,"key":"SneckoOil"},{"floor":16,"key":"Regen Potion"},{"floor":18,"key":"BloodPotion"},{"floor":21,"key":"EntropicBrew"},{"floor":24,"key":"Strength Potion"}],"is_trial":false,"path_per_floor":["M","?","?","M","$","E","?","M","T","R","E","$","?","M","R","B",null,"M","?","$","M","$","R","E","R","T","M","R","M","R","?","R","B"],"character_chosen":"IRONCLAD","items_purchased":["Strange Spoon","Dark Embrace","Vajra","Strawberry","Oddly Smooth Stone","Whirlwind","Meat on the Bone"],"campfire_rested":3,"item_purchase_floors":[5,5,5,12,12,12,20],"current_hp_per_floor":[76,76,76,72,72,27,27,20,20,44,12,19,40,44,44,10,68,66,71,71,53,53,53,55,55,55,34,59,56,56,56,81,0,0],"gold":186,"neow_bonus":"THREE_CARDS","is_daily":false,"chose_seed":false,"campfire_upgraded":4,"win_rate":0.0,"timestamp":1608701119,"path_taken":["M","?","?","M","$","E","?","?","T","R","E","$","?","M","R","BOSS","M","?","$","M","$","R","E","R","T","M","R","?","R","?","R","BOSS"],"items_purchased_type":["Relic","Card","Relic","Relic","Relic","Card","Relic"],"build_version":"2020-12-22","purchased_purges":6,"victory":false,"max_hp_per_floor":[80,80,80,80,80,80,80,80,80,80,80,87,87,87,87,87,87,87,87,84,84,84,84,84,84,84,84,84,84,84,84,84,84,84],"card_choices":[{"not_picked":["Sword Boomerang","Blood for Blood"],"picked":"Armaments","floor":0},{"not_picked":["Clash","Pummel"],"picked":"Feel No Pain","floor":1},{"not_picked":["Clash","Blood for Blood"],"picked":"Hemokinesis","floor":4},{"not_picked":["Dropkick","Havoc"],"picked":"Warcry","floor":6},{"not_picked":["Body Slam","Dual Wield"],"picked":"Sentinel","floor":8},{"not_picked":["Entrench","Dark Embrace"],"picked":"Combust","floor":11},{"not_picked":["Flex","Second Wind"],"picked":"Double Tap","floor":14},{"not_picked":["Exhume","Demon Form"],"picked":"Corruption","floor":16},{"not_picked":["Heavy Blade","True Grit"],"picked":"Feel No Pain","floor":18},{"not_picked":["Anger","Blood for Blood+1"],"picked":"Rupture","floor":21},{"not_picked":["Rampage","Anger"],"picked":"True Grit+1","floor":24},{"not_picked":["Whirlwind","Sword Boomerang"],"picked":"Twin Strike+1","floor":27},{"not_picked":["Corruption","Heavy Blade"],"picked":"Warcry","floor":28},{"not_picked":["Headbutt","Uppercut","Burning Pact"],"picked":"SKIP","floor":29},{"not_picked":["Havoc","Armaments+1"],"picked":"Clothesline+1","floor":32}],"player_experience":425587,"relics_obtained":[{"floor":6,"key":"Red Skull"},{"floor":9,"key":"CeramicFish"},{"floor":11,"key":"Charon\u0027s Ashes"},{"floor":24,"key":"Blood Vial"},{"floor":26,"key":"Dream Catcher"}],"event_choices":[{"damage_healed":0,"gold_gain":175,"player_choice":"AGREE","damage_taken":0,"max_hp_gain":0,"max_hp_loss":0,"event_name":"Liars Game","floor":2,"gold_loss":0,"cards_obtained":["Doubt"]},{"damage_healed":0,"gold_gain":0,"player_choice":"Grow","damage_taken":0,"max_hp_gain":0,"max_hp_loss":0,"event_name":"Living Wall","floor":3,"gold_loss":0,"cards_upgraded":["Bash"]},{"damage_healed":0,"gold_gain":275,"player_choice":"Desecrate","damage_taken":0,"max_hp_gain":0,"max_hp_loss":0,"event_name":"Golden Shrine","floor":7,"gold_loss":0,"cards_obtained":["Regret"]},{"damage_healed":21,"gold_gain":0,"player_choice":"Healed and dodged fight","damage_taken":0,"max_hp_gain":0,"max_hp_loss":0,"event_name":"Mushrooms","floor":13,"gold_loss":0,"cards_obtained":["Parasite"]},{"damage_healed":5,"gold_gain":0,"player_choice":"LEAVE ","damage_taken":0,"relics_obtained":[],"max_hp_gain":0,"max_hp_loss":0,"event_name":"betterSkull:BetterSkull","floor":19,"gold_loss":0,"cards_upgraded":[]},{"damage_healed":0,"gold_gain":0,"player_choice":"Ignored","damage_taken":0,"max_hp_gain":0,"max_hp_loss":0,"event_name":"Ghosts","floor":31,"gold_loss":0}],"is_beta":false,"boss_relics":[{"not_picked":["Runic Pyramid","Empty Cage"],"picked":"Cursed Key"}],"items_purged_floors":[5,5,12,20,20,20],"is_endless":false,"potions_floor_spawned":[8,16,18,21,24],"killed_by":"Automaton","ascension_level":10}}