{"host":"30jsp143e4v19aze","time":1608727094,"event":{"mods":["BaseMod","Colored Map","Colored Powertips","Curses Come First","DeckTracker","Highlight Path","Minty Spire (QoL Compilation)","Quick Restart","Relic Stats","StSLib"],"gold_per_floor":[112,125,125,11,11,38,38,52,52,72,72,106,106,66,66,169,169,186,200,211,211,231,231,78,78,102,133,158,158,158,158],"floor_reached":30,"playtime":1206,"items_purged":["Strike_B"],"score":307,"play_id":"1d4f34b7-1438-4981-a18b-97ac5eb04039","local_time":"20201223133814","is_ascension_mode":true,"campfire_choices":[{"data":"Barrage","floor":7,"key":"SMITH"},{"data":"Capacitor","floor":13,"key":"SMITH"},{"data":"Self Repair","floor":15,"key":"SMITH"},{"data":"Loop","floor":23,"key":"SMITH"},{"data":"Thunder Strike","floor":25,"key":"SMITH"},{"floor":29,"key":"REST"}],"circlet_count":0,"master_deck":["Strike_B","Strike_B","Defend_B","Defend_B","Defend_B","Defend_B","Zap","Dualcast","Static Discharge+1","Skim","Tempest+1","Self Repair+1","Barrage+1","Auto Shields","Capacitor+1","Thunder Strike+1","BootSequence+1","Cold Snap","Loop+1","Undo+1","Fusion"],"relics":["Cracked Core","Lizard Tail","Calipers","Singing Bowl","Inserter","Tiny Chest","Du-Vu Doll","PreservedInsect"],"acts_visited":["Exordium","TheCity"],"potions_floor_usage":[12,12,16,22,22,27,30],"damage_taken":[{"damage":1,"enemies":"Cultist","floor":1,"turns":4},{"damage":6,"enemies":"Jaw Worm","floor":2,"turns":4},{"damage":37,"enemies":"Lagavulin","floor":6,"turns":5},{"damage":8,"enemies":"2 Louse","floor":8,"turns":3},{"damage":1,"enemies":"2 Fungi Beasts","floor":10,"turns":4},{"damage":34,"enemies":"3 Sentries","floor":12,"turns":9},{"damage":23,"enemies":"Hexaghost","floor":16,"turns":7},{"damage":21,"enemies":"Chosen","floor":18,"turns":6},{"damage":26,"enemies":"Spheric Guardian","floor":19,"turns":5},{"damage":35,"enemies":"Centurion and Healer","floor":20,"turns":5},{"damage":44,"enemies":"Chosen and Byrds","floor":22,"turns":5},{"damage":28,"enemies":"Gremlin Leader","floor":27,"turns":4},{"damage":60,"enemies":"3 Cultists","floor":30,"turns":4}],"seed_played":"-6839685322428803800","potions_obtained":[{"floor":2,"key":"Dexterity Potion"},{"floor":8,"key":"SpeedPotion"},{"floor":14,"key":"FairyPotion"},{"floor":14,"key":"DuplicationPotion"},{"floor":16,"key":"Fire Potion"},{"floor":18,"key":"EssenceOfSteel"},{"floor":20,"key":"Energy Potion"},{"floor":21,"key":"DuplicationPotion"},{"floor":27,"key":"FocusPotion"}],"is_trial":false,"path_per_floor":["M","M","?","$","?","E","R","M","T","M","?","E","R","?","R","B",null,"M","M","M","?","M","R","$","R","T","E","T","R","M"],"character_chosen":"DEFECT","items_purchased":["Self Repair","DuplicationPotion","Fusion"],"campfire_rested":1,"item_purchase_floors":[4,4,24],"current_hp_per_floor":[74,68,68,68,68,38,38,37,37,43,36,11,11,11,11,25,77,66,50,25,25,48,48,48,48,48,32,32,55,0,0],"gold":158,"neow_bonus":"THREE_CARDS","is_daily":false,"chose_seed":false,"campfire_upgraded":5,"win_rate":0.0,"timestamp":1608727094,"path_taken":["M","M","?","$","?","E","R","M","T","?","?","E","R","?","R","BOSS","M","M","?","?","?","R","$","R","T","E","?","R","M"],"items_purchased_type":["Card","Potion","Card"],"build_version":"2020-12-22","purchased_purges":1,"victory":false,"max_hp_per_floor":[75,75,75,75,75,75,75,75,75,75,75,77,77,77,77,77,77,77,77,77,77,77,77,77,77,77,79,79,79,79,79],"relic_stats":{"Lizard Tail":38,"Inserter":[14],"Singing Bowl":4,"counters":[13,65],"Tiny Chest":0,"PreservedInsect":0,"obtain_stats":[{"Du-Vu Doll":27,"Lizard Tail":6,"Calipers":9,"Inserter":17,"Singing Bowl":12,"Tiny Chest":26,"PreservedInsect":28,"Cracked Core":0},{"Du-Vu Doll":12,"Lizard Tail":3,"Calipers":4,"Inserter":7,"Singing Bowl":6,"Tiny Chest":11,"PreservedInsect":12,"Cracked Core":0},{"Du-Vu Doll":61,"Lizard Tail":13,"Calipers":16,"Inserter":36,"Singing Bowl":29,"Tiny Chest":57,"PreservedInsect":61,"Cracked Core":0}]},"card_choices":[{"not_picked":["Heatsinks","Go for the Eyes"],"picked":"Static Discharge","floor":0},{"not_picked":["Beam Cell","Compile Driver"],"picked":"Skim","floor":1},{"not_picked":["Compile Driver","Double Energy"],"picked":"Tempest","floor":2},{"not_picked":["Meteor Strike","Stack"],"picked":"Barrage","floor":6},{"not_picked":["Hello World","Gash"],"picked":"Auto Shields","floor":8},{"not_picked":["Turbo","Go for the Eyes"],"picked":"Capacitor","floor":10},{"not_picked":["Melter","Redo","Compile Driver"],"picked":"Singing Bowl","floor":12},{"not_picked":["Core Surge","Amplify"],"picked":"Thunder Strike","floor":16},{"not_picked":["Reinforced Body","Beam Cell+1"],"picked":"BootSequence+1","floor":18},{"not_picked":["Sweeping Beam+1","Capacitor"],"picked":"Cold Snap","floor":19},{"not_picked":["Gash","Barrage+1"],"picked":"Loop","floor":20},{"not_picked":["Heatsinks+1","Steam+1"],"picked":"Undo+1","floor":22},{"not_picked":["Storm","Beam Cell","Conserve Battery"],"picked":"Singing Bowl","floor":27}],"player_experience":3086961,"relics_obtained":[{"floor":6,"key":"Lizard Tail"},{"floor":9,"key":"Calipers"},{"floor":12,"key":"Singing Bowl"},{"floor":26,"key":"Tiny Chest"},{"floor":27,"key":"Du-Vu Doll"},{"floor":28,"key":"PreservedInsect"}],"event_choices":[{"damage_healed":0,"gold_gain":0,"player_choice":"Grow","damage_taken":0,"max_hp_gain":0,"max_hp_loss":0,"event_name":"Living Wall","floor":3,"gold_loss":0,"cards_upgraded":["Tempest"]},{"damage_healed":0,"gold_gain":0,"player_choice":"Upgraded","damage_taken":0,"max_hp_gain":0,"max_hp_loss":0,"event_name":"Upgrade Shrine","floor":5,"gold_loss":0,"cards_upgraded":["Static Discharge"]},{"cards_removed":["Strike_B"],"damage_healed":0,"gold_gain":0,"player_choice":"Card Removal","damage_taken":7,"max_hp_gain":0,"max_hp_loss":0,"event_name":"Golden Wing","floor":11,"gold_loss":0},{"damage_healed":0,"gold_gain":0,"player_choice":"Bought 3 Potions","damage_taken":0,"max_hp_gain":0,"max_hp_loss":0,"event_name":"The Woman in Blue","floor":14,"gold_loss":0},{"damage_healed":0,"gold_gain":0,"player_choice":"Got Potions","damage_taken":0,"max_hp_gain":0,"max_hp_loss":0,"event_name":"Lab","floor":21,"gold_loss":0}],"is_beta":false,"boss_relics":[{"not_picked":["Tiny House","Runic Pyramid"],"picked":"Inserter"}],"items_purged_floors":[24],"is_endless":false,"potions_floor_spawned":[2,8,10,16,18,20,27],"killed_by":"3 Cultists","ascension_level":4}}