{"host":"ifd7sfhtlbe34qll","time":1608760343,"event":{"mods":["2.2 Compatiblity","Ascension Unlocker","BaseMod","Block Reminder","Colored Map","Downfall","Highlight Path","Minty Spire (QoL Compilation)","Potion Indicator Mod","Quick Restart","Random Character Button","Relic Stats","StSLib"],"gold_per_floor":[99,99,99,99,131,32,32,32,61,61,72,92,107,107,125,125,125],"floor_reached":16,"playtime":1090,"items_purged":[],"score":266,"play_id":"39a7e0fe-d48e-46f1-8d1d-bfe032e1e9a0","local_time":"20201223155223","is_ascension_mode":true,"campfire_choices":[{"data":"Slimebound:Split","floor":1,"key":"SMITH"},{"data":"Slimebound:LeadByExample","floor":8,"key":"SMITH"},{"floor":10,"key":"REST"}],"circlet_count":0,"master_deck":["AscendersBane","Slimebound:Strike_Slimebound","Slimebound:Strike_Slimebound+1","Slimebound:Strike_Slimebound","Slimebound:Tackle+1","Slimebound:Defend_Slimebound","Slimebound:Defend_Slimebound","Slimebound:Defend_Slimebound","Slimebound:Defend_Slimebound","Slimebound:Split+1","Slimebound:CorrosiveSpit+1","Slimebound:RollThrough","Slimebound:ComboTackle","Slimebound:GoopTackle","Slimebound:GoopSpray","Slimebound:LeadByExample+1","Slimebound:Teamwork+1","Slimebound:SlimeBarrage","Slimebound:ComboTackle","Slimebound:FinishingTackle","Regret","Slimebound:Dissolve"],"relics":["Slimebound:AbsorbEndCombat","downfall:HeartsMalice","Orichalcum","HornCleat","Tiny Chest"],"acts_visited":["Exordium"],"potions_floor_usage":[12,16],"damage_taken":[{"damage":0,"enemies":"Jaw Worm","floor":2,"turns":1},{"damage":0,"enemies":"Cultist","floor":4,"turns":1},{"damage":0,"enemies":"Lagavulin","floor":5,"turns":1},{"damage":35,"enemies":"downfall:FleeingMerchant","floor":6,"turns":4},{"damage":35,"enemies":"Gremlin Nob","floor":9,"turns":4},{"damage":0,"enemies":"2 Louse","floor":11,"turns":2},{"damage":27,"enemies":"Exordium Wildlife","floor":12,"turns":3},{"damage":8,"enemies":"Blue Slaver","floor":13,"turns":3},{"damage":6,"enemies":"Exordium Thugs","floor":15,"turns":3},{"damage":26,"enemies":"downfall:Ironclad","floor":16,"turns":4}],"seed_played":"-8434717848957937415","potions_obtained":[{"floor":9,"key":"SteroidPotion"},{"floor":11,"key":"champ:CounterPotion"},{"floor":12,"key":"BlessingOfTheForge"}],"is_trial":false,"path_per_floor":["R","M","?","M","E","$","T","R","E","R","M","M","M","?","M","B"],"character_chosen":"SLIMEBOUND","items_purchased":["Slimebound:LeadByExample"],"campfire_rested":1,"item_purchase_floors":[6],"current_hp_per_floor":[49,49,49,49,49,46,46,46,23,39,43,28,24,24,20,0,0],"gold":125,"neow_bonus":"THREE_ENEMY_KILL","is_daily":false,"chose_seed":false,"campfire_upgraded":2,"win_rate":0.0,"timestamp":1608760343,"path_taken":["R","M","?","M","E","$","T","R","E","R","?","M","?","?","M","BOSS"],"items_purchased_type":["Card"],"build_version":"2020-12-22","purchased_purges":0,"victory":false,"max_hp_per_floor":[54,54,54,54,54,54,54,54,54,54,54,54,54,54,54,54,54],"relic_stats":{"counters":[10,23],"Tiny Chest":0,"Orichalcum":[36],"obtain_stats":[{"HornCleat":7,"downfall:HeartsMalice":0,"Tiny Chest":9,"Slimebound:AbsorbEndCombat":0,"Orichalcum":5},{"HornCleat":4,"downfall:HeartsMalice":0,"Tiny Chest":5,"Slimebound:AbsorbEndCombat":0,"Orichalcum":3},{"HornCleat":4,"downfall:HeartsMalice":0,"Tiny Chest":8,"Slimebound:AbsorbEndCombat":0,"Orichalcum":0}]},"card_choices":[{"not_picked":["Slimebound:Prepare","Slimebound:PressTheAttack"],"picked":"Slimebound:RollThrough","floor":2},{"not_picked":["Slimebound:PressTheAttack","Slimebound:SlimeSpikes"],"picked":"Slimebound:ComboTackle","floor":4},{"not_picked":["Slimebound:SlimeTap","Slimebound:Repurpose"],"picked":"Slimebound:GoopTackle","floor":5},{"not_picked":["Slimebound:SplitMire","Slimebound:SamplingLick"],"picked":"Slimebound:GoopSpray","floor":6},{"not_picked":["Slimebound:PressTheAttack","Slimebound:RollThrough"],"picked":"Slimebound:Teamwork","floor":9},{"not_picked":["Slimebound:GoopSpray","Slimebound:GrowthPunch"],"picked":"Slimebound:SlimeBarrage","floor":11},{"not_picked":["Slimebound:GoopSpray","Slimebound:SlimeSpikes"],"picked":"Slimebound:ComboTackle","floor":12},{"not_picked":["Slimebound:GoopSpray","Slimebound:ComboTackle"],"picked":"Slimebound:FinishingTackle","floor":13},{"not_picked":["Slimebound:SlimeBarrage","Slimebound:GoopSpray"],"picked":"Slimebound:Dissolve","floor":15}],"player_experience":1613871,"relics_obtained":[{"floor":5,"key":"Orichalcum"},{"floor":7,"key":"HornCleat"},{"floor":9,"key":"Tiny Chest"}],"event_choices":[{"damage_healed":0,"gold_gain":0,"player_choice":"Upgraded","damage_taken":0,"max_hp_gain":0,"max_hp_loss":0,"event_name":"Upgrade Shrine","floor":3,"gold_loss":0,"cards_upgraded":["Slimebound:CorrosiveSpit"]}],"is_beta":false,"boss_relics":[],"items_purged_floors":[],"is_endless":false,"potions_floor_spawned":[9,11,12],"killed_by":"downfall:Ironclad","ascension_level":20}}