{"host":"dcj2yvrgcvh5dl2s","time":1608717869,"event":{"mods":["BaseMod","Better Note","Block Reminder","Colored Powertips","DeckTracker","Minty Spire (QoL Compilation)","Quick Restart","Rare Cards Sparkle","Relic Stats","StSLib"],"gold_per_floor":[110,123,142,92,92,92,119,129,184,184,184,6,20,20,20,99,99,110,130,130,55,105,105,134,134,134],"floor_reached":25,"playtime":560,"items_purged":["Strike_R"],"score":372,"play_id":"38721f90-7bd9-437d-bb02-e2bbb22f6da8","local_time":"20201223200429","is_ascension_mode":true,"campfire_choices":[{"data":"Pommel Strike","floor":6,"key":"SMITH"},{"floor":11,"key":"REST"},{"floor":15,"key":"REST"},{"data":"Body Slam","floor":23,"key":"SMITH"}],"circlet_count":0,"master_deck":["AscendersBane","Defend_R","Defend_R","Defend_R+1","Bash","Fire Breathing","Pommel Strike+1","Thunderclap","Body Slam+1","Flex","Reaper","Pommel Strike","RitualDagger","Heavy Blade"],"relics":["Burning Blood","StrikeDummy","Art of War","Sozu","Happy Flower"],"acts_visited":["Exordium","TheCity"],"potions_floor_usage":[7,8,16],"damage_taken":[{"damage":14,"enemies":"Jaw Worm","floor":1,"turns":6},{"damage":16,"enemies":"Small Slimes","floor":2,"turns":5},{"damage":2,"enemies":"2 Louse","floor":3,"turns":3},{"damage":30,"enemies":"Gremlin Nob","floor":7,"turns":4},{"damage":5,"enemies":"Red Slaver","floor":8,"turns":3},{"damage":10,"enemies":"2 Fungi Beasts","floor":13,"turns":3},{"damage":46,"enemies":"Hexaghost","floor":16,"turns":8},{"damage":0,"enemies":"Spheric Guardian","floor":18,"turns":3},{"damage":0,"enemies":"Chosen","floor":19,"turns":4},{"damage":57,"enemies":"Slavers","floor":24,"turns":8},{"damage":28,"enemies":"Snake Plant","floor":25,"turns":3}],"seed_played":"8717036732672612930","potions_obtained":[{"floor":1,"key":"SkillPotion"},{"floor":2,"key":"SkillPotion"},{"floor":8,"key":"ColorlessPotion"}],"is_trial":false,"path_per_floor":["M","M","M","?","?","R","E","M","T","?","R","$","M","$","R","B",null,"M","M","?","?","?","R","E","M"],"character_chosen":"IRONCLAD","items_purchased":["Body Slam","Flex"],"campfire_rested":2,"item_purchase_floors":[12,12],"current_hp_per_floor":[60,50,54,54,40,40,16,17,17,17,37,37,33,33,53,13,54,66,68,62,62,62,62,23,0,0],"gold":134,"neow_bonus":"REMOVE_TWO","is_daily":false,"chose_seed":false,"campfire_upgraded":2,"win_rate":0.0,"timestamp":1608717869,"path_taken":["M","M","M","?","?","R","E","M","T","?","R","$","M","$","R","BOSS","M","M","?","?","?","R","E","M"],"items_purchased_type":["Card","Card"],"build_version":"2020-12-22","purchased_purges":1,"victory":false,"max_hp_per_floor":[68,68,68,68,68,68,68,68,68,68,68,68,68,68,68,68,68,68,68,68,68,68,68,68,68,68],"relic_stats":{"Sozu":2,"Happy Flower":[1],"counters":[11,50],"Art of War":[1],"obtain_stats":[{"Sozu":17,"Happy Flower":24,"Art of War":9,"StrikeDummy":7,"Burning Blood":0},{"Sozu":7,"Happy Flower":10,"Art of War":5,"StrikeDummy":4,"Burning Blood":0},{"Sozu":32,"Happy Flower":47,"Art of War":21,"StrikeDummy":18,"Burning Blood":0}],"Burning Blood":56},"card_choices":[{"not_picked":["Dual Wield","Headbutt"],"picked":"Fire Breathing","floor":1},{"not_picked":["Second Wind","Seeing Red"],"picked":"Pommel Strike","floor":2},{"not_picked":["Armaments","Bloodletting","Warcry"],"picked":"SKIP","floor":3},{"not_picked":["Iron Wave","Fire Breathing"],"picked":"Thunderclap","floor":7},{"not_picked":["Clash","Combust","Hemokinesis"],"picked":"SKIP","floor":8},{"not_picked":["Iron Wave","Searing Blow","Clothesline"],"picked":"SKIP","floor":13},{"not_picked":["Impervious","Limit Break"],"picked":"Reaper","floor":16},{"not_picked":["Warcry","Havoc+1"],"picked":"Pommel Strike","floor":18},{"not_picked":["Hemokinesis","Entrench","Power Through"],"picked":"SKIP","floor":19},{"not_picked":["Corruption","Perfected Strike"],"picked":"Heavy Blade","floor":24}],"player_experience":2017222,"relics_obtained":[{"floor":7,"key":"StrikeDummy"},{"floor":9,"key":"Art of War"},{"floor":24,"key":"Happy Flower"}],"event_choices":[{"cards_removed":["Strike_R"],"damage_healed":0,"gold_gain":0,"player_choice":"Card Removal","damage_taken":0,"max_hp_gain":0,"max_hp_loss":0,"event_name":"The Cleric","floor":4,"gold_loss":50},{"damage_healed":0,"gold_gain":0,"player_choice":"Entered Light","damage_taken":14,"max_hp_gain":0,"max_hp_loss":0,"event_name":"Shining Light","floor":5,"gold_loss":0,"cards_upgraded":["Defend_R","Strike_R"]},{"cards_removed":["Defend_R"],"damage_healed":0,"gold_gain":0,"player_choice":"Forget","damage_taken":0,"max_hp_gain":0,"max_hp_loss":0,"event_name":"Living Wall","floor":10,"gold_loss":0},{"damage_healed":0,"gold_gain":0,"player_choice":"Joined the Cult","damage_taken":6,"max_hp_gain":0,"max_hp_loss":0,"event_name":"Nest","floor":20,"gold_loss":0,"cards_obtained":["RitualDagger"]},{"cards_removed":["Strike_R"],"damage_healed":0,"gold_gain":0,"player_choice":"Gave Gold","damage_taken":0,"max_hp_gain":0,"max_hp_loss":0,"event_name":"Beggar","floor":21,"gold_loss":75},{"damage_healed":0,"gold_gain":100,"player_choice":"Bet on Murderer","damage_taken":0,"max_hp_gain":0,"max_hp_loss":0,"event_name":"The Joust","floor":22,"gold_loss":50}],"is_beta":false,"boss_relics":[{"not_picked":["Mark of Pain","Pandora\u0027s Box"],"picked":"Sozu"}],"items_purged_floors":[12],"is_endless":false,"potions_floor_spawned":[1,2,8,19,24],"killed_by":"Snake Plant","ascension_level":14}}