{"host":"newqdrzxfhh2im9e","time":1608752984,"event":{"mods":["AchievementEnabler","BaseMod","BetterRewards","Block Reminder","Colored Map","Jorbs\u0027s Wanderer Trilogy","Minty Spire (QoL Compilation)","Rare Cards Sparkle","Shop Mod","StSLib"],"gold_per_floor":[11,11,11,11,27,27,76,88,88,121,131,146,166,341,341,341,341],"floor_reached":16,"playtime":351,"items_purged":[],"score":123,"play_id":"0b3596c8-0f8c-4d19-b5fd-5b662c859908","local_time":"20201223114944","is_ascension_mode":true,"campfire_choices":[{"data":"White Noise","floor":6,"key":"SMITH"},{"floor":15,"key":"REST"}],"circlet_count":0,"master_deck":["Strike_B","Strike_B","Strike_B","Strike_B","Defend_B","Defend_B","Defend_B","Defend_B","Zap","Dualcast","Electrodynamics+1","White Noise+1","Regret","Doom and Gloom","Conserve Battery","Tempest","Double Energy","Doubt","Hyperbeam"],"relics":["Cracked Core","Blue Candle","Regal Pillow","Vajra","Dream Catcher"],"acts_visited":["Exordium"],"potions_floor_usage":[7,8],"damage_taken":[{"damage":5,"enemies":"Small Slimes","floor":1,"turns":2},{"damage":0,"enemies":"2 Louse","floor":5,"turns":1},{"damage":32,"enemies":"Lagavulin","floor":7,"turns":4},{"damage":3,"enemies":"Jaw Worm","floor":8,"turns":3},{"damage":23,"enemies":"3 Sentries","floor":10,"turns":3},{"damage":11,"enemies":"Lots of Slimes","floor":11,"turns":2},{"damage":0,"enemies":"Gremlin Gang","floor":12,"turns":1},{"damage":0,"enemies":"2 Fungi Beasts","floor":13,"turns":2},{"damage":41,"enemies":"Hexaghost","floor":16,"turns":7}],"seed_played":"-7631336478291739713","potions_obtained":[{"floor":1,"key":"ColorlessPotion"},{"floor":7,"key":"Block Potion"}],"is_trial":false,"path_per_floor":["M","$","?","?","M","R","E","M","T","E","M","M","M","?","R","B"],"character_chosen":"DEFECT","items_purchased":[],"campfire_rested":1,"item_purchase_floors":[],"current_hp_per_floor":[70,70,70,70,70,70,38,35,35,12,1,1,1,1,38,0,0],"gold":341,"neow_bonus":"THREE_RARE_CARDS","is_daily":false,"chose_seed":false,"campfire_upgraded":1,"win_rate":0.0,"timestamp":1608752984,"path_taken":["M","$","?","?","M","R","E","?","T","E","?","?","M","?","R","BOSS"],"items_purchased_type":[],"build_version":"2020-12-22","purchased_purges":0,"victory":false,"max_hp_per_floor":[75,75,75,75,75,75,75,75,75,75,75,75,75,75,75,75,75],"card_choices":[{"not_picked":["Machine Learning","Buffer"],"picked":"Electrodynamics","floor":0},{"not_picked":["Fusion","BootSequence"],"picked":"White Noise","floor":1},{"not_picked":["Barrage","Steam","Cold Snap"],"picked":"SKIP","floor":5},{"not_picked":["Force Field","Recycle"],"picked":"Doom and Gloom","floor":7},{"not_picked":["Compile Driver","Barrage","Stack"],"picked":"SKIP","floor":8},{"not_picked":["Cold Snap","Streamline"],"picked":"Conserve Battery","floor":10},{"not_picked":["Cold Snap","Hologram"],"picked":"Tempest","floor":11},{"not_picked":["Streamline","Rebound","Sweeping Beam"],"picked":"SKIP","floor":12},{"not_picked":["Redo","Gash"],"picked":"Double Energy","floor":13},{"not_picked":["Hologram","Gash"],"picked":"Hyperbeam","floor":15}],"player_experience":635734,"relics_obtained":[{"floor":7,"key":"Regal Pillow"},{"floor":9,"key":"Vajra"},{"floor":10,"key":"Dream Catcher"}],"event_choices":[{"damage_healed":0,"gold_gain":0,"player_choice":"Grow","damage_taken":0,"max_hp_gain":0,"max_hp_loss":0,"event_name":"Living Wall","floor":3,"gold_loss":0,"cards_upgraded":["Electrodynamics"]},{"damage_healed":0,"gold_gain":0,"player_choice":"Box","damage_taken":0,"relics_obtained":["Blue Candle"],"max_hp_gain":0,"max_hp_loss":0,"event_name":"Big Fish","floor":4,"gold_loss":0,"cards_obtained":["Regret"]},{"damage_healed":0,"gold_gain":175,"player_choice":"AGREE","damage_taken":0,"max_hp_gain":0,"max_hp_loss":0,"event_name":"Liars Game","floor":14,"gold_loss":0,"cards_obtained":["Doubt"]}],"is_beta":false,"boss_relics":[],"items_purged_floors":[],"is_endless":false,"potions_floor_spawned":[1,7],"killed_by":"Hexaghost","ascension_level":2}}