{"host":"uflv0e3ja7hvnij7","time":1608728740,"event":{"mods":["BaseMod","Conspire","Hubris","Minty Spire (QoL Compilation)","Replay The Spire","StSLib","The Bug Knight"],"gold_per_floor":[111,61,136,136,170,219,251,251,302,302,310,310],"floor_reached":11,"playtime":549,"items_purged":[],"score":82,"play_id":"b2175da4-f4fe-495c-8079-53babe92eca6","local_time":"20201223080540","is_ascension_mode":true,"campfire_choices":[{"floor":10,"key":"REST"}],"circlet_count":0,"master_deck":["Strike_R","Strike_R","Strike_R","Strike_R","Defend_R+1","Defend_R","Defend_R","Bash","Exhume","Intimidate","conspire:SpireCoStock","Body Slam","Impatience"],"relics":["Burning Blood","Tiny Chest","hubris:OldNail"],"acts_visited":["Exordium"],"potions_floor_usage":[6],"damage_taken":[{"damage":0,"enemies":"Small Slimes","floor":1,"turns":3},{"damage":8,"enemies":"2 Louse","floor":5,"turns":4},{"damage":47,"enemies":"Lagavulin","floor":6,"turns":9},{"damage":0,"enemies":"Cultist","floor":7,"turns":4},{"damage":36,"enemies":"3 Sentries","floor":11,"turns":6}],"seed_played":"-4913596866654887910","potions_obtained":[{"floor":5,"key":"FearPotion"}],"is_trial":false,"path_per_floor":["M","?","?","?","M","E","M","?","T","R","E"],"character_chosen":"IRONCLAD","items_purchased":[],"campfire_rested":1,"item_purchase_floors":[],"current_hp_per_floor":[62,62,51,51,49,8,14,14,14,38,2,2],"gold":310,"neow_bonus":"TRANSFORM_TWO_CARDS","is_daily":false,"chose_seed":false,"campfire_upgraded":0,"win_rate":0.0,"timestamp":1608728740,"path_taken":["M","?","?","?","M","E","M","?","T","R","E"],"items_purchased_type":[],"build_version":"2020-12-22","purchased_purges":0,"victory":false,"max_hp_per_floor":[80,80,80,80,80,80,80,80,80,80,80,80],"card_choices":[{"not_picked":["True Grit","Heavy Blade","Sword Boomerang"],"picked":"SKIP","floor":1},{"not_picked":["Clothesline","Flex"],"picked":"Body Slam","floor":5},{"not_picked":["Body Slam","Life Link","Replay:Many Hands"],"picked":"SKIP","floor":6},{"not_picked":["Fire Breathing","Heavy Blade","Entrench"],"picked":"SKIP","floor":7}],"player_experience":301922,"relics_obtained":[{"floor":6,"key":"Tiny Chest"},{"floor":9,"key":"hubris:OldNail"}],"event_choices":[{"damage_healed":0,"gold_gain":0,"player_choice":"Invest 1","damage_taken":0,"max_hp_gain":0,"max_hp_loss":0,"event_name":"conspire:Investor","floor":2,"gold_loss":0},{"damage_healed":0,"gold_gain":75,"player_choice":"Gather Gold","damage_taken":11,"max_hp_gain":0,"max_hp_loss":0,"event_name":"World of Goop","floor":3,"gold_loss":0},{"damage_healed":0,"gold_gain":0,"player_choice":"1 cards matched","damage_taken":0,"max_hp_gain":0,"max_hp_loss":0,"event_name":"Match and Keep!","floor":8,"gold_loss":0,"cards_obtained":["Impatience"]}],"is_beta":false,"boss_relics":[],"items_purged_floors":[],"is_endless":false,"potions_floor_spawned":[5],"killed_by":"3 Sentries","ascension_level":3}}