{"host":"f6f8cjhjgha9mpdq","time":1608733351,"event":{"mods":["BaseMod","Emptier Cage","Minty Spire (QoL Compilation)","Permanent Neow","StSLib","SuperFastMode"],"gold_per_floor":[119,133,133,145,145,145,188,188,188,188,213,227,252,333,333,423,423,442,442,367,357,382,382,425,425,425,439,479,497,497,516,516,616,616,634,647,385,404,419,454,454,157,203,233,233,233,274,298,298,298,298,298,25,60,60],"floor_reached":56,"playtime":3126,"items_purged":["Strike_G","Defend_G","Defend_G","Strike_G+1"],"score":2147,"play_id":"5aa5c779-2e55-4d31-8fcc-de368ee8e31a","local_time":"20201223232231","is_ascension_mode":true,"campfire_choices":[{"data":"Bouncing Flask","floor":6.0,"key":"SMITH"},{"data":"Backflip","floor":10.0,"key":"SMITH"},{"floor":15.0,"key":"REST"},{"data":"Wraith Form v2","floor":23.0,"key":"SMITH"},{"data":"Wraith Form v2","floor":25.0,"key":"SMITH"},{"floor":32.0,"key":"REST"},{"data":"Tactician","floor":45.0,"key":"SMITH"},{"floor":49.0,"key":"RECALL"},{"data":"Crippling Poison","floor":52,"key":"SMITH"}],"circlet_count":0,"master_deck":["AscendersBane","Strike_G+1","Defend_G","Defend_G","Survivor","Neutralize","Deflect","Bouncing Flask+1","Reflex+1","Backflip+1","PiercingWail","Wraith Form v2+1","Crippling Poison+1","Wraith Form v2+1","Catalyst+1","Backflip+1","Corpse Explosion","Tactician+1","Prepared","Impatience","Well Laid Plans"],"relics":["Ring of the Serpent","FaceOfCleric","Golden Idol","Matryoshka","Whetstone","Akabeko","Gambling Chip","CaptainsWheel","CeramicFish","Paper Crane","Velvet Choker","Anchor","Toy Ornithopter","TwistedFunnel","Ancient Tea Set","Lizard Tail","Orichalcum"],"acts_visited":["Exordium","TheCity","TheBeyond","TheEnding"],"potions_floor_usage":[55,55],"damage_taken":[{"damage":6.0,"enemies":"Small Slimes","floor":1.0,"turns":6.0},{"damage":0.0,"enemies":"Cultist","floor":2.0,"turns":4.0},{"damage":3.0,"enemies":"2 Louse","floor":4.0,"turns":3.0},{"damage":19.0,"enemies":"Gremlin Nob","floor":7.0,"turns":4.0},{"damage":0.0,"enemies":"Looter","floor":11.0,"turns":3.0},{"damage":0.0,"enemies":"2 Fungi Beasts","floor":12.0,"turns":4.0},{"damage":4.0,"enemies":"Lots of Slimes","floor":13.0,"turns":4.0},{"damage":3.0,"enemies":"Gremlin Nob","floor":14.0,"turns":5.0},{"damage":0.0,"enemies":"Hexaghost","floor":16.0,"turns":8.0},{"damage":0.0,"enemies":"Chosen","floor":18.0,"turns":4.0},{"damage":9.0,"enemies":"2 Thieves","floor":21.0,"turns":5.0},{"damage":3.0,"enemies":"Snake Plant","floor":22.0,"turns":4.0},{"damage":23.0,"enemies":"Slavers","floor":24.0,"turns":8.0},{"damage":9.0,"enemies":"Centurion and Healer","floor":27.0,"turns":9.0},{"damage":11.0,"enemies":"Book of Stabbing","floor":28.0,"turns":8.0},{"damage":2.0,"enemies":"Snecko","floor":29.0,"turns":4.0},{"damage":0.0,"enemies":"Snake Plant","floor":31.0,"turns":2.0},{"damage":19.0,"enemies":"Collector","floor":33.0,"turns":11.0},{"damage":6.0,"enemies":"3 Shapes","floor":35.0,"turns":4.0},{"damage":0.0,"enemies":"3 Darklings","floor":36.0,"turns":4.0},{"damage":1.0,"enemies":"Maw","floor":38.0,"turns":6.0},{"damage":20.0,"enemies":"Spire Growth","floor":39.0,"turns":5.0},{"damage":0.0,"enemies":"Giant Head","floor":40.0,"turns":7.0},{"damage":9.0,"enemies":"3 Darklings","floor":44.0,"turns":4.0},{"damage":1.0,"enemies":"Nemesis","floor":47.0,"turns":5.0},{"damage":0.0,"enemies":"Writhing Mass","floor":48.0,"turns":4.0},{"damage":26,"enemies":"Time Eater","floor":50,"turns":13},{"damage":34,"enemies":"Shield and Spear","floor":54,"turns":5},{"damage":40,"enemies":"The Heart","floor":55,"turns":9}],"seed_played":"-1281726336871430473","potions_obtained":[{"floor":1.0,"key":"Strength Potion"},{"floor":11.0,"key":"PowerPotion"},{"floor":13.0,"key":"Regen Potion"},{"floor":16.0,"key":"SneckoOil"},{"floor":21.0,"key":"Swift Potion"},{"floor":24.0,"key":"DistilledChaos"},{"floor":29.0,"key":"Poison Potion"},{"floor":31.0,"key":"FearPotion"},{"floor":39.0,"key":"Regen Potion"},{"floor":47.0,"key":"LiquidBronze"}],"is_trial":false,"path_per_floor":["M","M","?","M","?","R","E","?","T","R","M","M","M","?","R","B",null,"M","?","$","M","M","R","E","R","T","M","E","M","?","M","R","B",null,"M","M","$","M","M","E","?","$","T","M","R","?","E","M","R","B",null,"R","$","E","B",null],"character_chosen":"THE_SILENT","items_purchased":["Anchor","TwistedFunnel","Impatience","Well Laid Plans"],"campfire_rested":2,"item_purchase_floors":[37,42,53,53],"current_hp_per_floor":[53,53,53,51,30,30,12,12,12,12,13,14,11,24,43,44,61,62,62,62,54,52,52,30,30,30,22,12,11,11,12,34,16,61,56,57,57,57,38,54,54,54,54,46,46,46,46,47,47,22,69,69,69,36,7],"gold":60,"neow_bonus":"TRANSFORM_TWO_CARDS","is_daily":false,"chose_seed":false,"campfire_upgraded":6,"win_rate":0.0,"timestamp":1608733351,"path_taken":["M","M","?","?","?","R","E","?","T","R","M","M","M","?","R","BOSS","M","?","$","?","M","R","E","R","T","M","E","M","?","M","R","BOSS","M","M","$","M","M","E","?","?","T","M","R","?","E","?","R","BOSS","R","$","E","BOSS"],"items_purchased_type":["Relic","Relic","Card","Card"],"build_version":"2020-12-22","purchased_purges":4,"victory":true,"max_hp_per_floor":[60,60,60,61,61,61,62,62,62,62,63,64,65,66,66,67,67,68,68,68,69,70,70,71,71,71,72,73,74,74,75,75,76,76,77,78,78,79,80,81,81,81,81,82,82,82,83,84,84,85,85,85,85,86,87],"card_choices":[{"not_picked":["Well Laid Plans","Setup"],"picked":"Reflex","floor":1.0},{"not_picked":["Accuracy","Underhanded Strike","Leg Sweep"],"picked":"SKIP","floor":2.0},{"not_picked":["Expertise","Blade Dance"],"picked":"Backflip","floor":4.0},{"not_picked":["Quick Slash","Backflip"],"picked":"PiercingWail","floor":7.0},{"not_picked":["Heel Hook","Cloak And Dagger"],"picked":"Catalyst","floor":11.0},{"not_picked":["Sucker Punch","Acrobatics","Endless Agony"],"picked":"SKIP","floor":12.0},{"not_picked":["Dagger Spray","Accuracy"],"picked":"Wraith Form v2","floor":13.0},{"not_picked":["Bouncing Flask","Underhanded Strike"],"picked":"Crippling Poison","floor":14.0},{"not_picked":["Underhanded Strike","Finisher+1","Well Laid Plans"],"picked":"SKIP","floor":18.0},{"not_picked":["Deadly Poison","Bane"],"picked":"Backflip+1","floor":21.0},{"not_picked":["Backstab+1","Deflect","Endless Agony+1"],"picked":"SKIP","floor":22.0},{"not_picked":["Slice","Blade Dance","Deflect"],"picked":"SKIP","floor":24.0},{"not_picked":["Flying Knee","Reflex","Deadly Poison"],"picked":"SKIP","floor":27.0},{"not_picked":["Bane","Backflip+1","Deflect"],"picked":"SKIP","floor":28.0},{"not_picked":["Predator","Catalyst","Caltrops"],"picked":"SKIP","floor":29.0},{"not_picked":["Backflip","PiercingWail","Dagger Spray+1"],"picked":"SKIP","floor":31.0},{"not_picked":["Grand Finale","Adrenaline"],"picked":"Corpse Explosion","floor":33.0},{"not_picked":["Dagger Spray","Outmaneuver","Deflect"],"picked":"SKIP","floor":35.0},{"not_picked":["Crippling Poison","Bouncing Flask","Leg Sweep"],"picked":"SKIP","floor":36.0},{"not_picked":["Predator","Backflip","Sucker Punch"],"picked":"SKIP","floor":38.0},{"not_picked":["Footwork","Quick Slash","Sucker Punch+1"],"picked":"SKIP","floor":39.0},{"not_picked":["Cloak And Dagger+1","Riddle With Holes","Bouncing Flask"],"picked":"SKIP","floor":40.0},{"not_picked":["Sucker Punch+1","Cloak And Dagger"],"picked":"Tactician","floor":44.0},{"not_picked":["Bane","Backflip","Dash"],"picked":"SKIP","floor":47.0},{"not_picked":["Bane","Backflip","Dash"],"picked":"SKIP","floor":47.0},{"not_picked":["Tools of the Trade","Quick Slash"],"picked":"Prepared","floor":48.0},{"not_picked":["Poisoned Stab","Slice","Bane+1"],"picked":"SKIP","floor":54}],"player_experience":499860,"relics_obtained":[{"floor":7.0,"key":"Matryoshka"},{"floor":9.0,"key":"Whetstone"},{"floor":9.0,"key":"Akabeko"},{"floor":14.0,"key":"Gambling Chip"},{"floor":24.0,"key":"CaptainsWheel"},{"floor":26.0,"key":"CeramicFish"},{"floor":28.0,"key":"Paper Crane"},{"floor":40.0,"key":"Toy Ornithopter"},{"floor":43.0,"key":"Ancient Tea Set"},{"floor":47.0,"key":"Lizard Tail"},{"floor":54,"key":"Orichalcum"}],"event_choices":[{"damage_healed":0.0,"max_hp_gain":0.0,"max_hp_loss":0.0,"gold_gain":0.0,"event_name":"FaceTrader","player_choice":"Trade","floor":3.0,"gold_loss":0.0,"damage_taken":0.0,"relics_obtained":["FaceOfCleric"]},{"damage_healed":0.0,"max_hp_gain":0.0,"max_hp_loss":0.0,"gold_gain":0.0,"event_name":"Golden Idol","player_choice":"Take Damage","floor":5.0,"gold_loss":0.0,"damage_taken":21.0,"relics_obtained":["Golden Idol"]},{"damage_healed":0.0,"max_hp_gain":0.0,"max_hp_loss":0.0,"gold_gain":0.0,"event_name":"Liars Game","player_choice":"Ignored","floor":8.0,"gold_loss":0.0,"damage_taken":0.0},{"damage_healed":0.0,"max_hp_gain":0.0,"max_hp_loss":0.0,"gold_gain":0.0,"event_name":"Dead Adventurer","player_choice":"Searched \u00272\u0027 times","floor":14.0,"gold_loss":0.0,"damage_taken":0.0},{"damage_healed":0.0,"max_hp_gain":0.0,"max_hp_loss":0.0,"gold_gain":0.0,"event_name":"Duplicator","player_choice":"Copied","floor":19.0,"gold_loss":0.0,"damage_taken":0.0,"cards_obtained":["Wraith Form v2"]},{"cards_removed":["Strike_G"],"damage_healed":0.0,"max_hp_gain":0.0,"max_hp_loss":0.0,"gold_gain":0.0,"event_name":"Back to Basics","player_choice":"Elegance","floor":30.0,"gold_loss":0.0,"damage_taken":0.0},{"damage_healed":0.0,"max_hp_gain":0.0,"max_hp_loss":0.0,"gold_gain":0.0,"event_name":"SecretPortal","player_choice":"Ignored","floor":41.0,"gold_loss":0.0,"damage_taken":0.0},{"damage_healed":0.0,"max_hp_gain":0.0,"max_hp_loss":0.0,"gold_gain":0.0,"event_name":"Upgrade Shrine","player_choice":"Upgraded","floor":46.0,"gold_loss":0.0,"damage_taken":0.0,"cards_upgraded":["Reflex"]}],"is_beta":false,"boss_relics":[{"not_picked":["Tiny House","Ectoplasm"],"picked":"Ring of the Serpent"},{"not_picked":["Astrolabe","Fusion Hammer"],"picked":"Velvet Choker"}],"items_purged_floors":[20,37,42,53],"is_endless":false,"potions_floor_spawned":[1,11,13,16,21,24,28,29,31,39,47,48],"ascension_level":16}}