{"host":"wzyx1a6f41w36f2j","time":1608685020,"event":{"mods":["BaseMod","Googly Eyes","Highlight Path","Minty Spire (QoL Compilation)","Quick Restart","StSLib","The IronCluck"],"gold_per_floor":[113,124,134,134,148,183,201,219,219,229,229,248,283,298,298,403,403,419,419,419,431,445,473,473,498,498,510,540,639,639,658,658,757,757,774,785,418,463,216,243,255,255,255,255,103,123,143,163,163,163,163],"floor_reached":50,"playtime":3625,"items_purged":["Defend_R","Defend_R"],"score":600,"play_id":"dd3e5776-eac2-43a2-a7d0-7c7d1a5baf9d","local_time":"20201223025700","is_ascension_mode":false,"campfire_choices":[{"data":"Armaments","floor":11.0,"key":"SMITH"},{"data":"Dual Wield","floor":15.0,"key":"SMITH"},{"floor":24,"key":"REST"},{"floor":30,"key":"REST"},{"floor":32,"key":"REST"},{"floor":42,"key":"REST"},{"floor":44,"key":"REST"},{"floor":49,"key":"REST"}],"circlet_count":0,"master_deck":["Strike_R","Strike_R","Strike_R","Strike_R","Strike_R","Defend_R","Defend_R","Bash","Clash","Uppercut","Thunderclap","Intimidate","Flex","Feed","Twin Strike","Armaments+1","Dual Wield+1","Clash","Demon Form","Flex","Anger","Heavy Blade","Armaments+1","Clash","Feed","Flex+1","Iron Wave","Iron Wave","Reaper","Disarm"],"relics":["Burning Blood","Nunchaku","Bottled Lightning","Shuriken","Orichalcum","Velvet Choker","Enchiridion","White Beast Statue","InkBottle","Self Forming Clay","Vajra","Fusion Hammer","Ornamental Fan","Lizard Tail","Happy Flower","Regal Pillow","Unceasing Top","Lantern"],"acts_visited":["Exordium","TheCity","TheBeyond"],"potions_floor_usage":[23,23,23,23,27,28,28,33,40,50],"damage_taken":[{"damage":5.0,"enemies":"Small Slimes","floor":1.0,"turns":4.0},{"damage":1.0,"enemies":"Cultist","floor":2.0,"turns":4.0},{"damage":8.0,"enemies":"Jaw Worm","floor":3.0,"turns":2.0},{"damage":0.0,"enemies":"2 Fungi Beasts","floor":5.0,"turns":2.0},{"damage":32.0,"enemies":"3 Sentries","floor":6.0,"turns":7.0},{"damage":3.0,"enemies":"3 Louse","floor":7.0,"turns":2.0},{"damage":2.0,"enemies":"Blue Slaver","floor":8.0,"turns":3.0},{"damage":10.0,"enemies":"Exordium Wildlife","floor":10.0,"turns":3.0},{"damage":7.0,"enemies":"Looter","floor":12.0,"turns":2.0},{"damage":13.0,"enemies":"Gremlin Nob","floor":13.0,"turns":4.0},{"damage":4.0,"enemies":"Blue Slaver","floor":14.0,"turns":3.0},{"damage":25.0,"enemies":"Slime Boss","floor":16.0,"turns":8.0},{"damage":15.0,"enemies":"Chosen","floor":18.0,"turns":5.0},{"damage":21.0,"enemies":"Shell Parasite","floor":21.0,"turns":4.0},{"damage":27.0,"enemies":"Snake Plant","floor":22.0,"turns":4.0},{"damage":18,"enemies":"Book of Stabbing","floor":23,"turns":4},{"damage":25,"enemies":"Gremlin Leader","floor":25,"turns":6},{"damage":16,"enemies":"Centurion and Healer","floor":27,"turns":4},{"damage":9,"enemies":"Slavers","floor":28,"turns":4},{"damage":16,"enemies":"Shelled Parasite and Fungi","floor":31,"turns":3},{"damage":8,"enemies":"Champ","floor":33,"turns":6},{"damage":44,"enemies":"3 Darklings","floor":35,"turns":5},{"damage":1,"enemies":"Orb Walker","floor":36,"turns":2},{"damage":14,"enemies":"2 Orb Walkers","floor":38,"turns":4},{"damage":87,"enemies":"Nemesis","floor":40,"turns":7},{"damage":10,"enemies":"Sphere and 2 Shapes","floor":41,"turns":4},{"damage":33,"enemies":"Transient","floor":46,"turns":5},{"damage":24,"enemies":"4 Shapes","floor":47,"turns":4},{"damage":0,"enemies":"Spire Growth","floor":48,"turns":3},{"damage":122,"enemies":"Donu and Deca","floor":50,"turns":8}],"seed_played":"1424386483662932458","potions_obtained":[{"floor":1.0,"key":"GamblersBrew"},{"floor":6.0,"key":"FearPotion"},{"floor":7.0,"key":"SpeedPotion"},{"floor":13.0,"key":"DuplicationPotion"},{"floor":14.0,"key":"EntropicBrew"},{"floor":23,"key":"AttackPotion"},{"floor":25,"key":"CultistPotion"},{"floor":27,"key":"CultistPotion"},{"floor":28,"key":"Ancient Potion"},{"floor":31,"key":"Weak Potion"},{"floor":33,"key":"BlessingOfTheForge"},{"floor":36,"key":"FearPotion"},{"floor":38,"key":"SpeedPotion"},{"floor":40,"key":"Energy Potion"},{"floor":47,"key":"PowerPotion"}],"is_trial":false,"path_per_floor":["M","M","M","?","M","E","M","M","T","M","R","M","E","M","R","B",null,"M","?","?","M","M","E","R","E","T","M","E","?","R","M","R","B",null,"M","M","$","?","$","E","M","R","T","R","$","M","M","M","R","B"],"character_chosen":"IRONCLAD","items_purchased":["Ornamental Fan","Iron Wave","Happy Flower","Lantern"],"campfire_rested":6,"item_purchase_floors":[37,37,39,45],"current_hp_per_floor":[80,80,78,78,80,54,60,67,67,66,66,65,61,63,63,44,92,83,67,67,52,31,19,46,27,27,21,22,22,52,42,72,73,103,65,70,70,62,62,33,33,80,80,107,107,80,69,88,114,0,0],"gold":163,"neow_bonus":"RANDOM_COMMON_RELIC","is_daily":false,"chose_seed":false,"campfire_upgraded":2,"win_rate":0.0,"timestamp":1608685020,"path_taken":["M","M","M","?","M","E","M","M","T","M","R","?","E","M","R","BOSS","M","?","?","M","M","E","R","E","T","M","E","?","R","M","R","BOSS","M","M","$","?","$","E","M","R","T","R","$","M","M","M","R","BOSS"],"items_purchased_type":["Relic","Card","Relic","Relic"],"build_version":"2020-12-13","purchased_purges":2,"victory":false,"max_hp_per_floor":[80,80,80,80,80,80,83,86,86,89,89,89,92,92,92,92,92,92,92,92,92,92,92,92,92,92,96,100,100,100,100,100,103,103,103,103,103,103,103,103,107,107,107,107,107,107,114,114,114,114,114],"card_choices":[{"not_picked":["Infernal Blade","Heavy Blade"],"picked":"Clash","floor":1.0},{"not_picked":["Shockwave","Carnage"],"picked":"Uppercut","floor":2.0},{"not_picked":["Searing Blow","Clash"],"picked":"Thunderclap","floor":3.0},{"not_picked":["True Grit","Clothesline","Hemokinesis"],"picked":"SKIP","floor":5.0},{"not_picked":["Ghostly Armor","Flex"],"picked":"Feed","floor":6.0},{"not_picked":["Intimidate","Perfected Strike"],"picked":"Twin Strike","floor":7.0},{"not_picked":["Heavy Blade","Blood for Blood"],"picked":"Armaments","floor":8.0},{"not_picked":["Dropkick","Metallicize"],"picked":"Dual Wield","floor":10.0},{"not_picked":["Inflame","Shrug It Off","Twin Strike"],"picked":"SKIP","floor":12.0},{"not_picked":["Sever Soul","True Grit"],"picked":"Clash","floor":13.0},{"not_picked":["Entrench","Intimidate","Bloodletting"],"picked":"SKIP","floor":14.0},{"not_picked":["Entrench","Intimidate","Bloodletting"],"picked":"SKIP","floor":14.0},{"not_picked":["Fiend Fire","Immolate"],"picked":"Demon Form","floor":16.0},{"not_picked":["Armaments","Dropkick","Fire Breathing"],"picked":"SKIP","floor":18.0},{"not_picked":["True Grit","Headbutt+1"],"picked":"Anger","floor":21.0},{"not_picked":["Body Slam","Shrug It Off+1"],"picked":"Heavy Blade","floor":22.0},{"not_picked":["Wild Strike","Pommel Strike+1"],"picked":"Armaments+1","floor":23},{"not_picked":["Anger","Twin Strike"],"picked":"Clash","floor":25},{"not_picked":["Thunderclap","Pommel Strike"],"picked":"Feed","floor":27},{"not_picked":["Pummel","Havoc+1","Carnage+1"],"picked":"SKIP","floor":28},{"not_picked":["Shockwave","Hemokinesis+1"],"picked":"Flex+1","floor":31},{"not_picked":["Cleave","Sword Boomerang"],"picked":"Iron Wave","floor":35},{"not_picked":["Ghostly Armor+1","Warcry","Flex"],"picked":"SKIP","floor":36},{"not_picked":["Twin Strike","Ghostly Armor"],"picked":"Reaper","floor":40},{"not_picked":["Twin Strike+1","Anger","Wild Strike+1"],"picked":"SKIP","floor":41},{"not_picked":["Body Slam","Heavy Blade+1"],"picked":"Disarm","floor":46},{"not_picked":["Havoc+1","Twin Strike","Flex"],"picked":"SKIP","floor":47},{"not_picked":["Metallicize+1","Cleave+1","Armaments"],"picked":"SKIP","floor":48}],"player_experience":46867,"relics_obtained":[{"floor":6.0,"key":"Bottled Lightning"},{"floor":9.0,"key":"Shuriken"},{"floor":13.0,"key":"Orichalcum"},{"floor":19.0,"key":"Enchiridion"},{"floor":23,"key":"White Beast Statue"},{"floor":25,"key":"InkBottle"},{"floor":26,"key":"Self Forming Clay"},{"floor":28,"key":"Vajra"},{"floor":38,"key":"Lizard Tail"},{"floor":40,"key":"Regal Pillow"},{"floor":43,"key":"Unceasing Top"}],"event_choices":[{"damage_healed":0.0,"max_hp_gain":0.0,"max_hp_loss":0.0,"gold_gain":0.0,"event_name":"Match and Keep!","player_choice":"2 cards matched","floor":4.0,"gold_loss":0.0,"damage_taken":0.0,"cards_obtained":["Intimidate","Flex"]},{"damage_healed":0.0,"max_hp_gain":0.0,"max_hp_loss":0.0,"gold_gain":0.0,"event_name":"Cursed Tome","player_choice":"Obtained Book","floor":19.0,"gold_loss":0.0,"damage_taken":16.0},{"damage_healed":0.0,"max_hp_gain":0.0,"max_hp_loss":0.0,"gold_gain":0.0,"event_name":"The Library","player_choice":"Read","floor":20.0,"gold_loss":0.0,"damage_taken":0.0,"cards_obtained":["Flex"]},{"damage_healed":0,"gold_gain":99,"player_choice":"Stole From Cult","damage_taken":0,"max_hp_gain":0,"max_hp_loss":0,"event_name":"Nest","floor":29,"gold_loss":0},{"damage_healed":0,"gold_gain":0,"player_choice":"Fight","damage_taken":0,"max_hp_gain":0,"max_hp_loss":0,"event_name":"Mysterious Sphere","floor":38,"gold_loss":0}],"is_beta":false,"boss_relics":[{"not_picked":["Empty Cage","Tiny House"],"picked":"Velvet Choker"},{"not_picked":["Black Blood","SacredBark"],"picked":"Fusion Hammer"}],"items_purged_floors":[37,39],"is_endless":false,"potions_floor_spawned":[1,6,7,13,14,23,25,27,28,31,33,35,36,38,40,41,46,47,48],"killed_by":"Donu and Deca","ascension_level":0}}