{"host":"0rxdudjy6rylha1k","time":1608741169,"event":{"mods":["Aspiration","BaseMod","Colored Map","Colored Powertips","Downfall","Highlight Path","Hubris","Minty Spire (QoL Compilation)","StSLib"],"gold_per_floor":[99,111,121,121,133,133,133,151,180,105,118,118,118,137,154,249,249,249,249,18,18,18,18,18,28,48,48,48,48,74,92,102,102,102,102],"floor_reached":33,"playtime":4297,"items_purged":[],"score":373,"play_id":"1d189ec8-fdcc-40d3-80e2-c4ebf2324e7f","local_time":"20201223093249","is_ascension_mode":true,"campfire_choices":[{"floor":1.0,"key":"RECALL"},{"data":"hexamod:CrushingStance","floor":10.0,"key":"SMITH"},{"data":"hexamod:Float","floor":13.0,"key":"SMITH"},{"data":"hexamod:GhostOfSpirePresent","floor":18.0,"key":"SMITH"},{"data":"hexamod:Toasty","floor":27,"key":"SMITH"},{"data":"hexamod:EmpoweredFlame","floor":29,"key":"SMITH"}],"circlet_count":0,"master_deck":["hexamod:Strike","hexamod:Strike","hexamod:Defend","hexamod:Defend","hexamod:Defend","hexamod:Defend","hexamod:Sear","hexamod:Float+1","hexamod:FirstSeal","hexamod:StepThrough","hexamod:BurningTouch","hexamod:EmpoweredFlame+1","hexamod:CrushingStance+1","hexamod:HeatMetal","hexamod:GhostOfSpirePresent+1","hexamod:FifthSeal","Deflect","hexamod:Toasty+1","RitualDagger+1","Escape Plan","hexamod:AdvancingGuard","hexamod:ShieldOfDarkness","PiercingWail"],"relics":["hexamod:SpiritBrand","hubris:64BitClover","Matryoshka","Dead Branch","downfall:HeartBlessingRed","hubris:OldNail","aspiration:SilentSkillbook","Toolbox","aspiration:RitualStick","Bag of Marbles","Meat on the Bone","hexamod:MatchstickCase"],"acts_visited":["Exordium","TheCity"],"potions_floor_usage":[25,26,26,28,30,32,33],"damage_taken":[{"damage":2.0,"enemies":"Jaw Worm","floor":2.0,"turns":4.0},{"damage":0.0,"enemies":"Cultist","floor":3.0,"turns":3.0},{"damage":0.0,"enemies":"Small Slimes","floor":5.0,"turns":3.0},{"damage":1.0,"enemies":"3 Louse","floor":8.0,"turns":4.0},{"damage":19.0,"enemies":"3 Sentries","floor":9.0,"turns":9.0},{"damage":0.0,"enemies":"2 Fungi Beasts","floor":11.0,"turns":2.0},{"damage":3.0,"enemies":"Blue Slaver","floor":14.0,"turns":2.0},{"damage":0.0,"enemies":"2 Fungi Beasts","floor":15.0,"turns":1.0},{"damage":22.0,"enemies":"downfall:Watcher","floor":16.0,"turns":8.0},{"damage":0.0,"enemies":"Chosen","floor":19.0,"turns":1.0},{"damage":0.0,"enemies":"downfall:FleeingMerchant","floor":20.0,"turns":4.0},{"damage":10,"enemies":"Centurion and Healer","floor":25,"turns":6},{"damage":0,"enemies":"Snake Plant","floor":26,"turns":2},{"damage":0,"enemies":"Slavers","floor":28,"turns":1},{"damage":24,"enemies":"Book of Stabbing","floor":30,"turns":4},{"damage":27,"enemies":"Shelled Parasite and Fungi","floor":31,"turns":4},{"damage":18,"enemies":"Centurion and Healer","floor":32,"turns":4},{"damage":54,"enemies":"downfall:Defect","floor":33,"turns":9}],"seed_played":"1027892590615517626","potions_obtained":[{"floor":2.0,"key":"hexamod:DoubleChargePotion"},{"floor":9.0,"key":"CultistPotion"},{"floor":11.0,"key":"LiquidMemories"},{"floor":14.0,"key":"Fire Potion"},{"floor":15.0,"key":"LiquidMemories"},{"floor":23.0,"key":"CultistPotion"},{"floor":25,"key":"EntropicBrew"},{"floor":30,"key":"Fire Potion"},{"floor":32,"key":"Energy Potion"}],"is_trial":false,"path_per_floor":["R","M","M","?","M","?","T","M","E","R","M","?","R","M","M","B",null,"R","M","$","?","?","?","T","M","M","R","E","R","E","M","M","B"],"character_chosen":"THE_SPIRIT","items_purchased":["Toolbox","hexamod:Toasty"],"campfire_rested":0,"item_purchase_floors":[20,20],"current_hp_per_floor":[45,43,50,50,57,57,57,63,51,51,51,51,51,48,48,33,61,61,61,68,54,54,54,54,51,51,51,51,51,46,38,39,0,0,0],"gold":102,"neow_bonus":"ONE_RARE_RELIC","is_daily":false,"chose_seed":false,"campfire_upgraded":5,"win_rate":0.0,"timestamp":1608741169,"path_taken":["R","M","M","?","?","?","T","?","E","R","M","?","R","M","M","BOSS","R","M","$","?","?","?","T","M","M","R","E","R","E","M","M","BOSS"],"items_purchased_type":["Relic","Card"],"build_version":"2020-12-22","purchased_purges":0,"victory":false,"max_hp_per_floor":[70,70,70,70,70,70,70,70,70,70,70,70,70,70,70,70,70,70,70,70,70,70,70,70,70,70,70,70,70,70,70,70,70,70,70],"card_choices":[{"not_picked":["hexamod:BurningTouch","hexamod:GhostShield"],"picked":"hexamod:FirstSeal","floor":2.0},{"not_picked":["hexamod:SpectersWail","hexamod:NightmareStrike"],"picked":"hexamod:StepThrough","floor":3.0},{"not_picked":["hexamod:ShieldOfDarkness","hexamod:InspiringFlames"],"picked":"hexamod:BurningTouch","floor":5.0},{"not_picked":["hexamod:FastForward","hexamod:GhostShield"],"picked":"hexamod:EmpoweredFlame","floor":8.0},{"not_picked":["hexamod:Hexaguard","hexamod:SoulSteal"],"picked":"hexamod:CrushingStance","floor":9.0},{"not_picked":["hexamod:SkipABeat","hexamod:NightmareStrike","hexamod:SpectersWail"],"picked":"SKIP","floor":11.0},{"not_picked":["hexamod:PhantomCloak","hexamod:SwordOfDarkness"],"picked":"hexamod:HeatMetal","floor":14.0},{"not_picked":["hexamod:FastForward","hexamod:AdvancingGuard"],"picked":"hexamod:GhostOfSpirePresent","floor":15.0},{"not_picked":["hexamod:HexaLevel","hexamod:Toasty"],"picked":"hexamod:FifthSeal","floor":16.0},{"not_picked":["Dagger Throw","Caltrops","hexamod:BacktrackSmack+1"],"picked":"Deflect","floor":19.0},{"not_picked":["Poisoned Stab","Slice","Deflect","Flying Knee"],"picked":"SKIP","floor":20.0},{"not_picked":["Prepared","hexamod:NightmareGuise+1","Bane+1","Wraith Form v2"],"picked":"SKIP","floor":25},{"not_picked":["Infinite Blades","hexamod:SwordOfDarkness","Acrobatics"],"picked":"Escape Plan","floor":26},{"not_picked":["hexamod:SpectersWail","hexamod:SwordOfDarkness+1","hexamod:HauntingEcho"],"picked":"hexamod:AdvancingGuard","floor":30},{"not_picked":["Quick Slash","hexamod:GhostLash","hexamod:Hexaguard"],"picked":"hexamod:ShieldOfDarkness","floor":31},{"not_picked":["Finisher","Outmaneuver","Grand Finale"],"picked":"PiercingWail","floor":32}],"player_experience":2339881,"relics_obtained":[{"floor":7.0,"key":"Matryoshka"},{"floor":9.0,"key":"Dead Branch"},{"floor":15.0,"key":"hubris:OldNail"},{"floor":24.0,"key":"Bag of Marbles"},{"floor":24.0,"key":"Meat on the Bone"},{"floor":30,"key":"hexamod:MatchstickCase"}],"event_choices":[{"cards_removed":["hexamod:Strike"],"damage_healed":0.0,"max_hp_gain":0.0,"max_hp_loss":0.0,"gold_gain":0.0,"event_name":"Purifier","player_choice":"Purged","floor":4.0,"gold_loss":0.0,"damage_taken":0.0},{"cards_removed":["hexamod:Strike"],"damage_healed":0.0,"max_hp_gain":0.0,"max_hp_loss":0.0,"gold_gain":0.0,"event_name":"Bonfire Elementals","player_choice":"Offered Basic","floor":6.0,"gold_loss":0.0,"damage_taken":0.0}],"is_beta":false,"boss_relics":[{"not_picked":["aspiration:RunicSpoon","aspiration:RitualDagger"],"picked":"aspiration:SilentSkillbook"}],"items_purged_floors":[],"is_endless":false,"potions_floor_spawned":[2,9,11,14,15,25,28,30,32],"killed_by":"downfall:Defect","ascension_level":6}}