{"host":"pbf6u3tyx46snqc7","time":1608751951,"event":{"mods":["AchievementEnabler","BaseMod","Colored Map","Minty Spire (QoL Compilation)","Rare Cards Sparkle","Shop Mod","SuperFastMode"],"gold_per_floor":[110,110,35,35,48,48,79,96,121,121,150,150,50,79,79,174,174,194,69,169,180,70,97,97,108,108,108,143,143,163,163,163,163,163],"floor_reached":33,"playtime":1820,"items_purged":["Decay","Clumsy","Strike_G"],"score":534,"play_id":"850c7788-76ec-42a5-bfa0-2df75bc9a9cb","local_time":"20201224043231","is_ascension_mode":true,"campfire_choices":[{"data":"Dagger Spray","floor":6.0,"key":"SMITH"},{"floor":10.0,"key":"REST"},{"data":"Die Die Die","floor":12.0,"key":"SMITH"},{"data":"Neutralize","floor":15.0,"key":"SMITH"},{"data":"Adrenaline","floor":24.0,"key":"SMITH"},{"data":"Calculated Gamble","floor":27.0,"key":"SMITH"},{"floor":32,"key":"REST"}],"circlet_count":0,"master_deck":["Strike_G","Strike_G","Strike_G","Strike_G","Defend_G","Defend_G","Defend_G","Defend_G","Defend_G","Survivor","Neutralize+1","Dagger Spray+1","Backflip","Die Die Die+1","Acrobatics","Dagger Throw","PiercingWail","Adrenaline+1","Reflex","Heel Hook","Underhanded Strike+1","After Image","Tactician","Well Laid Plans","Calculated Gamble+1","Tactician","Underhanded Strike+1","All Out Attack+1","Malaise"],"relics":["Ring of the Snake","Strawberry","Pantograph","Regal Pillow","Question Card","Prayer Wheel","Philosopher\u0027s Stone","Toy Ornithopter","Bronze Scales","Letter Opener"],"acts_visited":["TheCity"],"potions_floor_usage":[30],"damage_taken":[{"damage":1.0,"enemies":"Jaw Worm","floor":1.0,"turns":5.0},{"damage":0.0,"enemies":"Cultist","floor":5.0,"turns":3.0},{"damage":32.0,"enemies":"Lagavulin","floor":7.0,"turns":6.0},{"damage":0.0,"enemies":"2 Louse","floor":8.0,"turns":1.0},{"damage":0.0,"enemies":"3 Sentries","floor":11.0,"turns":2.0},{"damage":8.0,"enemies":"Gremlin Nob","floor":14.0,"turns":3.0},{"damage":70.0,"enemies":"Slime Boss","floor":16.0,"turns":12.0},{"damage":2.0,"enemies":"2 Thieves","floor":18.0,"turns":3.0},{"damage":39.0,"enemies":"Spheric Guardian","floor":21.0,"turns":6.0},{"damage":3.0,"enemies":"Slavers","floor":23.0,"turns":2.0},{"damage":1.0,"enemies":"Centurion and Healer","floor":25.0,"turns":4.0},{"damage":35.0,"enemies":"Book of Stabbing","floor":28.0,"turns":5.0},{"damage":10,"enemies":"Shelled Parasite and Fungi","floor":30,"turns":5},{"damage":74,"enemies":"Automaton","floor":33,"turns":6}],"seed_played":"-334773988373008960","potions_obtained":[{"floor":5.0,"key":"AttackPotion"},{"floor":7.0,"key":"DuplicationPotion"},{"floor":11.0,"key":"FearPotion"},{"floor":18.0,"key":"AttackPotion"},{"floor":28.0,"key":"ColorlessPotion"}],"is_trial":false,"path_per_floor":["M","?","$","?","M","R","E","M","T","R","E","R","$","E","R","B",null,"M","$","?","M","$","E","R","M","T","R","E","?","M","?","R","B"],"character_chosen":"THE_SILENT","items_purchased":["Tactician","Well Laid Plans"],"campfire_rested":2,"item_purchase_floors":[22,22],"current_hp_per_floor":[83,83,83,87,87,87,55,55,55,91,91,91,91,83,83,21,91,89,89,89,50,50,47,47,46,46,46,11,11,6,6,48,0,0],"gold":163,"neow_bonus":"TWENTY_PERCENT_HP_BONUS","is_daily":false,"chose_seed":false,"campfire_upgraded":5,"win_rate":0.0,"timestamp":1608751951,"path_taken":["M","?","?","?","M","R","E","M","T","R","E","R","$","E","R","BOSS","M","$","?","?","$","E","R","M","T","R","E","?","M","?","R","BOSS"],"items_purchased_type":["Card","Card"],"build_version":"2020-12-22","purchased_purges":3,"victory":false,"max_hp_per_floor":[84,84,84,91,91,91,91,91,91,91,91,91,91,91,91,91,91,91,91,91,91,91,91,91,91,91,91,91,91,91,91,91,91,91],"card_choices":[{"not_picked":["Deflect","Skewer"],"picked":"Dagger Spray","floor":1.0},{"not_picked":["Predator","Cloak And Dagger"],"picked":"Backflip","floor":5.0},{"not_picked":["Flying Knee","Noxious Fumes"],"picked":"Die Die Die","floor":7.0},{"not_picked":["Blade Dance","Choke"],"picked":"Acrobatics","floor":8.0},{"not_picked":["Leg Sweep","Sucker Punch"],"picked":"Dagger Throw","floor":11.0},{"not_picked":["Blur","Expertise","Sucker Punch"],"picked":"PiercingWail","floor":14.0},{"not_picked":["Envenom","Glass Knife","Die Die Die"],"picked":"Adrenaline","floor":16.0},{"not_picked":["Acrobatics","Dodge and Roll","Blade Dance"],"picked":"Reflex","floor":18.0},{"not_picked":["Deflect","Bouncing Flask+1","Terror"],"picked":"Heel Hook","floor":18.0},{"not_picked":["Dagger Throw","Backflip","Flying Knee+1"],"picked":"Underhanded Strike+1","floor":21.0},{"not_picked":["Poisoned Stab","Quick Slash","Dodge and Roll"],"picked":"After Image","floor":21.0},{"not_picked":["Slice+1","Deflect","Outmaneuver"],"picked":"Calculated Gamble","floor":23.0},{"not_picked":["Infinite Blades","Flying Knee","Dodge and Roll"],"picked":"Tactician","floor":25.0},{"not_picked":["Poisoned Stab","Slice+1","Quick Slash"],"picked":"Underhanded Strike+1","floor":25.0},{"not_picked":["Crippling Poison","Dodge and Roll+1","Deadly Poison"],"picked":"All Out Attack+1","floor":28.0},{"not_picked":["Finisher+1","Catalyst","Dagger Spray+1"],"picked":"Malaise","floor":30},{"not_picked":["Deadly Poison","Bane+1","Outmaneuver","Blade Dance+1"],"picked":"SKIP","floor":30}],"player_experience":313634,"relics_obtained":[{"floor":7.0,"key":"Pantograph"},{"floor":9.0,"key":"Regal Pillow"},{"floor":11.0,"key":"Question Card"},{"floor":14.0,"key":"Prayer Wheel"},{"floor":23.0,"key":"Toy Ornithopter"},{"floor":26.0,"key":"Bronze Scales"},{"floor":28.0,"key":"Letter Opener"}],"event_choices":[{"damage_healed":0.0,"max_hp_gain":0.0,"max_hp_loss":0.0,"gold_gain":0.0,"event_name":"Wheel of Change","player_choice":"Cursed","floor":2.0,"gold_loss":0.0,"damage_taken":0.0,"cards_obtained":["Decay"]},{"damage_healed":0.0,"max_hp_gain":0.0,"max_hp_loss":0.0,"gold_gain":0.0,"event_name":"Scrap Ooze","player_choice":"Success","floor":4.0,"gold_loss":0.0,"damage_taken":3.0,"relics_obtained":["Strawberry"]},{"damage_healed":0.0,"max_hp_gain":0.0,"max_hp_loss":0.0,"gold_gain":100.0,"event_name":"Golden Shrine","player_choice":"Pray","floor":20.0,"gold_loss":0.0,"damage_taken":0.0},{"damage_healed":0.0,"max_hp_gain":0.0,"max_hp_loss":0.0,"gold_gain":0.0,"event_name":"Cursed Tome","player_choice":"Ignored","floor":29.0,"gold_loss":0.0,"damage_taken":0.0},{"damage_healed":0,"gold_gain":0,"player_choice":"Ignored","damage_taken":0,"max_hp_gain":0,"max_hp_loss":0,"event_name":"Vampires","floor":31,"gold_loss":0}],"is_beta":false,"boss_relics":[{"not_picked":["Snecko Eye","Velvet Choker"],"picked":"Philosopher\u0027s Stone"}],"items_purged_floors":[3,13,19],"is_endless":false,"potions_floor_spawned":[5,7,11,18,28],"killed_by":"Automaton","ascension_level":4}}