{"host":"qxeepl7ydvsgmfdb","time":1608740487,"event":{"mods":["AchievementEnabler","BaseMod","Colored Powertips","Minty Spire (QoL Compilation)","Quick Restart","slay the spire mod where everything is the same but ironclad has a cowboy hat"],"gold_per_floor":[109,37,112,112,128,162,230,230,256,275,275,309,333,372,372,496,496,514,527,541,281,301,301,301,314,314,329,353,369,369,409,409,409,409],"floor_reached":33,"playtime":942,"items_purged":[],"score":294,"play_id":"c87ebe0e-9013-4630-8205-264c1bfff466","local_time":"20201223112127","is_ascension_mode":false,"campfire_choices":[{"data":"Zap","floor":11,"key":"SMITH"},{"floor":15,"key":"REST"},{"floor":24,"key":"REST"},{"floor":32,"key":"REST"}],"circlet_count":0,"master_deck":["Strike_B","Strike_B","Strike_B","Defend_B","Defend_B","Defend_B","Zap+1","Dualcast","Conserve Battery","Defragment","Cold Snap","Darkness","Cold Snap","Darkness","Ball Lightning","Electrodynamics+1","Redo+1","Gash+1","Sweeping Beam+1","Rainbow","Cold Snap+1","Leap"],"relics":["Cracked Core","NeowsBlessing","Frozen Egg 2","Darkstone Periapt","Golden Idol","MealTicket","DataDisk","Strawberry","Empty Cage","Bottled Flame","Lantern","Red Mask"],"acts_visited":["Exordium","TheCity"],"potions_floor_usage":[14,14,25,27,30],"damage_taken":[{"damage":0,"enemies":"2 Louse","floor":1,"turns":1},{"damage":0,"enemies":"Small Slimes","floor":5,"turns":1},{"damage":0,"enemies":"Lagavulin","floor":6,"turns":1},{"damage":6,"enemies":"Jaw Worm","floor":10,"turns":3},{"damage":25,"enemies":"Gremlin Nob","floor":12,"turns":5},{"damage":0,"enemies":"Large Slime","floor":13,"turns":4},{"damage":8,"enemies":"3 Sentries","floor":14,"turns":7},{"damage":18,"enemies":"Slime Boss","floor":16,"turns":12},{"damage":12,"enemies":"Shell Parasite","floor":18,"turns":5},{"damage":14,"enemies":"3 Byrds","floor":19,"turns":3},{"damage":24,"enemies":"Centurion and Healer","floor":20,"turns":4},{"damage":17,"enemies":"Snake Plant","floor":22,"turns":4},{"damage":24,"enemies":"3 Cultists","floor":25,"turns":4},{"damage":8,"enemies":"Centurion and Healer","floor":27,"turns":3},{"damage":10,"enemies":"Chosen and Byrds","floor":28,"turns":2},{"damage":9,"enemies":"Snecko","floor":29,"turns":4},{"damage":9,"enemies":"Colosseum Slavers","floor":30,"turns":3},{"damage":0,"enemies":"Masked Bandits","floor":31,"turns":2},{"damage":37,"enemies":"Collector","floor":33,"turns":5}],"seed_played":"2287975936304781243","potions_obtained":[{"floor":12,"key":"PotionOfCapacity"},{"floor":13,"key":"DistilledChaos"},{"floor":16,"key":"EssenceOfSteel"},{"floor":18,"key":"SteroidPotion"},{"floor":22,"key":"PowerPotion"},{"floor":25,"key":"SpeedPotion"}],"is_trial":false,"path_per_floor":["M","$","?","?","M","E","T","?","T","M","R","E","M","E","R","B",null,"M","M","M","$","M","?","R","M","T","M","M","M","?","?","R","B"],"character_chosen":"DEFECT","items_purchased":["Defragment","Bottled Flame"],"campfire_rested":3,"item_purchase_floors":[2,21],"current_hp_per_floor":[75,75,64,57,57,57,57,63,63,57,57,32,32,31,57,39,88,76,62,38,53,36,36,62,38,38,30,20,11,2,2,28,0,0],"gold":409,"neow_bonus":"THREE_ENEMY_KILL","is_daily":false,"chose_seed":false,"campfire_upgraded":1,"win_rate":0.0,"timestamp":1608740487,"path_taken":["M","$","?","?","M","E","?","?","T","M","R","E","?","E","R","BOSS","M","?","?","$","?","?","R","M","T","M","M","M","?","?","R","BOSS"],"items_purchased_type":["Card","Relic"],"build_version":"2020-12-22","purchased_purges":0,"victory":false,"max_hp_per_floor":[75,75,75,75,75,75,75,81,81,81,81,81,81,88,88,88,88,88,88,88,88,88,88,88,88,88,88,88,88,88,88,88,88,88],"card_choices":[{"not_picked":["Streamline","Rebound"],"picked":"Conserve Battery","floor":1},{"not_picked":["Conserve Battery","Hologram"],"picked":"Cold Snap","floor":5},{"not_picked":["Doom and Gloom","Static Discharge+1"],"picked":"Darkness","floor":6},{"not_picked":["Beam Cell","Auto Shields"],"picked":"Cold Snap","floor":10},{"not_picked":["Stack","Recycle"],"picked":"Darkness","floor":12},{"not_picked":["Go for the Eyes","Streamline","Aggregate"],"picked":"SKIP","floor":13},{"not_picked":["Hologram","Meteor Strike"],"picked":"Ball Lightning","floor":14},{"not_picked":["Hyperbeam","Thunder Strike"],"picked":"Electrodynamics+1","floor":16},{"not_picked":["FTL","Coolheaded"],"picked":"Redo+1","floor":18},{"not_picked":["Hologram","Go for the Eyes","Redo"],"picked":"SKIP","floor":19},{"not_picked":["Stack","Sweeping Beam","Scrape"],"picked":"SKIP","floor":20},{"not_picked":["Coolheaded","Rip and Tear"],"picked":"Gash+1","floor":22},{"not_picked":["Barrage","Steam"],"picked":"Sweeping Beam+1","floor":25},{"not_picked":["Gash","Streamline","Recycle"],"picked":"SKIP","floor":27},{"not_picked":["Storm+1","Go for the Eyes+1"],"picked":"Rainbow","floor":28},{"not_picked":["Consume","Doom and Gloom"],"picked":"Cold Snap+1","floor":29},{"not_picked":["Beam Cell","Sunder"],"picked":"Leap","floor":31}],"player_experience":337953,"relics_obtained":[{"floor":6,"key":"Frozen Egg 2"},{"floor":7,"key":"Darkstone Periapt"},{"floor":9,"key":"MealTicket"},{"floor":12,"key":"DataDisk"},{"floor":14,"key":"Strawberry"},{"floor":26,"key":"Lantern"},{"floor":31,"key":"Red Mask"}],"event_choices":[{"damage_healed":0,"gold_gain":75,"player_choice":"Gather Gold","damage_taken":11,"max_hp_gain":0,"max_hp_loss":0,"event_name":"World of Goop","floor":3,"gold_loss":0},{"cards_removed":["Defend_B"],"damage_healed":0,"gold_gain":0,"player_choice":"Card Removal","damage_taken":7,"max_hp_gain":0,"max_hp_loss":0,"event_name":"Golden Wing","floor":4,"gold_loss":0},{"damage_healed":0,"gold_gain":0,"player_choice":"Take Wound","damage_taken":0,"relics_obtained":["Golden Idol"],"max_hp_gain":0,"max_hp_loss":0,"event_name":"Golden Idol","floor":8,"gold_loss":0,"cards_obtained":["Injury"]},{"damage_healed":0,"gold_gain":0,"player_choice":"Ignored","damage_taken":0,"max_hp_gain":0,"max_hp_loss":0,"event_name":"Ghosts","floor":23,"gold_loss":0},{"damage_healed":0,"gold_gain":0,"player_choice":"Fight","damage_taken":0,"max_hp_gain":0,"max_hp_loss":0,"event_name":"Colosseum","floor":30,"gold_loss":0},{"damage_healed":0,"gold_gain":0,"player_choice":"Fled From Nobs","damage_taken":0,"max_hp_gain":0,"max_hp_loss":0,"event_name":"Colosseum","floor":30,"gold_loss":0},{"damage_healed":0,"gold_gain":0,"player_choice":"Fought Bandits","damage_taken":0,"max_hp_gain":0,"max_hp_loss":0,"event_name":"Masked Bandits","floor":31,"gold_loss":0}],"is_beta":false,"boss_relics":[{"not_picked":["Runic Dome","Pandora\u0027s Box"],"picked":"Empty Cage"}],"items_purged_floors":[],"is_endless":false,"potions_floor_spawned":[12,13,16,18,22,25,30],"killed_by":"Collector","ascension_level":0}}