{"host":"y1gy3vaohdji07z5","time":1608758149,"event":{"mods":["BaseMod","Colored Map","Colored Powertips","Hermit","Minty Spire (QoL Compilation)","Random Character Button","Rare Cards Sparkle","StSLib"],"gold_per_floor":[121,308,320,332,344,396,408,463,475,511,523,584,596,641,653,789,801,850,862,874,811,842,854,878,878],"floor_reached":24,"playtime":1233,"items_purged":[],"score":267,"play_id":"d458b071-69c3-4219-8874-99cf01d305ac","local_time":"20201223221549","is_ascension_mode":true,"campfire_choices":[{"floor":7,"key":"REST"},{"floor":11,"key":"REST"},{"floor":13,"key":"REST"},{"data":"hermit:Scavenge","floor":15,"key":"SMITH"},{"data":"Bite","floor":23,"key":"SMITH"}],"circlet_count":0,"master_deck":["hermit:Defend_Hermit","hermit:Defend_Hermit","hermit:Defend_Hermit","hermit:Snapshot","hermit:Covet","hermit:PistolWhip","Doubt","Regret","Injury","hermit:Scavenge+1","hermit:Spite","hermit:Scavenge","hermit:Horror","hermit:Reprieve","hermit:Midnight","Bite+1","Bite","Bite","Bite","Bite"],"relics":["hermit:Momento","MawBank","Darkstone Periapt","Ginger","Golden Idol","Pocketwatch","Bag of Preparation","Nunchaku","Singing Bowl","Cursed Key"],"acts_visited":["Exordium","TheCity"],"potions_floor_usage":[16,16],"damage_taken":[{"damage":1,"enemies":"Cultist","floor":1,"turns":3},{"damage":61,"enemies":"Lagavulin","floor":6,"turns":7},{"damage":37,"enemies":"3 Sentries","floor":8,"turns":10},{"damage":0,"enemies":"Jaw Worm","floor":10,"turns":5},{"damage":23,"enemies":"Lagavulin","floor":12,"turns":9},{"damage":0,"enemies":"Small Slimes","floor":14,"turns":3},{"damage":36,"enemies":"The Guardian","floor":16,"turns":14},{"damage":34,"enemies":"3 Byrds","floor":18,"turns":6},{"damage":11,"enemies":"Chosen","floor":22,"turns":4},{"damage":79,"enemies":"Book of Stabbing","floor":24,"turns":5}],"seed_played":"-6649294780484739922","potions_obtained":[{"floor":8,"key":"hermit:Tonic"},{"floor":14,"key":"Regen Potion"},{"floor":16,"key":"Strength Potion"},{"floor":22,"key":"BlessingOfTheForge"}],"is_trial":false,"path_per_floor":["M","?","?","?","?","E","R","E","T","M","R","E","R","M","R","B",null,"M","?","?","?","M","R","E"],"character_chosen":"HERMIT","items_purchased":[],"campfire_rested":3,"item_purchase_floors":[],"current_hp_per_floor":[74,74,62,68,74,13,39,2,2,2,28,7,33,33,33,12,89,55,55,55,55,58,58,0,0],"gold":878,"neow_bonus":"RANDOM_COMMON_RELIC","is_daily":false,"chose_seed":false,"campfire_upgraded":2,"win_rate":0.0,"timestamp":1608758149,"path_taken":["M","?","?","?","?","E","R","E","T","?","R","E","R","M","R","BOSS","M","?","?","?","M","R","E"],"items_purchased_type":[],"build_version":"2020-12-22","purchased_purges":0,"victory":false,"max_hp_per_floor":[75,75,75,81,87,87,87,87,87,87,87,89,89,89,89,89,89,89,89,62,62,64,64,64,64],"card_choices":[{"not_picked":["hermit:Ricochet","hermit:ItchyTrigger"],"picked":"hermit:PistolWhip","floor":1},{"not_picked":["hermit:Desperado","hermit:FullyLoaded"],"picked":"hermit:Scavenge","floor":6},{"not_picked":["hermit:TrackingShot","hermit:Headshot"],"picked":"hermit:Spite","floor":8},{"not_picked":["hermit:Cheat","hermit:WideOpen"],"picked":"hermit:Scavenge","floor":10},{"not_picked":["hermit:RoundhouseKick","hermit:Misfire","hermit:Headshot"],"picked":"Singing Bowl","floor":12},{"not_picked":["hermit:LowProfile","hermit:HighCaliber"],"picked":"hermit:Horror","floor":14},{"not_picked":["hermit:Magnum","hermit:DeadOrAlive"],"picked":"hermit:Reprieve","floor":16},{"not_picked":["hermit:Determination","hermit:Coalescence"],"picked":"hermit:Midnight","floor":18},{"not_picked":["hermit:Headshot","hermit:Roulette+1","hermit:Vantage+1"],"picked":"Singing Bowl","floor":22}],"player_experience":354355,"relics_obtained":[{"floor":6,"key":"Pocketwatch"},{"floor":8,"key":"Bag of Preparation"},{"floor":9,"key":"Nunchaku"},{"floor":12,"key":"Singing Bowl"}],"event_choices":[{"damage_healed":0,"gold_gain":175,"player_choice":"AGREE","damage_taken":0,"max_hp_gain":0,"max_hp_loss":0,"event_name":"Liars Game","floor":2,"gold_loss":0,"cards_obtained":["Doubt"]},{"damage_healed":0,"gold_gain":0,"player_choice":"Success","damage_taken":12,"relics_obtained":["Darkstone Periapt"],"max_hp_gain":0,"max_hp_loss":0,"event_name":"Scrap Ooze","floor":3,"gold_loss":0},{"damage_healed":0,"gold_gain":0,"player_choice":"Box","damage_taken":0,"relics_obtained":["Ginger"],"max_hp_gain":0,"max_hp_loss":0,"event_name":"Big Fish","floor":4,"gold_loss":0,"cards_obtained":["Regret"]},{"damage_healed":0,"gold_gain":0,"player_choice":"Take Wound","damage_taken":0,"relics_obtained":["Golden Idol"],"max_hp_gain":0,"max_hp_loss":0,"event_name":"Golden Idol","floor":5,"gold_loss":0,"cards_obtained":["Injury"]},{"damage_healed":0,"gold_gain":0,"player_choice":"Ignored","damage_taken":0,"max_hp_gain":0,"max_hp_loss":0,"event_name":"Ghosts","floor":19,"gold_loss":0},{"damage_healed":0,"gold_gain":0,"player_choice":"Became a vampire","damage_taken":0,"max_hp_gain":0,"max_hp_loss":27,"event_name":"Vampires","floor":20,"gold_loss":0,"cards_obtained":["Bite","Bite","Bite","Bite","Bite"]},{"cards_removed":["hermit:Defend_Hermit"],"damage_healed":0,"gold_gain":0,"player_choice":"Gave Gold","damage_taken":0,"max_hp_gain":0,"max_hp_loss":0,"event_name":"Beggar","floor":21,"gold_loss":75}],"is_beta":false,"boss_relics":[{"not_picked":["SacredBark","Runic Pyramid"],"picked":"Cursed Key"}],"items_purged_floors":[],"is_endless":false,"potions_floor_spawned":[8,14,16,22],"killed_by":"Book of Stabbing","ascension_level":3}}