{"host":"flm17o2q7bfjyna6","time":1608738423,"event":{"mods":["2.2 Compatiblity","Act Like it!","BaseMod","Better Altar","Better Match","Better Note","Better Sensory Stone","Better Skull","Better Third Choice","Better Vampires","Colored Map","Colored Powertips","DeckTracker","Hermit","Ironclad Rager","Minty Spire (QoL Compilation)","Quick Restart","Replay The Spire","Reworked Bosses","Somnambulant","Spicy Shops","StSLib","The Marked","Wandering Minibosses"],"gold_per_floor":[118,135,103,114,125,125,156,170,170,170,18,35,69,69,69,167,167,183,183,108,37,47,47,60,80,105,138,138,138,138,148,148,243,243,255,255,268,287,287,320,47,66,90,105,105,5,15,27,27,27],"floor_reached":51,"playtime":2174,"items_purged":["Doubt","theMarked:BanishingStrike"],"score":786,"play_id":"78e8697e-b17c-4364-b5fc-fbce7f6209b5","local_time":"20201223104703","is_ascension_mode":false,"campfire_choices":[{"data":"theMarked:SoldierOfQuellstein","floor":6,"key":"SMITH"},{"data":"theMarked:SwordAndMagic","floor":10,"key":"SMITH"},{"data":"theMarked:Improvise","floor":15,"key":"SMITH"},{"data":"theMarked:Defend","floor":23,"key":"SMITH"},{"data":"theMarked:Improvise","floor":28,"key":"SMITH"},{"data":"theMarked:Defend","floor":32,"key":"SMITH"},{"floor":45,"key":"REST"},{"floor":49,"key":"REST"}],"circlet_count":0,"master_deck":["theMarked:SoldierOfQuellstein+1","theMarked:SwordAndMagic+1","theMarked:EmpowerWeapon","theMarked:Aftermath","theMarked:WastefulDefense","theMarked:MaelstromOfLightning","theMarked:Improvise+1","theMarked:ChannelForce","theMarked:SoldierForm","theMarked:Seal+1","theMarked:Overcharge+1","theMarked:BanishingWave","theMarked:WastefulAttack+1","theMarked:Improvise+1","theMarked:ElectricStrings+1","theMarked:ChainLightning","theMarked:TakeCover","theMarked:ResourceFulStrike","theMarked:SwordAndMagic","theMarked:Frustration","theMarked:DeterminationOfTheMarked","theMarked:RepellingDischarge","theMarked:SelfDefenseTraining","theMarked:ComboAttacks","Pot Of Greed","Pot Of Greed","Pot Of Greed","theMarked:RepellingDischarge+1","theMarked:StartUp"],"relics":["theMarked:ArtifactOfAir","NeowsBlessing","betterThird:SlimedRelic","ReplayTheSpireMod:TigerMarble","Ice Cream","theMarked:Winder","Mirror","Busted Crown","HandDrill","Bag of Marbles","Replay:PocketPolymizer","Pandora\u0027s Box","Grinning Jar","Centennial Puzzle","Calipers","Vajra"],"acts_visited":["Exordium","TheCity","TheBeyond"],"potions_floor_usage":[7,13,24,33,48,50,50],"damage_taken":[{"damage":0,"enemies":"Cultist","floor":1,"turns":1},{"damage":0,"enemies":"Jaw Worm","floor":2,"turns":1},{"damage":0,"enemies":"2 Louse","floor":4,"turns":1},{"damage":11,"enemies":"Large Slime","floor":5,"turns":6},{"damage":26,"enemies":"Lagavulin","floor":7,"turns":7},{"damage":0,"enemies":"2 Fungi Beasts","floor":8,"turns":4},{"damage":0,"enemies":"Lots of Slimes","floor":12,"turns":4},{"damage":19,"enemies":"3 Sentries","floor":13,"turns":6},{"damage":0,"enemies":"Slime Boss","floor":16,"turns":4},{"damage":6,"enemies":"Chosen","floor":18,"turns":2},{"damage":3,"enemies":"Spheric Guardian","floor":22,"turns":3},{"damage":2,"enemies":"Centurion and Healer","floor":24,"turns":4},{"damage":7,"enemies":"Shelled Parasite and Fungi","floor":25,"turns":3},{"damage":0,"enemies":"Gremlin Leader","floor":27,"turns":3},{"damage":23,"enemies":"Snake Plant","floor":31,"turns":4},{"damage":11,"enemies":"bossMod:newCollector","floor":33,"turns":5},{"damage":0,"enemies":"3 Shapes","floor":35,"turns":1},{"damage":2,"enemies":"3 Darklings","floor":37,"turns":2},{"damage":0,"enemies":"Maw","floor":38,"turns":6},{"damage":32,"enemies":"Giant Head","floor":40,"turns":5},{"damage":33,"enemies":"Sphere and 2 Shapes","floor":42,"turns":4},{"damage":0,"enemies":"Transient","floor":44,"turns":5},{"damage":4,"enemies":"Writhing Mass","floor":47,"turns":3},{"damage":0,"enemies":"Sphere and 2 Shapes","floor":48,"turns":1},{"damage":5,"enemies":"bossMod:newAwakened","floor":50,"turns":9}],"seed_played":"5471352791180243907","potions_obtained":[{"floor":1,"key":"Venom Potion"},{"floor":4,"key":"Regen Potion"},{"floor":5,"key":"SkillPotion"},{"floor":7,"key":"Block Potion"},{"floor":19,"key":"DuplicationPotion"},{"floor":19,"key":"Toxic Potion"},{"floor":24,"key":"Strength Potion"},{"floor":33,"key":"Toxic Potion"},{"floor":47,"key":"Dexterity Potion"},{"floor":48,"key":"SmokeBomb"}],"is_trial":false,"path_per_floor":["M","M","?","M","M","R","E","M","T","R","$","M","E","$","R","B",null,"M","?","?","$","M","R","M","M","T","E","R","?","?","M","R_BF","B",null,"M","?","M","M","?","E","$","M","T","M","R","$","M","M","R","B",null],"character_chosen":"THE_DEFAULT","items_purchased":["theMarked:Winder","HandDrill","Centennial Puzzle","Calipers"],"campfire_rested":2,"item_purchase_floors":[11,21,41,41],"current_hp_per_floor":[70,70,59,59,48,48,22,22,22,22,22,22,18,18,18,18,70,64,64,64,64,61,61,59,52,52,52,52,52,52,29,29,18,70,70,70,68,68,70,38,38,5,5,5,26,26,22,22,43,38],"gold":27,"neow_bonus":"THREE_ENEMY_KILL","is_daily":false,"chose_seed":false,"campfire_upgraded":6,"win_rate":0.0,"timestamp":1608738423,"path_taken":["M","?","?","M","M","R","E","M","T","R","$","M","E","$","R","BOSS","M","?","?","$","M","R","?","M","T","E","R","?","?","M","R_BF","BOSS","M","?","M","M","?","E","$","M","T","?","R","$","M","M","R","BOSS"],"items_purchased_type":["Relic","Relic","Relic","Relic"],"build_version":"2020-12-22","purchased_purges":2,"victory":true,"max_hp_per_floor":[70,70,70,70,70,70,70,70,70,70,70,70,70,70,70,70,70,70,70,70,70,70,70,70,70,70,70,70,70,70,70,70,70,70,70,70,70,70,70,70,70,70,70,70,70,70,70,70,70,70],"card_choices":[{"not_picked":["theMarked:EnhanceMovement","theMarked:ElectricStrings"],"picked":"theMarked:SwordAndMagic","floor":1},{"not_picked":["theMarked:TwofoldDefense","theMarked:CreepingChasm"],"picked":"theMarked:EmpowerWeapon","floor":2},{"not_picked":["theMarked:Aftermath","theMarked:TurnInvisible"],"picked":"theMarked:BanishingStrike","floor":4},{"not_picked":["theMarked:RepellingDischarge","theMarked:EmpowerWeapon"],"picked":"theMarked:Aftermath","floor":5},{"not_picked":["theMarked:Polarize","theMarked:Generate"],"picked":"theMarked:WastefulDefense","floor":7},{"not_picked":["theMarked:PowerFlow","theMarked:SwordAndMagic"],"picked":"theMarked:MaelstromOfLightning","floor":8},{"not_picked":["theMarked:TakeCover","theMarked:Aftermath"],"picked":"theMarked:Improvise","floor":12},{"not_picked":["theMarked:Aftermath","theMarked:ResourceFulStrike"],"picked":"theMarked:ChannelForce","floor":13},{"not_picked":["theMarked:UnarmedFury","theMarked:Snap"],"picked":"theMarked:SoldierForm","floor":16},{"not_picked":[],"picked":"theMarked:Seal+1","floor":18},{"not_picked":[],"picked":"theMarked:Overcharge+1","floor":20},{"not_picked":[],"picked":"theMarked:BanishingWave","floor":22},{"not_picked":[],"picked":"theMarked:WastefulAttack+1","floor":24},{"not_picked":["theMarked:Parkour"],"picked":"SKIP","floor":25},{"not_picked":["theMarked:Frustration"],"picked":"SKIP","floor":27},{"not_picked":[],"picked":"theMarked:ElectricStrings+1","floor":31},{"not_picked":[],"picked":"theMarked:SelfDefenseTraining","floor":35},{"not_picked":[],"picked":"theMarked:ComboAttacks","floor":37},{"not_picked":["theMarked:ChainLightning+1"],"picked":"SKIP","floor":38},{"not_picked":["theMarked:ComboAttacks"],"picked":"SKIP","floor":40},{"not_picked":["theMarked:WastefulAttack"],"picked":"SKIP","floor":42},{"not_picked":["theMarked:ReduceFriction"],"picked":"SKIP","floor":44},{"not_picked":[],"picked":"theMarked:RepellingDischarge+1","floor":47},{"not_picked":[],"picked":"theMarked:StartUp","floor":48}],"player_experience":1605334,"relics_obtained":[{"floor":7,"key":"ReplayTheSpireMod:TigerMarble"},{"floor":9,"key":"Ice Cream"},{"floor":13,"key":"Mirror"},{"floor":26,"key":"Bag of Marbles"},{"floor":27,"key":"Replay:PocketPolymizer"},{"floor":40,"key":"Grinning Jar"},{"floor":43,"key":"Vajra"}],"event_choices":[{"damage_healed":0,"gold_gain":0,"player_choice":"Slimed","damage_taken":11,"max_hp_gain":0,"max_hp_loss":0,"event_name":"betterThird:BetterGoop","floor":3,"gold_loss":32},{"damage_healed":0,"gold_gain":0,"player_choice":"Got Potions","damage_taken":0,"max_hp_gain":0,"max_hp_loss":0,"event_name":"Lab","floor":19,"gold_loss":0},{"damage_healed":0,"gold_gain":0,"player_choice":"2","damage_taken":0,"max_hp_gain":0,"max_hp_loss":0,"event_name":"betterMatch:BetterMatch","floor":20,"gold_loss":0,"cards_obtained":["betterMatch:UncommonCard"]},{"cards_removed":["theMarked:Strike"],"damage_healed":0,"gold_gain":0,"player_choice":"Purged","damage_taken":0,"max_hp_gain":0,"max_hp_loss":0,"event_name":"Purifier","floor":29,"gold_loss":0},{"damage_healed":0,"gold_gain":0,"player_choice":"Ignored","damage_taken":0,"max_hp_gain":0,"max_hp_loss":0,"event_name":"N\u0027loth","floor":30,"gold_loss":0},{"damage_healed":2,"gold_gain":0,"player_choice":"Full Heal","damage_taken":0,"max_hp_gain":0,"max_hp_loss":0,"event_name":"Wheel of Change","floor":39,"gold_loss":0}],"is_beta":false,"boss_relics":[{"not_picked":["theMarked:BronzeBlade","Cursed Key"],"picked":"Busted Crown"},{"not_picked":["theMarked:Eyepatch","ReplayTheSpireMod:DimensionalGlitch"],"picked":"Pandora\u0027s Box"}],"items_purged_floors":[41,46],"is_endless":false,"potions_floor_spawned":[1,4,5,7,22,24,33,37,38,40,47,48],"ascension_level":0}}