{"host":"flm17o2q7bfjyna6","time":1608736239,"event":{"mods":["2.2 Compatiblity","Act Like it!","BaseMod","Better Altar","Better Match","Better Note","Better Sensory Stone","Better Skull","Better Third Choice","Better Vampires","Colored Map","Colored Powertips","DeckTracker","Hermit","Ironclad Rager","Minty Spire (QoL Compilation)","Quick Restart","Replay The Spire","Reworked Bosses","Somnambulant","Spicy Shops","StSLib","The Marked","Wandering Minibosses"],"gold_per_floor":[110,126,51,51,51,12,26,54,54,87,114,114,97,19,19,19,19,118,118,146,146,129,129,129,137,137],"floor_reached":25,"playtime":1260,"items_purged":["theMarked:Strike"],"score":207,"play_id":"40194fdc-00b2-442b-924b-15eb73871494","local_time":"20201223101039","is_ascension_mode":false,"campfire_choices":[{"data":"theMarked:SoldierOfQuellstein","floor":9,"key":"SMITH"},{"data":"theMarked:ComboAttacks","floor":12,"key":"SMITH"},{"data":"theMarked:KeepCalmAndFightOn","floor":15,"key":"SMITH"},{"data":"theMarked:BanishingStrike","floor":17,"key":"SMITH"}],"circlet_count":0,"master_deck":["theMarked:Strike","theMarked:Strike","theMarked:Strike","theMarked:Strike","theMarked:Defend","theMarked:Defend","theMarked:Defend","theMarked:Defend","theMarked:SoldierOfQuellstein+1","theMarked:StartUp","theMarked:Opportunist","theMarked:KeepCalmAndFightOn+1","theMarked:BanishingStrike+1","theMarked:DeterminationOfTheMarked","theMarked:ComboAttacks+1","theMarked:TwofoldDefense","Parasite","theMarked:SuspiciousRaven","CurseOfTheBell","theMarked:Improvise","theMarked:Panic+1","Writhe","theMarked:BanishingStrike+1"],"relics":["theMarked:ArtifactOfAir","NeowsBlessing","Pet Ghost","Oddly Smooth Stone","Calling Bell","Replay:Bandana","Frozen Egg 2","FossilizedHelix","Shovel"],"acts_visited":["Exordium","TheCity"],"potions_floor_usage":[13,22,22],"damage_taken":[{"damage":0,"enemies":"Cultist","floor":1,"turns":1},{"damage":0,"enemies":"2 Louse","floor":2,"turns":1},{"damage":0,"enemies":"Jaw Worm","floor":7,"turns":1},{"damage":18,"enemies":"3 Sentries","floor":8,"turns":3},{"damage":24,"enemies":"Gremlin Nob","floor":10,"turns":5},{"damage":10,"enemies":"Exordium Thugs","floor":13,"turns":6},{"damage":12,"enemies":"Fading Forest","floor":18,"turns":11},{"damage":19,"enemies":"Chosen","floor":20,"turns":6},{"damage":17,"enemies":"3 Byrds","floor":22,"turns":6},{"damage":40,"enemies":"Book of Stabbing","floor":25,"turns":6}],"seed_played":"-2227455001782575055","potions_obtained":[{"floor":2,"key":"FearPotion"},{"floor":10,"key":"Explosive Potion"},{"floor":18,"key":"ColorlessPotion"}],"is_trial":false,"path_per_floor":["M","M","$","PTL","PTL","$","M","E","R","E","T","R","M","$","R","?","R","B",null,"M","?","M","?","?","E"],"character_chosen":"THE_DEFAULT","items_purchased":["theMarked:KeepCalmAndFightOn","Membership Card"],"campfire_rested":0,"item_purchase_floors":[6,14],"current_hp_per_floor":[70,70,70,70,70,70,70,52,52,28,28,28,18,18,18,35,35,49,70,51,51,34,34,34,0,0],"gold":137,"neow_bonus":"THREE_ENEMY_KILL","is_daily":false,"chose_seed":false,"campfire_upgraded":4,"win_rate":0.0,"timestamp":1608736239,"path_taken":["M","?","$","PTL","PTL","?","M","E","R","E","T","R","M","$","R","?","R","BOSS","M","?","M","?","?","E"],"items_purchased_type":["Card","Relic"],"build_version":"2020-12-22","purchased_purges":1,"victory":false,"max_hp_per_floor":[70,70,70,70,70,70,70,70,70,70,70,70,70,70,70,70,70,70,70,70,70,70,70,70,70,70],"card_choices":[{"not_picked":["theMarked:Improvise","theMarked:ResourceFulStrike"],"picked":"theMarked:StartUp","floor":1},{"not_picked":["theMarked:RepellingDischarge","theMarked:ElectricStrings"],"picked":"theMarked:Opportunist","floor":2},{"not_picked":["theMarked:Parkour","theMarked:Improvise"],"picked":"theMarked:BanishingStrike","floor":7},{"not_picked":["theMarked:Improvise","theMarked:Panic"],"picked":"theMarked:DeterminationOfTheMarked","floor":8},{"not_picked":["theMarked:WastefulAttack","theMarked:DeterminationOfTheMarked"],"picked":"theMarked:ComboAttacks","floor":10},{"not_picked":["theMarked:ChainLightning","theMarked:ReduceFriction"],"picked":"theMarked:TwofoldDefense","floor":13},{"not_picked":["theMarked:UnarmedFury","theMarked:ChannelForce"],"picked":"theMarked:SuspiciousRaven","floor":18},{"not_picked":["theMarked:EnhanceMovement","theMarked:RepellingDischarge"],"picked":"theMarked:Improvise","floor":20},{"not_picked":["theMarked:Frustration","theMarked:Electrocute"],"picked":"theMarked:Panic+1","floor":22}],"player_experience":1605334,"relics_obtained":[{"floor":8,"key":"Pet Ghost"},{"floor":10,"key":"Oddly Smooth Stone"},{"floor":11,"key":"Nunchaku"},{"floor":19,"key":"Replay:Bandana"},{"floor":19,"key":"Frozen Egg 2"},{"floor":19,"key":"FossilizedHelix"}],"event_choices":[{"damage_healed":17,"gold_gain":0,"player_choice":"Healed and dodged fight","damage_taken":0,"max_hp_gain":0,"max_hp_loss":0,"event_name":"Mushrooms","floor":16,"gold_loss":0,"cards_obtained":["Parasite"]},{"cards_removed":["theMarked:Strike"],"damage_healed":0,"gold_gain":0,"player_choice":"Give","damage_taken":0,"max_hp_gain":0,"max_hp_loss":0,"event_name":"betterNote:BetterNote","floor":21,"gold_loss":0,"cards_obtained":["Strike_B"]},{"damage_healed":0,"gold_gain":0,"player_choice":"Opened","damage_taken":0,"relics_obtained":["Shovel"],"max_hp_gain":0,"max_hp_loss":0,"event_name":"The Mausoleum","floor":23,"gold_loss":0,"cards_obtained":["Writhe"]},{"damage_healed":0,"gold_gain":0,"player_choice":"Copied","damage_taken":0,"max_hp_gain":0,"max_hp_loss":0,"event_name":"Duplicator","floor":24,"gold_loss":0,"cards_obtained":["theMarked:BanishingStrike"]}],"is_beta":false,"boss_relics":[{"not_picked":["Busted Crown","Kintsugi"],"picked":"Calling Bell"}],"items_purged_floors":[3],"is_endless":false,"potions_floor_spawned":[2,10,18],"killed_by":"Book of Stabbing","ascension_level":0}}