{"host":"s7tmyr5e6xvpia4b","time":1608734656,"event":{"mods":["ATMod(°¢èªMod)","BaseMod","Bestiary","Better Synergies","BshForSts","Curses Come First","GifTheSpireLib","Minty Spire (QoL Compilation)","Replay The Spire","StSLib","The Blue Laboratory","[IsaacMod]ÒÔÈö¼âËþ","noobMod","¡¾ÒÅÎï¿¨ÅÆ¡¿REMEMod"],"gold_per_floor":[116,116,116,8,8,8,21,21,45,45,73,73,85,97,97,201,201,215,42,42,42,57,71,87,87,98,98,98,98,111,140,239,272,272,372,372,406,438,63,88,388,413,127,160,160,160,175,175,175,639,639,764,904],"floor_reached":54,"playtime":4374,"items_purged":["Strike_G","Strike_G","Strike_G","Defend_G","Defend_G"],"score":3509,"play_id":"f1c3f82e-6a7e-49c1-bff9-4b98a5beee65","local_time":"20201223224416","is_ascension_mode":true,"campfire_choices":[{"data":"Well Laid Plans","floor":6,"key":"SMITH"},{"data":"ReplayTheSpireMod:Speed Training","floor":8,"key":"SMITH"},{"data":"Doppelganger","floor":12,"key":"SMITH"},{"data":"Blade Dance","floor":15,"key":"SMITH"},{"data":"AT_ArcaneSupremacy","floor":25,"key":"SMITH"},{"data":"Calculated Gamble","floor":27,"key":"SMITH"},{"data":"Infinite Blades","floor":29,"key":"SMITH"},{"data":"Noxious Fumes","floor":46,"key":"SMITH"},{"data":"Replay:Poison Smokescreen","floor":51,"key":"SMITH"}],"circlet_count":0,"master_deck":["Defend_G+1","Survivor","Neutralize","Doppelganger+1","Well Laid Plans+1","Blade Dance+1","Blade Dance+1","ReplayTheSpireMod:Speed Training+1","Tools of the Trade","Replay:Poison Smokescreen+1","Infinite Blades+1","AT_ArcaneSupremacy+1","Prepared","AT_WindFlip","Calculated Gamble+1","Hidden Blade+1","Blade Dance","Phantasmal Killer","Sneak Up","Noxious Fumes+1","REME_GreenPollution+1"],"relics":["Ring of the Snake","AT_ATBox","ice","HushsDoor","REME_ComplimentaryCards","Pet Ghost","PokeGo","Replay:Wax Seal","REME_PuzzleBoxRelic","Lizard Tail","Replay:Grab Bag","BelialBook","BookofShadows","Toy Ornithopter","Basket Of Snakes","MealTicket","Philosopher\u0027s Stone","ChampionBelt","MagicMushroom","Empty Cage","GuppysCollar","GuppysHairball","Lantern","Bottled Tornado","AT_BellDemon","AT_PhaseBoots","Vampiric Spirits","Boot","Membership Card","Simple Rune","HowToJump","SatanicBible","Tough Bandages","Nunchaku","AT_MibuBalloonWealth","Bag of Marbles","Calipers","Oddly Smooth Stone"],"acts_visited":["TheCity","TheBeyond"],"potions_floor_usage":[11,31,53,53,53],"damage_taken":[{"damage":2,"enemies":"Cultist","floor":1,"turns":4},{"damage":0,"enemies":"2 Louse","floor":7,"turns":3},{"damage":0,"enemies":"Gremlin Nob","floor":11,"turns":4},{"damage":10,"enemies":"Small Slimes","floor":13,"turns":4},{"damage":0,"enemies":"Red Slaver","floor":14,"turns":3},{"damage":21,"enemies":"Fading Forest","floor":16,"turns":11},{"damage":0,"enemies":"Spheric Guardian","floor":18,"turns":5},{"damage":2,"enemies":"Chosen","floor":22,"turns":3},{"damage":33,"enemies":"Centurion and Healer","floor":23,"turns":9},{"damage":0,"enemies":"Shelled Parasite and Fungi","floor":24,"turns":9},{"damage":68,"enemies":"Snake Plant","floor":26,"turns":6},{"damage":0,"enemies":"Centurion and Healer","floor":30,"turns":4},{"damage":1,"enemies":"Slavers","floor":31,"turns":2},{"damage":0,"enemies":"Book of Stabbing","floor":33,"turns":3},{"damage":28,"enemies":"Pondfish","floor":35,"turns":6},{"damage":0,"enemies":"Reptomancer","floor":37,"turns":3},{"damage":0,"enemies":"R_Hoarder","floor":38,"turns":4},{"damage":0,"enemies":"Mind Bloom Boss Battle","floor":40,"turns":2},{"damage":0,"enemies":"Nemesis","floor":42,"turns":3},{"damage":0,"enemies":"R_Hoarder","floor":44,"turns":3},{"damage":0,"enemies":"3 Darklings","floor":47,"turns":3},{"damage":0,"enemies":"Nemesis","floor":50,"turns":3},{"damage":0,"enemies":"Awakened One","floor":52,"turns":4},{"damage":562,"enemies":"Delirium","floor":53,"turns":9}],"seed_played":"-5071212998165227711","potions_obtained":[{"floor":1,"key":"Poison Potion"},{"floor":22,"key":"Ancient Potion"},{"floor":23,"key":"blueLaboratory:NullPotion"},{"floor":30,"key":"EntropicBrew"},{"floor":33,"key":"FearPotion"},{"floor":38,"key":"blueLaboratory:PhilterOfMotion"}],"is_trial":false,"path_per_floor":["M","?","T","$","?","R","M","R","T","?","E","R","M","M","R","B",null,"M","$","PTL","PTL","M","M","M","R","M","R","T","R","M","E","?","E","R","B",null,"M","M","$","?","?","E","$","E","T","R","M","?","?","M","R","B","B",null],"character_chosen":"THE_SILENT","items_purchased":["Blade Dance","BelialBook","Infinite Blades","GuppysCollar","GuppysHairball","AT_BellDemon","AT_SpeedBoots","Sneak Up","Membership Card"],"campfire_rested":0,"item_purchase_floors":[4,17,19,36,36,39,39,39,43],"current_hp_per_floor":[53,53,53,53,46,46,46,46,46,46,46,46,36,36,36,27,55,55,55,55,55,53,22,22,22,61,61,61,61,61,60,60,60,45,19,42,43,44,47,47,47,52,52,52,52,52,52,49,49,1,1,44,2848],"gold":904,"neow_bonus":"RANDOM_EVENT","is_daily":false,"chose_seed":false,"campfire_upgraded":9,"win_rate":0.0,"timestamp":1608734656,"path_taken":["M","?","?","$","?","R","M","R","T","?","E","R","M","M","R","BOSS","M","$","PTL","PTL","M","M","M","R","M","R","T","R","M","E","?","E","R","BOSS","M","M","$","?","?","E","?","E","T","R","M","?","?","M","R","BOSS","BOSS"],"items_purchased_type":["Card","Relic","Card","Relic","Relic","Relic","Relic","Card","Relic"],"build_version":"2020-12-22","purchased_purges":5,"victory":true,"max_hp_per_floor":[70,70,70,70,70,70,70,70,70,70,70,70,70,70,70,70,55,55,55,55,55,55,55,55,55,61,61,61,61,61,63,63,68,68,70,47,47,47,47,52,52,52,52,52,52,52,52,49,49,52,52,54,2983],"card_choices":[{"not_picked":["Bane","Slice"],"picked":"Well Laid Plans","floor":1},{"not_picked":["Outmaneuver","Flechettes"],"picked":"ReplayTheSpireMod:Speed Training","floor":7},{"not_picked":["REME_SpectralBlade","Underhanded Strike","ReplayTheSpireMod:Speed Training"],"picked":"SKIP","floor":11},{"not_picked":["ReplayTheSpireMod:Tripwire","Quick Slash","Flying Knee"],"picked":"SKIP","floor":13},{"not_picked":["Underhanded Strike","PiercingWail","Expertise"],"picked":"SKIP","floor":14},{"not_picked":["Wraith Form v2","Doppelganger"],"picked":"Tools of the Trade","floor":16},{"not_picked":["Leg Sweep","Prepared"],"picked":"Replay:Poison Smokescreen","floor":18},{"not_picked":["Quick Slash","Flying Knee+1"],"picked":"AT_ArcaneSupremacy","floor":22},{"not_picked":["Dagger Spray","Outmaneuver"],"picked":"Prepared","floor":23},{"not_picked":["Backstab","Deadly Poison"],"picked":"AT_WindFlip","floor":24},{"not_picked":["Wraith Form v2","Outmaneuver"],"picked":"Calculated Gamble","floor":26},{"not_picked":["Outmaneuver+1","AT_WindFlip"],"picked":"Hidden Blade+1","floor":30},{"not_picked":["Backflip","Finisher+1"],"picked":"Blade Dance","floor":31},{"not_picked":["Sucker Punch+1","Masterful Stab"],"picked":"Die Die Die","floor":33},{"not_picked":["Malaise","Glass Knife"],"picked":"Phantasmal Killer","floor":35},{"not_picked":["Flying Knee","Acrobatics","ReplayTheSpireMod:Scrap Shanks+1"],"picked":"SKIP","floor":37},{"not_picked":["Blade Dance","Footwork","REME_ShadowStrike"],"picked":"SKIP","floor":38},{"not_picked":["Acrobatics","ReplayTheSpireMod:Tripwire"],"picked":"Noxious Fumes","floor":42},{"not_picked":["ReplayTheSpireMod:Shiv Toss","Quick Slash"],"picked":"REME_GreenPollution+1","floor":44},{"not_picked":["Deflect","Sneak Up","Blur"],"picked":"SKIP","floor":47},{"not_picked":["Dodge and Roll","Blade Dance","Outmaneuver"],"picked":"SKIP","floor":50},{"not_picked":["Bane","Slice","Deflect"],"picked":"SKIP","floor":50}],"player_experience":24826,"relics_obtained":[{"floor":3,"key":"Replay:Wax Seal"},{"floor":9,"key":"REME_PuzzleBoxRelic"},{"floor":11,"key":"Lizard Tail"},{"floor":28,"key":"BookofShadows"},{"floor":31,"key":"Toy Ornithopter"},{"floor":33,"key":"Basket Of Snakes"},{"floor":37,"key":"Lantern"},{"floor":38,"key":"Bottled Tornado"},{"floor":40,"key":"Vampiric Spirits"},{"floor":42,"key":"Boot"},{"floor":44,"key":"Simple Rune"},{"floor":44,"key":"HowToJump"},{"floor":45,"key":"SatanicBible"},{"floor":47,"key":"Tough Bandages"},{"floor":50,"key":"Nunchaku"},{"floor":50,"key":"AT_MibuBalloonWealth"},{"floor":50,"key":"Bag of Marbles"},{"floor":50,"key":"Calipers"}],"event_choices":[{"cards_removed":["Strike_G"],"damage_healed":0,"gold_gain":0,"player_choice":"Purged","damage_taken":0,"max_hp_gain":0,"max_hp_loss":0,"event_name":"Purifier","floor":2,"gold_loss":0},{"cards_removed":["Strike_G"],"damage_healed":0,"gold_gain":0,"player_choice":"Card Removal","damage_taken":7,"max_hp_gain":0,"max_hp_loss":0,"event_name":"Golden Wing","floor":5,"gold_loss":0},{"damage_healed":0,"gold_gain":99,"player_choice":"Stole From Cult","damage_taken":0,"max_hp_gain":0,"max_hp_loss":0,"event_name":"Nest","floor":32,"gold_loss":0},{"damage_healed":0,"gold_gain":0,"player_choice":"Fight","damage_taken":0,"max_hp_gain":0,"max_hp_loss":0,"event_name":"MindBloom","floor":40,"gold_loss":0},{"damage_healed":0,"gold_gain":300,"player_choice":"Gold","damage_taken":0,"max_hp_gain":0,"max_hp_loss":0,"event_name":"Wheel of Change","floor":41,"gold_loss":0},{"damage_healed":0,"gold_gain":0,"player_choice":"Max HP","damage_taken":0,"max_hp_gain":0,"max_hp_loss":3,"event_name":"Winding Halls","floor":48,"gold_loss":0},{"cards_removed":["Die Die Die"],"damage_healed":0,"gold_gain":0,"player_choice":"Removed Attack","damage_taken":0,"max_hp_gain":0,"max_hp_loss":0,"event_name":"Falling","floor":49,"gold_loss":0}],"is_beta":false,"boss_relics":[{"not_picked":["Painkiller Herb","Snecko Eye"],"picked":"Replay:Grab Bag"},{"not_picked":[]},{"not_picked":["SlaversCollar","ChewingGum"],"picked":"Philosopher\u0027s Stone"},{"not_picked":["Velvet Choker","Fusion Hammer"],"picked":"ChampionBelt"},{"not_picked":["Tiny House","SacredBark"],"picked":"MagicMushroom"},{"not_picked":["Kintsugi","REME_DuelDisc"],"picked":"Empty Cage"},{"not_picked":["Empty Cage","Kintsugi","REME_DuelDisc"]}],"items_purged_floors":[4,17,19,36,43],"is_endless":false,"potions_floor_spawned":[1,22,23,30,33,38,47],"ascension_level":20}}