{"host":"26mrfot5w7uj2ebc","time":1608728794,"event":{"mods":["AchievementEnabler","BaseMod","Colored Map","Minty Spire (QoL Compilation)"],"gold_per_floor":[115,135,147,97,116,116,129,129,429,442,454,489,489,23,23,127,127,138,158,12,12,29,29,47,57,57,57,57,57,77,1,1,101,101,112,124,147,147,161,161,171,171,171,205,205,223,66,83,83,83,83],"floor_reached":50,"playtime":1916,"items_purged":[],"score":503,"play_id":"8bc6741c-5fb4-4b95-ac5a-ee0fa0a9b9d1","local_time":"20201223220634","is_ascension_mode":false,"campfire_choices":[{"floor":6.0,"key":"REST"},{"data":"Adaptation","floor":8.0,"key":"SMITH"},{"floor":13.0,"key":"REST"},{"data":"Crescendo","floor":15.0,"key":"SMITH"},{"data":"Writhe","floor":23.0,"key":"PURGE"},{"floor":28.0,"key":"REST"},{"floor":32.0,"key":"REST"},{"data":"Writhe","floor":40.0,"key":"PURGE"},{"floor":49.0,"key":"REST"}],"circlet_count":0,"master_deck":["Strike_P","Strike_P","Strike_P","Defend_P","Defend_P","Defend_P","Defend_P","Eruption","Vigilance","Panache","Consecrate","Crescendo+1","Adaptation+1","LikeWater","SpiritShield","FearNoEvil","FollowUp","ConjureBlade+1","Alpha+1","EmptyFist+1","EmptyMind+1","Scrawl+1","TalkToTheHand","Halt+1","Scrawl+1","Vengeance+1","DevaForm","Evaluate+1","Prostrate+1","SandsOfTime+1","TalkToTheHand","Adaptation+1","Doubt","LikeWater","WaveOfTheHand+1"],"relics":["PureWater","Old Coin","Toxic Egg 2","Torii","Lee\u0027s Waffle","SlaversCollar","Medical Kit","Peace Pipe","Ginger","Sozu","Gremlin Horn","Kunai","Ancient Tea Set"],"acts_visited":["Exordium","TheCity","TheBeyond"],"potions_floor_usage":[],"damage_taken":[{"damage":15.0,"enemies":"Jaw Worm","floor":1.0,"turns":3.0},{"damage":1.0,"enemies":"2 Louse","floor":2.0,"turns":2.0},{"damage":0.0,"enemies":"Cultist","floor":3.0,"turns":3.0},{"damage":0.0,"enemies":"Lots of Slimes","floor":5.0,"turns":2.0},{"damage":3.0,"enemies":"Red Slaver","floor":7.0,"turns":5.0},{"damage":18.0,"enemies":"2 Fungi Beasts","floor":10.0,"turns":3.0},{"damage":0.0,"enemies":"Looter","floor":11.0,"turns":3.0},{"damage":13.0,"enemies":"3 Sentries","floor":12.0,"turns":4.0},{"damage":52.0,"enemies":"Hexaghost","floor":16.0,"turns":10.0},{"damage":13.0,"enemies":"Spheric Guardian","floor":18.0,"turns":6.0},{"damage":22.0,"enemies":"2 Thieves","floor":19.0,"turns":4.0},{"damage":15.0,"enemies":"3 Cultists","floor":22.0,"turns":4.0},{"damage":2.0,"enemies":"Cultist and Chosen","floor":24.0,"turns":4.0},{"damage":16.0,"enemies":"Snake Plant","floor":25.0,"turns":4.0},{"damage":13.0,"enemies":"3 Cultists","floor":30.0,"turns":3.0},{"damage":30.0,"enemies":"Automaton","floor":33.0,"turns":6.0},{"damage":1.0,"enemies":"3 Shapes","floor":35.0,"turns":3.0},{"damage":1.0,"enemies":"Orb Walker","floor":36.0,"turns":3.0},{"damage":10.0,"enemies":"Writhing Mass","floor":39.0,"turns":4.0},{"damage":48.0,"enemies":"Jaw Worm Horde","floor":41.0,"turns":3.0},{"damage":9.0,"enemies":"Giant Head","floor":44.0,"turns":6.0},{"damage":25.0,"enemies":"Sphere and 2 Shapes","floor":46.0,"turns":6.0},{"damage":12.0,"enemies":"Spire Growth","floor":48.0,"turns":4.0},{"damage":74,"enemies":"Donu and Deca","floor":50,"turns":4}],"seed_played":"7411693480988110206","potions_obtained":[{"floor":1.0,"key":"DistilledChaos"},{"floor":7.0,"key":"Regen Potion"},{"floor":16.0,"key":"BlessingOfTheForge"},{"floor":22.0,"key":"DistilledChaos"},{"floor":25.0,"key":"DistilledChaos"}],"is_trial":false,"path_per_floor":["M","M","M","?","M","R","M","R","T","M","M","E","R","$","R","B",null,"M","M","$","?","M","R","M","M","T","?","R","$","M","$","R","B",null,"M","M","T","?","M","R","M","?","T","E","?","M","$","M","R","B"],"character_chosen":"WATCHER","items_purchased":["Torii","Lee\u0027s Waffle","Medical Kit","EssenceOfSteel","Ancient Tea Set"],"campfire_rested":5,"item_purchase_floors":[14,14,20,31,47],"current_hp_per_floor":[36,35,35,35,35,56,53,53,53,35,35,34,55,79,79,27,79,66,44,44,44,29,29,27,11,11,11,34,34,21,21,44,14,79,78,77,77,79,69,69,21,21,21,12,79,54,54,42,65,0,0],"gold":83,"neow_bonus":"RANDOM_COLORLESS_2","is_daily":false,"chose_seed":false,"campfire_upgraded":2,"win_rate":0.0,"timestamp":1608728794,"path_taken":["M","M","M","?","M","R","M","R","T","M","M","E","R","$","R","BOSS","M","M","$","?","M","R","M","M","T","?","R","$","?","?","R","BOSS","M","M","?","?","M","R","M","?","T","E","?","M","$","M","R","BOSS"],"items_purchased_type":["Relic","Relic","Relic","Potion","Relic"],"build_version":"2020-12-22","purchased_purges":0,"victory":false,"max_hp_per_floor":[72,72,72,72,72,72,72,72,72,72,72,72,72,79,79,79,79,79,79,79,79,79,79,79,79,79,79,79,79,79,79,79,79,79,79,79,79,79,79,79,79,79,79,79,79,79,79,79,79,79,79],"card_choices":[{"not_picked":["Chrysalis","Magnetism"],"picked":"Panache","floor":0.0},{"not_picked":["PathToVictory","EmptyFist"],"picked":"Consecrate","floor":1.0},{"not_picked":["Halt","CarveReality"],"picked":"Crescendo","floor":2.0},{"not_picked":["BowlingBash","Protect"],"picked":"Adaptation","floor":3.0},{"not_picked":["SashWhip","CutThroughFate"],"picked":"LikeWater","floor":5.0},{"not_picked":["Meditate","CutThroughFate"],"picked":"SpiritShield","floor":7.0},{"not_picked":["Indignation","Sanctity"],"picked":"FearNoEvil","floor":10.0},{"not_picked":["Protect","Worship"],"picked":"FollowUp","floor":11.0},{"not_picked":["Prostrate+1","WindmillStrike"],"picked":"ConjureBlade+1","floor":12.0},{"not_picked":["Blasphemy+1","Brilliance"],"picked":"Alpha+1","floor":16.0},{"not_picked":["CrushJoints","Weave"],"picked":"EmptyFist+1","floor":18.0},{"not_picked":["Protect+1","JustLucky+1"],"picked":"EmptyMind+1","floor":19.0},{"not_picked":["Sanctity+1","ThirdEye+1"],"picked":"Scrawl+1","floor":22.0},{"not_picked":["Prostrate+1","CutThroughFate"],"picked":"TalkToTheHand","floor":24.0},{"not_picked":["Consecrate","ThirdEye+1"],"picked":"Halt+1","floor":25.0},{"not_picked":["ThirdEye+1","FlurryOfBlows"],"picked":"Vengeance+1","floor":30.0},{"not_picked":["Devotion","Scrawl+1"],"picked":"DevaForm","floor":33.0},{"not_picked":["CarveReality","CutThroughFate"],"picked":"Evaluate+1","floor":35.0},{"not_picked":["WaveOfTheHand+1","FlyingSleeves+1"],"picked":"Prostrate+1","floor":36.0},{"not_picked":["Wireheading+1","Indignation+1"],"picked":"SandsOfTime+1","floor":39.0},{"not_picked":["EmptyFist","FollowUp+1"],"picked":"TalkToTheHand","floor":41.0},{"not_picked":["JustLucky","CrushJoints+1"],"picked":"Adaptation+1","floor":44.0},{"not_picked":["CrushJoints","ReachHeaven+1"],"picked":"LikeWater","floor":46.0},{"not_picked":["BowlingBash","Establishment"],"picked":"WaveOfTheHand+1","floor":48.0}],"player_experience":202721,"relics_obtained":[{"floor":9.0,"key":"Old Coin"},{"floor":12.0,"key":"Toxic Egg 2"},{"floor":26.0,"key":"Ginger"},{"floor":43.0,"key":"Gremlin Horn"},{"floor":44.0,"key":"Kunai"}],"event_choices":[{"cards_removed":["Strike_P"],"damage_healed":0.0,"max_hp_gain":0.0,"max_hp_loss":0.0,"gold_gain":0.0,"event_name":"The Cleric","player_choice":"Card Removal","floor":4.0,"gold_loss":50.0,"damage_taken":0.0},{"damage_healed":0.0,"max_hp_gain":0.0,"max_hp_loss":0.0,"gold_gain":0.0,"event_name":"The Mausoleum","player_choice":"Opened","floor":21.0,"gold_loss":0.0,"damage_taken":0.0,"relics_obtained":["Peace Pipe"],"cards_obtained":["Writhe"]},{"damage_healed":0.0,"max_hp_gain":0.0,"max_hp_loss":0.0,"gold_gain":0.0,"event_name":"Duplicator","player_choice":"Copied","floor":27.0,"gold_loss":0.0,"damage_taken":0.0,"cards_obtained":["Scrawl"]},{"damage_healed":20.0,"max_hp_gain":0.0,"max_hp_loss":0.0,"gold_gain":0.0,"event_name":"Winding Halls","player_choice":"Writhe","floor":38.0,"gold_loss":0.0,"damage_taken":0.0,"cards_obtained":["Writhe"]},{"damage_healed":0.0,"max_hp_gain":0.0,"max_hp_loss":0.0,"gold_gain":0.0,"event_name":"Mysterious Sphere","player_choice":"Ignored","floor":42.0,"gold_loss":0.0,"damage_taken":0.0},{"damage_healed":67.0,"max_hp_gain":0.0,"max_hp_loss":0.0,"gold_gain":0.0,"event_name":"MindBloom","player_choice":"Heal","floor":45.0,"gold_loss":0.0,"damage_taken":0.0,"cards_obtained":["Doubt"]}],"is_beta":false,"boss_relics":[{"not_picked":["SacredBark","Tiny House"],"picked":"SlaversCollar"},{"not_picked":["Black Star","Pandora\u0027s Box"],"picked":"Sozu"}],"items_purged_floors":[],"is_endless":false,"potions_floor_spawned":[1,7,16,22,25,35,44,48],"killed_by":"Donu and Deca","ascension_level":0}}