{"host":"t179ovrkr5k1gnfh","time":1608726131,"event":{"mods":["BaseMod","Colored Map","Marisa????????","Minty Spire (QoL Compilation)","StSLib"],"gold_per_floor":[110,110,110,120,120,154,154,25,25,66,66,66,102,122,122,252,252,273,372,396,409,409,409,424,439,439,459,459,500,500,5,5,129,129,143,143,206,227,227,227,267,267,315,350,364,89,104,104,104,104,104,104,52,85,85],"floor_reached":56,"playtime":4658,"items_purged":["Strike_MRS","Defend_MRS","Strike_MRS"],"score":1478,"play_id":"33cfb2ee-a36a-4d3a-9376-21438dbe6249","local_time":"20201223132211","is_ascension_mode":true,"campfire_choices":[{"floor":7,"key":"REST"},{"floor":12,"key":"REST"},{"data":"MilkyWay","floor":15,"key":"SMITH"},{"data":"MilkyWay","floor":23,"key":"SMITH"},{"floor":30,"key":"REST"},{"data":"Madness","floor":32,"key":"SMITH"},{"data":"Orbital","floor":40,"key":"SMITH"},{"data":"Madness","floor":42,"key":"SMITH"},{"floor":49,"key":"RECALL"},{"data":"GasGiant","floor":52,"key":"SMITH"}],"circlet_count":0,"master_deck":["Strike_MRS","Strike_MRS","Defend_MRS+1","MasterSpark","UpSweep","Madness+1","AlicesGift","WitchLeyline","SprinkleStarSeal","MysteriousBeam","MilkyWay+1","Parasite","Parasite","ShootingEcho","ChargeUpSpray","MaximisePower","DarkMatter+1","BlazingStar","Singularity+1","MilkyWay+1","Orbital","GasGiant+1","Orbital+1","MilkyWay+1","SuperNova","Madness+1","MagicAbsorber+1","LuminesStrike+1","Parasite","Orbital","6A"],"relics":["MiniHakkero","Ice Cream","Dream Catcher","Golden Idol","Torii","Ornamental Fan","ShroomBag","Oddly Smooth Stone","Sozu","Mummified Hand","Vajra","Bronze Scales","Meat on the Bone","Coffee Dripper","MagicBroom","War Paint","Regal Pillow","DollysMirror","Pear","Boot"],"acts_visited":["Exordium","TheCity","TheBeyond","TheEnding"],"potions_floor_usage":[13,16],"damage_taken":[{"damage":1,"enemies":"Cultist","floor":1,"turns":4},{"damage":7,"enemies":"2 Louse","floor":4,"turns":2},{"damage":16,"enemies":"3 Sentries","floor":6,"turns":7},{"damage":9,"enemies":"Lagavulin","floor":10,"turns":5},{"damage":0,"enemies":"Gremlin Nob","floor":13,"turns":3},{"damage":1,"enemies":"Small Slimes","floor":14,"turns":2},{"damage":0,"enemies":"Slime Boss","floor":16,"turns":5},{"damage":0,"enemies":"Spheric Guardian","floor":18,"turns":2},{"damage":7,"enemies":"Shell Parasite","floor":20,"turns":3},{"damage":12,"enemies":"Snecko","floor":21,"turns":3},{"damage":0,"enemies":"Centurion and Healer","floor":24,"turns":3},{"damage":26,"enemies":"Chosen and Byrds","floor":25,"turns":7},{"damage":1,"enemies":"Snecko","floor":27,"turns":3},{"damage":19,"enemies":"Book of Stabbing","floor":29,"turns":4},{"damage":0,"enemies":"Collector","floor":33,"turns":2},{"damage":0,"enemies":"Orb Walker","floor":35,"turns":1},{"damage":0,"enemies":"Mind Bloom Boss Battle","floor":37,"turns":1},{"damage":11,"enemies":"3 Shapes","floor":38,"turns":2},{"damage":18,"enemies":"Reptomancer","floor":41,"turns":4},{"damage":0,"enemies":"Giant Head","floor":44,"turns":6},{"damage":30,"enemies":"Spire Growth","floor":45,"turns":4},{"damage":0,"enemies":"Sphere and 2 Shapes","floor":47,"turns":3},{"damage":19,"enemies":"Donu and Deca","floor":50,"turns":5},{"damage":19,"enemies":"Shield and Spear","floor":54,"turns":4},{"damage":59,"enemies":"The Heart","floor":55,"turns":9}],"seed_played":"-6151017838402786740","potions_obtained":[{"floor":10,"key":"SteroidPotion"},{"floor":14,"key":"BottledSpark"}],"is_trial":false,"path_per_floor":["M","T","?","M","?","E","R","$","T","E","?","R","E","M","R","B",null,"M","?","M","M","?","R","M","M","T","M","?","E","R","$","R","B",null,"M","?","?","M","?","R","E","R","T","E","M","$","M","T","R","B",null,"R","$","E","B",null],"character_chosen":"MARISA","items_purchased":["MilkyWay","Bronze Scales","Meat on the Bone","DollysMirror","6A"],"campfire_rested":3,"item_purchase_floors":[8,31,31,46,53],"current_hp_per_floor":[74,74,67,60,42,26,48,48,48,39,32,54,58,61,61,65,75,75,75,70,62,62,62,64,42,42,43,43,28,50,50,50,56,75,75,66,70,63,75,75,59,59,59,69,43,43,55,65,65,52,85,85,85,73,34],"gold":85,"neow_bonus":"RANDOM_COLORLESS","is_daily":false,"chose_seed":false,"campfire_upgraded":6,"win_rate":0.0,"timestamp":1608726131,"path_taken":["M","?","?","M","?","E","R","?","T","E","?","R","E","M","R","BOSS","M","?","M","M","?","R","M","M","T","?","?","E","R","$","R","BOSS","M","?","?","M","?","R","E","R","T","E","?","$","M","?","R","BOSS","R","$","E","BOSS"],"items_purchased_type":["Card","Relic","Relic","Relic","Card"],"build_version":"2020-12-22","purchased_purges":3,"victory":true,"max_hp_per_floor":[75,75,75,75,75,75,75,75,75,75,75,75,75,75,75,75,75,75,75,75,75,75,75,75,75,75,75,75,75,75,75,75,75,75,75,75,75,75,75,75,75,75,75,75,75,75,75,85,85,85,85,85,85,85,85],"card_choices":[{"not_picked":["Jack Of All Trades","Mind Blast"],"picked":"Madness","floor":0},{"not_picked":["LuminesStrike","ShootTheMoon"],"picked":"AlicesGift","floor":1},{"not_picked":["ShootingEcho","AsteroidBelt"],"picked":"WitchLeyline","floor":4},{"not_picked":["GravityBeat","ShootTheMoon"],"picked":"SprinkleStarSeal","floor":6},{"not_picked":["NonDirectionalLaser","OortCloud"],"picked":"MysteriousBeam","floor":7},{"not_picked":["MysteriousBeam","OpenUniverse"],"picked":"ShootingEcho","floor":10},{"not_picked":["DoubleSpark","MysteriousBeam"],"picked":"ChargeUpSpray","floor":12},{"not_picked":["WitchOfGreed","DoubleSpark"],"picked":"MaximisePower","floor":13},{"not_picked":["UnstableBomb","NonDirectionalLaser"],"picked":"DarkMatter","floor":14},{"not_picked":["FinalSpark","BigCrunch"],"picked":"BlazingStar","floor":16},{"not_picked":["MeteoricShower","Acceleration"],"picked":"Singularity+1","floor":18},{"not_picked":["MagicAbsorber","AsteroidBelt"],"picked":"MilkyWay","floor":20},{"not_picked":["MysteriousBeam","FairyDestructionRay","WitchOfGreed"],"picked":"SKIP","floor":21},{"not_picked":["LuminesStrike","FairyDestructionRay"],"picked":"Orbital","floor":24},{"not_picked":["WitchLeyline","SprinkleStarSeal","SporeBomb"],"picked":"SKIP","floor":25},{"not_picked":["AsteroidBelt","MilkyWay"],"picked":"GasGiant","floor":27},{"not_picked":["ChargeUpSpray","StarBarrage"],"picked":"Orbital","floor":29},{"not_picked":["Occultation","BigCrunch"],"picked":"MilkyWay+1","floor":30},{"not_picked":["CollectingQuirk","MaximisePower"],"picked":"SuperNova","floor":33},{"not_picked":["BlazeAway+1","AlicesGift","DC+1"],"picked":"SKIP","floor":35},{"not_picked":["MachineGunSpark+1","DragonMeteor","NonDirectionalLaser"],"picked":"SKIP","floor":38},{"not_picked":["OrrerysSun+1","DoubleSpark"],"picked":"MagicAbsorber+1","floor":41},{"not_picked":["SporeBomb+1","DragonMeteor","WitchOfGreed+1"],"picked":"SKIP","floor":44},{"not_picked":["MysteriousBeam+1","SporeBomb"],"picked":"LuminesStrike+1","floor":45},{"not_picked":["EventHorizon+1","GrandCross+1"],"picked":"Orbital","floor":47},{"not_picked":["DoubleSpark","GravityBeat","MilkyWay"],"picked":"SKIP","floor":54}],"player_experience":70968,"relics_obtained":[{"floor":2,"key":"Ice Cream"},{"floor":6,"key":"Torii"},{"floor":9,"key":"Ornamental Fan"},{"floor":10,"key":"ShroomBag"},{"floor":13,"key":"Oddly Smooth Stone"},{"floor":26,"key":"Mummified Hand"},{"floor":29,"key":"Vajra"},{"floor":37,"key":"MagicBroom"},{"floor":41,"key":"War Paint"},{"floor":44,"key":"Regal Pillow"},{"floor":48,"key":"Pear"},{"floor":54,"key":"Boot"}],"event_choices":[{"damage_healed":0,"gold_gain":0,"player_choice":"Success","damage_taken":7,"relics_obtained":["Dream Catcher"],"max_hp_gain":0,"max_hp_loss":0,"event_name":"Scrap Ooze","floor":3,"gold_loss":0},{"damage_healed":0,"gold_gain":0,"player_choice":"Take Damage","damage_taken":18,"relics_obtained":["Golden Idol"],"max_hp_gain":0,"max_hp_loss":0,"event_name":"Golden Idol","floor":5,"gold_loss":0},{"cards_removed":["Defend_MRS"],"damage_healed":0,"gold_gain":0,"player_choice":"Card Removal","damage_taken":7,"max_hp_gain":0,"max_hp_loss":0,"event_name":"Golden Wing","floor":11,"gold_loss":0},{"damage_healed":0,"gold_gain":99,"player_choice":"Stole From Cult","damage_taken":0,"max_hp_gain":0,"max_hp_loss":0,"event_name":"Nest","floor":19,"gold_loss":0},{"cards_removed":["Defend_MRS"],"damage_healed":0,"gold_gain":0,"player_choice":"Purged","damage_taken":0,"max_hp_gain":0,"max_hp_loss":0,"event_name":"Purifier","floor":22,"gold_loss":0},{"damage_healed":0,"gold_gain":0,"player_choice":"Ignored","damage_taken":0,"max_hp_gain":0,"max_hp_loss":0,"event_name":"Cursed Tome","floor":28,"gold_loss":0},{"damage_healed":0,"gold_gain":0,"player_choice":"Embrace Madness","damage_taken":9,"max_hp_gain":0,"max_hp_loss":0,"event_name":"Winding Halls","floor":36,"gold_loss":0,"cards_obtained":["Madness","Madness"]},{"damage_healed":0,"gold_gain":0,"player_choice":"Fight","damage_taken":0,"max_hp_gain":0,"max_hp_loss":0,"event_name":"MindBloom","floor":37,"gold_loss":0},{"cards_removed":["Madness"],"damage_healed":12,"gold_gain":0,"player_choice":"Offered Uncommon","damage_taken":0,"max_hp_gain":0,"max_hp_loss":0,"event_name":"Bonfire Elementals","floor":39,"gold_loss":0}],"is_beta":false,"boss_relics":[{"not_picked":["Snecko Eye","Calling Bell"],"picked":"Sozu"},{"not_picked":["Empty Cage","Astrolabe"],"picked":"Coffee Dripper"}],"items_purged_floors":[8,31,46],"is_endless":false,"potions_floor_spawned":[10,14,18,24,25,29,38,45,47,54],"ascension_level":2}}