{"host":"dwyzfvnzfcqffr30","time":1608746414,"event":{"mods":["2.2 Compatiblity","Act Like it!","BaseMod","Beaked The Cultist","Better Altar","Better Match","Better Note","Better Sensory Stone","Better Skull","Better Third Choice","Clockwork Mod","Colored Map","Colored Powertips","Conspire","Downfall","Elementarium","GifTheSpireLib","Halation","Hermit","Hubris","Infinite Spire","Ironclad Rager","Jedi Mod","Menagerie","Mimic Mod","Minty Spire (QoL Compilation)","Permanent Neow","Random Character Button","Replay The Spire","Spicy Shops","StSLib","Stuff the Spire","The Construct","The Disciple","The Druid","The Marked","TheFirefly","Trackpad","vexMod"],"gold_per_floor":[411,430,41,41,60,60,180,180,180,198,217,329,329,343,343,419,419,433,78,68,81,81,213,213,317,340,45,173,8,8,8,8,85,85,101,101,101,111,123,255,255,391,391,391,391,391,391],"floor_reached":46,"playtime":4889,"items_purged":["Clockwork:MechanicalBulk+1","Shame","Clockwork:PerfectedStrike+1"],"score":1128,"play_id":"4b344809-b1ae-4057-8589-127a474294ff","local_time":"20201223100014","is_ascension_mode":true,"campfire_choices":[{"floor":6.0,"key":"RECALL"},{"floor":8.0,"key":"REST"},{"floor":13.0,"key":"REST"},{"floor":15.0,"key":"REST"},{"floor":24.0,"key":"REST"},{"floor":30.0,"key":"REST"},{"floor":32.0,"key":"REST"},{"floor":41,"key":"REST"},{"floor":45,"key":"REST"}],"circlet_count":0,"master_deck":["AscendersBane","Clockwork:Tinker+1","Clockwork:WarmUp+1","MasterReality+1","Clockwork:ChargingShield+1","Menagerie:LightningBolt+1","Clockwork:RevUp+1","Clockwork:ZeroPointEnergy+1","Slimebound:Icky","SecondHand+1","infinitespire:TheBestDefense+1","Clockwork:Roundhouse+1","infinitespire:Gouge+1","Clockwork:PerfectForm+1","Clockwork:ForgeStrike+1","Clockwork:OccamsRazor+1","Clockwork:ReserveSystems+1","Clockwork:Redundancy+1","Clockwork:RampUp+1","Clockwork:AdaptiveCannon+1","infinitespire:Execution+1","Clockwork:Improve+1"],"relics":["Clockwork:MomentumEngine","Bottled Tornado","Quantum Egg","Frozen Egg 2","Toxic Egg 2","Molten Egg 2","Juzu Bracelet","StuffTheSpire:TintedRock","hubris:EvacipatedBox","hubris:FruitBowl","halation:LettersToHer","hubris:TinFlute","Clockwork:SomewhatSmoothStone","halation:OrihimeAndHikoboshiSamaAndTears","vexMod:FocusSash","ReplayTheSpireMod:SealedPack","vexMod:MemoryStick","Clockwork:Varja","hubris:Zylophone","conspire:Boomerang","Blood Vial","StuffTheSpire:Experiment12","Calipers","Chemical X","Pandora\u0027s Box","Empty Cage","Smiling Mask","Letter Opener","beaked:ShinyBauble"],"acts_visited":["Menagerie:Menagerie","TheCity","TheBeyond"],"potions_floor_usage":[42],"damage_taken":[{"damage":0.0,"enemies":"Menagerie:WhisperingWraith","floor":1.0,"turns":6.0},{"damage":0.0,"enemies":"Menagerie:2_RABBITS","floor":2.0,"turns":5.0},{"damage":9.0,"enemies":"Menagerie:MonstrousExperiment","floor":5.0,"turns":3.0},{"damage":17.0,"enemies":"Menagerie:VoidReaper","floor":7.0,"turns":10.0},{"damage":0.0,"enemies":"Menagerie:BEAST_MAGE_AND_PROWLING_AMALGAM","floor":10.0,"turns":5.0},{"damage":0.0,"enemies":"Menagerie:RedMage","floor":11.0,"turns":4.0},{"damage":12.0,"enemies":"Menagerie:MaskedSummoner","floor":12.0,"turns":14.0},{"damage":2.0,"enemies":"Menagerie:MENAGERIE_WILDLIFE","floor":14.0,"turns":6.0},{"damage":4.0,"enemies":"Menagerie:Chimera","floor":16.0,"turns":19.0},{"damage":1.0,"enemies":"Shell Parasite","floor":18.0,"turns":4.0},{"damage":0.0,"enemies":"2 Thieves","floor":20.0,"turns":5.0},{"damage":1.0,"enemies":"Snecko","floor":21.0,"turns":5.0},{"damage":14.0,"enemies":"Book of Stabbing","floor":23.0,"turns":10.0},{"damage":22.0,"enemies":"Slavers","floor":25.0,"turns":10.0},{"damage":24.0,"enemies":"Gremlin Leader","floor":28.0,"turns":8.0},{"damage":16.0,"enemies":"conspire:MysteriousRune","floor":33.0,"turns":9.0},{"damage":0.0,"enemies":"3 Shapes","floor":35.0,"turns":5.0},{"damage":0,"enemies":"Orb Walker","floor":38,"turns":2},{"damage":0,"enemies":"Transient","floor":39,"turns":5},{"damage":41,"enemies":"Nemesis","floor":40,"turns":7},{"damage":0,"enemies":"Giant Head","floor":42,"turns":6},{"damage":22,"enemies":"Sphere and 2 Shapes","floor":46,"turns":4}],"seed_played":"-8178184492601778633","potions_obtained":[{"floor":2.0,"key":"Reflective Coating"},{"floor":10.0,"key":"Swift Potion"},{"floor":11.0,"key":"jedi:StrikingPotion"},{"floor":14.0,"key":"Ancient Potion"},{"floor":28.0,"key":"Strength Potion"},{"floor":33.0,"key":"Energy Potion"}],"is_trial":false,"path_per_floor":["M","M","$","?","M","R","E","R","T","M","M","E","R","M","R","B",null,"M","$","M","M","?","E","R","E","T","$","E","$","R","?","R","B",null,"M","?","AVR","M","M","E","R","E","T","HB","R","M"],"character_chosen":"CLOCKWORK","items_purchased":["halation:LettersToHer","Clockwork:ChargingShield+1","hubris:TinFlute","Clockwork:CraftMomentumEngine+1","Clockwork:CraftVarja+1","Energy Potion","StuffTheSpire:Experiment12","Explosive Potion","Chemical X"],"campfire_rested":8,"item_purchase_floors":[3,3,3,19,19,19,27,27,29],"current_hp_per_floor":[71,71,71,71,62,62,45,68,68,68,68,56,79,77,79,75,78,77,77,77,76,57,43,66,44,44,44,22,22,45,26,49,35,68,70,77,77,79,79,38,61,63,63,21,21,0,0],"gold":391,"neow_bonus":"THREE_CARDS","is_daily":false,"chose_seed":false,"campfire_upgraded":0,"win_rate":0.0,"timestamp":1608746414,"path_taken":["M","M","$","?","M","R","E","R","T","M","M","E","R","M","R","BOSS","M","$","M","M","?","E","R","E","T","?","E","$","R","?","R","BOSS","M","?","AVR","M","M","E","R","E","T","HB","R","M"],"items_purchased_type":["Relic","Card","Relic","Card","Card","Potion","Relic","Potion","Relic"],"build_version":"2020-12-22","purchased_purges":3,"victory":false,"max_hp_per_floor":[79,79,79,79,79,79,79,79,79,79,79,79,79,79,79,79,79,79,79,79,79,79,79,79,79,79,79,79,79,79,79,79,79,79,79,79,79,79,79,79,79,79,79,21,21,21,21],"card_choices":[{"not_picked":["Clockwork:SnapKeep","Clockwork:CogShield"],"picked":"Clockwork:PerfectedStrike","floor":0.0},{"not_picked":["Clockwork:Redundancy+1","Clockwork:ReserveSystems+1"],"picked":"Clockwork:MechanicalBulk+1","floor":1.0},{"not_picked":["Clockwork:PerfectedStrike+1","Clockwork:ForgeStrike+1"],"picked":"Clockwork:CraftSomewhatSmoothStone+1","floor":2.0},{"not_picked":["Menagerie:CrumblingSanctuary+1","Menagerie:Skullclamp+1"],"picked":"Menagerie:LightningBolt+1","floor":4.0},{"not_picked":["Clockwork:Minimalism+1","Clockwork:RampUp+1","Clockwork:ReserveSystems+1"],"picked":"SKIP","floor":5.0},{"not_picked":["Clockwork:ChargingBlade+1","Clockwork:AdaptiveShield+1"],"picked":"Clockwork:RevUp+1","floor":7.0},{"not_picked":["Clockwork:SystemHardening+1","Clockwork:SnapKeep+1","Clockwork:HoardingStrike+1"],"picked":"SKIP","floor":10.0},{"not_picked":["Clockwork:AdaptiveCannon+1","Clockwork:ChargingBlade+1","Clockwork:ChargingShield+1"],"picked":"SKIP","floor":11.0},{"not_picked":["Clockwork:AssemblyLine+1","Clockwork:Pluck+1","Clockwork:SmithsMallet+1"],"picked":"SKIP","floor":12.0},{"not_picked":["Clockwork:Enhance+1","Clockwork:ReserveSystems+1","Clockwork:Minimalism+1"],"picked":"SKIP","floor":14.0},{"not_picked":["Clockwork:SiegeStrike+1","Clockwork:CraftQuicksilverHourglass+1"],"picked":"Clockwork:ZeroPointEnergy+1","floor":16.0},{"not_picked":["theDruid:WildSlash","Bash"],"picked":"SecondHand","floor":17.0},{"not_picked":["infinitespire:DeathsTouch","infinitespire:FinalStrike"],"picked":"infinitespire:TheBestDefense","floor":17.0},{"not_picked":["Clockwork:Pluck+1","Clockwork:SnapKeep+1","Clockwork:Redundancy+1"],"picked":"SKIP","floor":18.0},{"not_picked":["Clockwork:Minimalism+1","Clockwork:Downsize+1","Clockwork:RitualDaggerMk0+1"],"picked":"SKIP","floor":20.0},{"not_picked":["Clockwork:AdaptiveShield+1","Clockwork:Pluck+1"],"picked":"Clockwork:Roundhouse+1","floor":21.0},{"not_picked":["Clockwork:Randomization+1","Clockwork:SystemScan+1","Clockwork:KaliMa+1"],"picked":"SKIP","floor":23.0},{"not_picked":["Clockwork:InertialShield+1","Clockwork:Efficiency+1","Clockwork:SystemHardening+1"],"picked":"SKIP","floor":25.0},{"not_picked":["Clockwork:CogToss+1","Clockwork:SnapKeep+1","Clockwork:ReserveSystems+1"],"picked":"SKIP","floor":28.0},{"not_picked":["Clockwork:CogToss+1","Clockwork:SnapKeep+1","Clockwork:ReserveSystems+1"],"picked":"SKIP","floor":28.0},{"not_picked":["ReplayTheSpireMod:Haul","ReplayTheSpireMod:??????????????????????"],"picked":"infinitespire:Gouge","floor":31.0},{"not_picked":["Clockwork:SiegeStrike+1","Clockwork:DefectiveParts+1"],"picked":"Clockwork:PerfectForm+1","floor":33.0},{"not_picked":["Clockwork:SearchingStrike+1","Clockwork:ForgeStrike+1","Clockwork:Improve+1"],"picked":"SKIP","floor":35.0},{"not_picked":["Clockwork:OccamsRazor+1","Clockwork:SnapKeep+1"],"picked":"Clockwork:CraftSomewhatSmoothStone+1","floor":38},{"not_picked":["Clockwork:ChargingShield+1","Clockwork:Redundancy+1"],"picked":"Clockwork:Improve+1","floor":39},{"not_picked":["Clockwork:CogShield+1","Clockwork:HoardingStrike+1","Clockwork:ForgeStrike+1"],"picked":"SKIP","floor":40},{"not_picked":["Clockwork:DefectiveParts+1","Clockwork:ChargingBlade+1","Clockwork:ChargingShield+1"],"picked":"SKIP","floor":42},{"not_picked":["Clockwork:DefectiveParts+1","Clockwork:ChargingBlade+1","Clockwork:ChargingShield+1"],"picked":"SKIP","floor":42}],"player_experience":2355023,"relics_obtained":[{"floor":7.0,"key":"halation:OrihimeAndHikoboshiSamaAndTears"},{"floor":9.0,"key":"halation:LettersToHer"},{"floor":12.0,"key":"vexMod:FocusSash"},{"floor":23.0,"key":"hubris:Zylophone"},{"floor":25.0,"key":"conspire:Boomerang"},{"floor":26.0,"key":"halation:LettersToHer"},{"floor":26.0,"key":"Blood Vial"},{"floor":28.0,"key":"Calipers"},{"floor":40,"key":"Smiling Mask"},{"floor":42,"key":"Letter Opener"},{"floor":43,"key":"halation:LettersToHer"},{"floor":43,"key":"beaked:ShinyBauble"}],"event_choices":[{"damage_healed":0.0,"max_hp_gain":0.0,"max_hp_loss":8.0,"gold_gain":0.0,"event_name":"betterThird:BetterWriting","player_choice":"Simplicity","floor":0.0,"gold_loss":0.0,"damage_taken":0.0},{"damage_healed":0.0,"max_hp_gain":0.0,"max_hp_loss":0.0,"gold_gain":0.0,"event_name":"Menagerie:OvergrownLibrary","player_choice":"Peek","floor":4.0,"gold_loss":0.0,"damage_taken":0.0},{"damage_healed":0.0,"max_hp_gain":0.0,"max_hp_loss":0.0,"gold_gain":0.0,"event_name":"betterSkull:BetterSkull","player_choice":"RE ","floor":22.0,"gold_loss":0.0,"damage_taken":21.0,"cards_upgraded":[],"relics_obtained":["vexMod:MemoryStick"]}],"is_beta":false,"boss_relics":[{"not_picked":["Replay:Wanted Poster","Clockwork:PerpetualMotionMachine","vexMod:TanglingVine"],"picked":"ReplayTheSpireMod:SealedPack"},{"not_picked":["Coffee Dripper","StuffTheSpire:RunicConfusion","StuffTheSpire:ModemDavis"],"picked":"Pandora\u0027s Box"}],"items_purged_floors":[27,29,37],"is_endless":false,"potions_floor_spawned":[2,10,11,14,21,28,33,40],"killed_by":"Sphere and 2 Shapes","ascension_level":16}}