{"host":"0m9qzqwuh9r40nrk","time":1608701723,"event":{"mods":["BaseMod","Downfall","Hermit","Minty Spire (QoL Compilation)","Replay The Spire","StSLib","The Animator","The Cursed","The Servant 0.9.4"],"gold_per_floor":[131,157,82,82,32,90,90,90,90,118,169,197,241,78,78,214,214,243,90,90,125,142,142,189,189,216,243,290,215,247,264,264,402,402,425,425,446,102,102,102,106,106],"floor_reached":41,"playtime":5897,"items_purged":["animator:Strike","animator:Defend"],"score":598,"play_id":"38dabf1d-8598-453d-ac15-86cc3b895ca6","local_time":"20201222213523","is_ascension_mode":false,"campfire_choices":[{"floor":7.0,"key":"REST"},{"data":"animator:Hibiki","floor":15.0,"key":"SMITH"},{"data":"animator:RoyMustang","floor":23,"key":"SMITH"},{"data":"animator:Hans","floor":25,"key":"SMITH"},{"floor":32,"key":"REST"},{"floor":40,"key":"RECALL"}],"circlet_count":0,"master_deck":["animator:Strike_Konosuba+1","animator:Defend_Konosuba","animator:Strike","animator:Defend+1","animator:Kazuma","animator:Aqua","animator:GoblinSlayer+1","animator:Chris","animator:Alexander","animator:Aqua","animator:Caster","animator:Shizu","animator:Spearman","animator:EmiyaShirou","animator:Hibiki+1","animator:Hans+1","animator:Berserker","animator:Darkness","animator:RoyMustang+1","animator:Witch","animator:Saber","animator:Albedo","animator:ShinjiMatou","animator:Mitsurugi+1"],"relics":["animator:VividPicture","animator:TheMissingPiece","Golden Idol","animator:ShionDessert","Simple Rune","Bronze Scales","Torii","Pet Ghost","ChewingGum","Replay:WaspNest","Ginger"],"acts_visited":["Exordium","TheCity","TheBeyond"],"potions_floor_usage":[24,30,30,33,41],"damage_taken":[{"damage":6.0,"enemies":"Jaw Worm","floor":1.0,"turns":7.0},{"damage":3.0,"enemies":"2 Louse","floor":2.0,"turns":3.0},{"damage":46.0,"enemies":"Lagavulin","floor":6.0,"turns":10.0},{"damage":0.0,"enemies":"Cultist","floor":10.0,"turns":3.0},{"damage":8.0,"enemies":"Gremlin Nob","floor":11.0,"turns":4.0},{"damage":0.0,"enemies":"Red Slaver","floor":12.0,"turns":3.0},{"damage":0.0,"enemies":"Gremlin Gang","floor":13.0,"turns":3.0},{"damage":6.0,"enemies":"Hexaghost","floor":16.0,"turns":9.0},{"damage":20.0,"enemies":"Shell Parasite","floor":18.0,"turns":6.0},{"damage":0.0,"enemies":"Chosen","floor":21.0,"turns":3.0},{"damage":2.0,"enemies":"Snake Plant","floor":22.0,"turns":3.0},{"damage":32,"enemies":"Slavers","floor":24,"turns":4},{"damage":24,"enemies":"Chosen and Byrds","floor":27,"turns":5},{"damage":1,"enemies":"Snecko","floor":28,"turns":5},{"damage":2,"enemies":"Centurion and Healer","floor":30,"turns":6},{"damage":2,"enemies":"Cultist and Chosen","floor":31,"turns":5},{"damage":25,"enemies":"Pondfish","floor":33,"turns":9},{"damage":9,"enemies":"Orb Walker","floor":35,"turns":3},{"damage":12,"enemies":"3 Darklings","floor":37,"turns":4},{"damage":66,"enemies":"Nemesis","floor":41,"turns":4}],"seed_played":"-7370810156655537533","potions_obtained":[{"floor":2.0,"key":"Swift Potion"},{"floor":6.0,"key":"Elixir"},{"floor":10.0,"key":"Strength Potion"},{"floor":13.0,"key":"Adrenaline Potion"},{"floor":18.0,"key":"SkillPotion"},{"floor":20.0,"key":"Toxic Potion"},{"floor":24,"key":"Strength Potion"},{"floor":28,"key":"champ:CounterPotion"},{"floor":31,"key":"CultistPotion"}],"is_trial":false,"path_per_floor":["M","M","$","?","?","E","R","?","T","M","E","M","M","$","R","B",null,"M","$","?","M","M","R","E","R","T","M","M","?","M","M","R","B",null,"M","?","M","$","T","R","E"],"character_chosen":"THE_ANIMATOR","items_purchased":["animator:Hibiki","Bronze Scales","Replay:WaspNest"],"campfire_rested":2,"item_purchase_floors":[14,19,38],"current_hp_per_floor":[62,61,61,45,45,1,20,20,20,25,21,25,29,29,29,29,68,51,51,51,55,57,57,29,29,29,10,13,13,15,17,37,16,69,64,64,57,57,57,57,0,0],"gold":106,"neow_bonus":"ONE_RANDOM_RARE_CARD","is_daily":false,"chose_seed":false,"campfire_upgraded":3,"win_rate":0.0,"timestamp":1608701723,"path_taken":["M","M","$","?","?","E","R","?","T","M","E","M","?","?","R","BOSS","M","$","?","M","?","R","E","R","T","M","M","?","M","M","R","BOSS","M","?","M","$","?","R","E"],"items_purchased_type":["Card","Relic","Relic"],"build_version":"2020-12-22","purchased_purges":2,"victory":false,"max_hp_per_floor":[66,66,66,66,66,66,66,66,66,67,67,67,67,67,67,68,68,69,69,69,69,69,69,69,69,69,69,69,69,69,69,69,69,69,71,71,72,72,72,72,72,72],"card_choices":[{"not_picked":["animator:MaesHughes","animator:Vanir"],"picked":"animator:Chris","floor":1.0},{"not_picked":["animator:LizardPriest","animator:Gluttony"],"picked":"animator:Alexander","floor":2.0},{"not_picked":["animator:Archer","animator:MaesHughes"],"picked":"animator:Aqua","floor":6.0},{"not_picked":["animator:Alexander","animator:Illya"],"picked":"animator:Caster","floor":10.0},{"not_picked":["animator:LizardPriest","animator:Genos"],"picked":"animator:Shizu","floor":11.0},{"not_picked":["animator:Entoma","animator:Aqua"],"picked":"animator:Spearman","floor":12.0},{"not_picked":["animator:YunYun","animator:Priestess"],"picked":"animator:EmiyaShirou","floor":13.0},{"not_picked":["animator:Eris","animator:Greed"],"picked":"animator:Hans","floor":16.0},{"not_picked":["animator:Alexander","animator:SakuraMatou"],"picked":"animator:Berserker","floor":18.0},{"not_picked":["animator:Illya","animator:Shalltear+1"],"picked":"animator:Darkness","floor":21.0},{"not_picked":["animator:Sloth+1","animator:PandorasActor"],"picked":"animator:RoyMustang","floor":22.0},{"not_picked":["animator:Assassin","animator:ElricAlphonse"],"picked":"animator:Witch","floor":24},{"not_picked":["animator:PandorasActor+1","animator:NarberalGamma"],"picked":"animator:Saber","floor":28},{"not_picked":["animator:Rider","animator:Archer","animator:MaesHughes"],"picked":"SKIP","floor":30},{"not_picked":["animator:PandorasActor","animator:RoyMustang","animator:MaesHughes+1"],"picked":"SKIP","floor":31},{"not_picked":["animator:Gilgamesh","animator:Wiz"],"picked":"animator:Albedo","floor":33},{"not_picked":["animator:SakuraMatou","animator:Archer"],"picked":"animator:ShinjiMatou","floor":35},{"not_picked":["animator:PandorasActor+1","animator:Tatsumaki+1"],"picked":"animator:Mitsurugi+1","floor":37}],"player_experience":424065,"relics_obtained":[{"floor":6.0,"key":"animator:ShionDessert"},{"floor":11.0,"key":"Simple Rune"},{"floor":24,"key":"Torii"},{"floor":26,"key":"Pet Ghost"},{"floor":39,"key":"Ginger"}],"event_choices":[{"damage_healed":0.0,"max_hp_gain":0.0,"max_hp_loss":0.0,"gold_gain":0.0,"event_name":"Golden Idol","player_choice":"Take Damage","floor":4.0,"gold_loss":0.0,"damage_taken":16.0,"relics_obtained":["Golden Idol"]},{"cards_removed":["animator:Defend"],"damage_healed":0.0,"max_hp_gain":0.0,"max_hp_loss":0.0,"gold_gain":0.0,"event_name":"The Cleric","player_choice":"Card Removal","floor":5.0,"gold_loss":50.0,"damage_taken":0.0},{"damage_healed":0.0,"max_hp_gain":0.0,"max_hp_loss":0.0,"gold_gain":0.0,"event_name":"Accursed Blacksmith","player_choice":"Forge","floor":8.0,"gold_loss":0.0,"damage_taken":0.0,"cards_upgraded":["animator:GoblinSlayer"]},{"damage_healed":0.0,"max_hp_gain":0.0,"max_hp_loss":0.0,"gold_gain":0.0,"event_name":"Lab","player_choice":"Got Potions","floor":20.0,"gold_loss":0.0,"damage_taken":0.0},{"cards_removed":["animator:Strike"],"damage_healed":0,"gold_gain":0,"player_choice":"Gave Gold","damage_taken":0,"max_hp_gain":0,"max_hp_loss":0,"event_name":"Beggar","floor":29,"gold_loss":75},{"damage_healed":0,"gold_gain":0,"player_choice":"0 cards matched","damage_taken":0,"max_hp_gain":0,"max_hp_loss":0,"event_name":"Match and Keep!","floor":36,"gold_loss":0,"cards_obtained":[]}],"is_beta":false,"boss_relics":[{"not_picked":["animator:HolyGrailRelic","Sozu"],"picked":"animator:VividPicture"},{"not_picked":["Replay:Bronze Core","Velvet Choker"],"picked":"ChewingGum"}],"items_purged_floors":[3,38],"is_endless":false,"potions_floor_spawned":[2,6,10,13,18,24,28,31],"killed_by":"Nemesis","ascension_level":0}}