{"host":"Godlander","time":1608686277,"event":{"mods":["BaseMod","Bestiary","BetterRewards","Card Forge","Colored Powertips","Conspire","Custom Start","Googly Eyes","Halation","Hubris","Infinite Spire","Mimic Mod","Minty Spire (QoL Compilation)","Replay The Spire","Shop Mod","StSLib","SuperFastMode","The Jungle","UnlockEverythingMod","[JumpMod]????"],"gold_per_floor":[110,125,300,300,300,300,330,330,330,183,198,0,0,0,0,100,100,115,134,154,154,168,199,349,349,373,392,512,512,522,535,535,631,631,641,378,378,378,390,423,298,298,298,298,313,313,342,354,354,455,455,464,464,479,491,666,676,676,676,676,687,687,449,449,499,510,521,521,609,609,623,673,723,741,756,756,765,765,788,805,805,805,805,816,844,894,894,991,991,1000,1150,1163,1063,1063,1163,1163,1264,1290,1387,1503,1553,1682,1819,1819,2039,2039,2188,2345,2507,2557,2557,2557,2634,2831,2856,3060,3293,3523,3523,3763,3763,4109,4109,4390,4693,4693,5009,5348,5348,5710,6095,6171,6581,6508,6961,7007,7470,7770,8357,8457,9017,9017,9067,9143,9754,10385,10209,10259,10293,10967,10768,10768,11477,12241,12241,13086,13086,13086,12895,13759,14848],"floor_reached":162,"playtime":5416,"items_purged":["hubris:Rewind+1"],"score":4451,"play_id":"680c6936-c21b-4311-b747-5c89e0dcd722","local_time":"20201222171757","is_ascension_mode":false,"campfire_choices":[{"floor":6,"key":"RECALL"},{"data":"infinitespire:Fortify","floor":13,"key":"SMITH"},{"floor":15,"key":"REST"},{"floor":25,"key":"DIG"},{"floor":29,"key":"REST"},{"data":"Dark Echo+1","floor":32,"key":"SMITH"},{"data":"Dark Echo+2","floor":46,"key":"SMITH"},{"data":"Dark Echo+3","floor":49,"key":"SMITH"},{"floor":68,"key":"DIG"},{"data":"Dark Echo+4","floor":76,"key":"SMITH"},{"data":"Dark Echo+5","floor":83,"key":"SMITH"},{"data":"Dark Echo+6","floor":87,"key":"SMITH"},{"data":"Dark Echo+7","floor":96,"key":"SMITH"},{"floor":104,"key":"DIG"},{"floor":112,"key":"DIG"},{"floor":119,"key":"DIG"},{"floor":121,"key":"DIG"},{"floor":129,"key":"DIG"},{"floor":138,"key":"DIG"},{"floor":152,"key":"DIG"},{"floor":155,"key":"DIG"},{"floor":158,"key":"DIG"}],"circlet_count":0,"master_deck":["Dark Echo+9","Master of Strategy+1","Double Tap","Master of Strategy","Ghostly","Ghostly","Ghostly","Ghostly","Ghostly","infinitespire:NeuralNetwork","infinitespire:Menacing","infinitespire:Fortify+1","infinitespire:Fortify+1","Pot Of Greed+1","Pot Of Greed+1","conspire:SpireCoStock+1"],"relics":["Hammer of Thor","Seething Fire","Anvil of the Gods","HowToJump","NeowsBlessing","halation:Trompette","Replay:M_SmolderingBlood","Membership Card","MerchantsRug","Bottled Flame","Ring of Searing","ReplayTheSpireMod:Ring of Addiction","White Beast Statue","Toy Ornithopter","Shovel","Replay:WaspNest","conspire:InfiniteJournal","Bag of Marbles","Juzu Bracelet","Strange Spoon","Blue Doll","halation:EternalFortune","hubris:FunFungus","Replay:Bottled Steam","halation:WeightlessCrab","ReplayTheSpireMod:TigerMarble","Coffee Dripper","HowToJump","Pocketwatch","Unceasing Top","hubris:OldNail","Lee\u0027s Waffle","SsserpentHead","Replay:Towering Pillar of Hats","infinitespire:Burning Sword","Gremlin Food","PreservedInsect","hubris:DeckOfHolding","conspire:RoyalGoblet","infinitespire:EvilPickle","Replay:Bottled Flurry","Matryoshka","Boot","Toxic Egg 2","hubris:ToyBattleship","Vajra","Bronze Scales","infinitespire:Golems Mask","Orichalcum","hubris:Stopwatch","HowToJump","MealTicket","Ice Cream","ReplayFunnel","Odd Mushroom","Nunchaku","halation:KoshaPiece","Replay:Mystery Machine","infinitespire:WardingShard","Du-Vu Doll","infinitespire:PuzzleCube","SlaversCollar","infinitespire:CheckeredPen","Frozen Egg 2","infinitespire:EmpoweringShard","Paper Frog","hubris:EmptyBottle","Grinning Jar","Shuriken","Old Coin","Replay:Grab Bag","Busted Crown","Replay:Wanted Poster","Black Star","conspire:RunicOctahedron","Potion Belt","halation:IllGainedPizza","hubris:SlimyHat","ReplayTheSpireMod:Lightbulb","halation:PromiseList","hubris:Icosahedron","Incense Burner","Mercury Hourglass","Golden Egg","halation:QuantumPhysicsTextbook","infinitespire:Lucky Rock","Gremlin Horn","Ancient Tea Set","Medical Kit","MawBank"],"acts_visited":["Exordium","Exordium","TheBeyond","Exordium","TheCity","TheBeyond","Exordium","Exordium","TheBeyond","TheEnding"],"potions_floor_usage":[23,31,33,39,40,45,48,52,55,67,75,85,97,102,105,107,109,113,118,120,123,128,135,136,139,144,146,149,156,156,161,161],"damage_taken":[{"damage":0,"enemies":"Cultist","floor":1,"turns":1},{"damage":0,"enemies":"Jaw Worm","floor":2,"turns":1},{"damage":0,"enemies":"Gremlin Nob","floor":7,"turns":1},{"damage":0,"enemies":"2 Louse","floor":11,"turns":1},{"damage":5,"enemies":"Slime Boss","floor":16,"turns":2},{"damage":0,"enemies":"theJungle:Flameango_and_Byrd","floor":18,"turns":1},{"damage":0,"enemies":"theJungle:GiantWrat","floor":19,"turns":1},{"damage":0,"enemies":"theJungle:2_Flameangoes","floor":20,"turns":1},{"damage":0,"enemies":"Snake Plant","floor":22,"turns":1},{"damage":7,"enemies":"Nightmare","floor":23,"turns":3},{"damage":0,"enemies":"theJungle:Lyon","floor":27,"turns":1},{"damage":3,"enemies":"theJungle:Snecko_Cultist_And_Trap","floor":30,"turns":1},{"damage":0,"enemies":"theJungle:2_Snecko_Cultists","floor":31,"turns":1},{"damage":0,"enemies":"theJungle:QueenSpyder","floor":33,"turns":1},{"damage":0,"enemies":"3 Shapes","floor":35,"turns":1},{"damage":0,"enemies":"Orb Walker","floor":39,"turns":1},{"damage":30,"enemies":"R_Hoarder","floor":40,"turns":3},{"damage":10,"enemies":"Transient","floor":45,"turns":5},{"damage":0,"enemies":"Nemesis","floor":47,"turns":1},{"damage":0,"enemies":"Maw","floor":48,"turns":1},{"damage":24,"enemies":"infinitespire:MassOfShapes","floor":50,"turns":2},{"damage":0,"enemies":"Jaw Worm","floor":52,"turns":1},{"damage":0,"enemies":"Small Slimes","floor":54,"turns":1},{"damage":0,"enemies":"2 Louse","floor":55,"turns":1},{"damage":0,"enemies":"Large Slime","floor":57,"turns":1},{"damage":0,"enemies":"3 Louse","floor":61,"turns":1},{"damage":0,"enemies":"Red Slaver","floor":66,"turns":1},{"damage":0,"enemies":"Lots of Slimes","floor":67,"turns":1},{"damage":0,"enemies":"Hexaghost","floor":69,"turns":1},{"damage":0,"enemies":"Spheric Guardian","floor":71,"turns":1},{"damage":0,"enemies":"2 Thieves","floor":74,"turns":1},{"damage":0,"enemies":"3 Cultists","floor":75,"turns":1},{"damage":0,"enemies":"conspire:HollyBat","floor":77,"turns":2},{"damage":0,"enemies":"Chosen and Byrds","floor":80,"turns":1},{"damage":0,"enemies":"Sentry and Sphere","floor":84,"turns":1},{"damage":0,"enemies":"Nightmare","floor":85,"turns":1},{"damage":0,"enemies":"Pondfish","floor":88,"turns":1},{"damage":0,"enemies":"3 Shapes","floor":90,"turns":1},{"damage":0,"enemies":"Orb Walker","floor":92,"turns":1},{"damage":0,"enemies":"R_Hoarder","floor":95,"turns":1},{"damage":0,"enemies":"Reptomancer","floor":97,"turns":1},{"damage":0,"enemies":"Sphere and 2 Shapes","floor":98,"turns":2},{"damage":3,"enemies":"Sphere and 2 Shapes","floor":99,"turns":1},{"damage":0,"enemies":"Giant Head","floor":100,"turns":1},{"damage":0,"enemies":"Nightmare","floor":102,"turns":1},{"damage":0,"enemies":"infinitespire:Three Voidlings","floor":103,"turns":1},{"damage":13,"enemies":"Nightmare_Alpha","floor":103,"turns":3},{"damage":0,"enemies":"Donu and Deca","floor":105,"turns":1},{"damage":0,"enemies":"Jaw Worm","floor":107,"turns":1},{"damage":0,"enemies":"2 Louse","floor":108,"turns":1},{"damage":0,"enemies":"Cultist","floor":109,"turns":1},{"damage":0,"enemies":"The Mushroom Lair","floor":113,"turns":1},{"damage":0,"enemies":"Lagavulin","floor":114,"turns":1},{"damage":0,"enemies":"Blue Slaver","floor":116,"turns":1},{"damage":0,"enemies":"Nightmare","floor":117,"turns":1},{"damage":0,"enemies":"Exordium Wildlife","floor":118,"turns":1},{"damage":0,"enemies":"Large Slime","floor":120,"turns":1},{"damage":0,"enemies":"The Guardian","floor":122,"turns":1},{"damage":0,"enemies":"theJungle:MUSHROOMGANG","floor":124,"turns":1},{"damage":0,"enemies":"theJungle:GiantWrat","floor":125,"turns":1},{"damage":0,"enemies":"theJungle:Lyon","floor":127,"turns":1},{"damage":0,"enemies":"theJungle:SlimyTreeVines","floor":128,"turns":1},{"damage":1,"enemies":"Nightmare_Alpha","floor":130,"turns":3},{"damage":0,"enemies":"theJungle:2_Snecko_Cultists","floor":131,"turns":1},{"damage":0,"enemies":"theJungle:JungleHuntersEncounter","floor":133,"turns":1},{"damage":0,"enemies":"theJungle:2_Phrogs","floor":135,"turns":1},{"damage":0,"enemies":"JungleHuntersEvent","floor":136,"turns":1},{"damage":0,"enemies":"theJungle:Snecko_Cultist_And_Trap","floor":137,"turns":1},{"damage":0,"enemies":"theJungle:TotemBoss","floor":139,"turns":2},{"damage":0,"enemies":"Orb Walker","floor":141,"turns":1},{"damage":0,"enemies":"conspire:MimicChest","floor":144,"turns":1},{"damage":3,"enemies":"3 Shapes","floor":145,"turns":1},{"damage":5,"enemies":"Nightmare_Alpha","floor":146,"turns":3},{"damage":0,"enemies":"Transient","floor":149,"turns":2},{"damage":0,"enemies":"Transient","floor":150,"turns":2},{"damage":0,"enemies":"Jaw Worm Horde","floor":153,"turns":1},{"damage":0,"enemies":"Writhing Mass","floor":154,"turns":1},{"damage":4,"enemies":"infinitespire:LordOfFortification","floor":156,"turns":6},{"damage":0,"enemies":"Shield and Spear","floor":160,"turns":1},{"damage":7,"enemies":"The Heart","floor":161,"turns":6}],"seed_played":"7256585404285704939","potions_obtained":[{"floor":7,"key":"AttackPotion"},{"floor":11,"key":"Energy Potion"},{"floor":14,"key":"Explosive Potion"},{"floor":19,"key":"Death Potion"},{"floor":22,"key":"SpeedPotion"},{"floor":23,"key":"BlessingOfTheForge"},{"floor":27,"key":"Elixir"},{"floor":31,"key":"BlessingOfTheForge"},{"floor":33,"key":"Strength Potion"},{"floor":39,"key":"PowerPotion"},{"floor":40,"key":"Block Potion"},{"floor":45,"key":"Swift Potion"},{"floor":48,"key":"Strength Potion"},{"floor":50,"key":"infinitespire:BlackPotion"},{"floor":52,"key":"Explosive Potion"},{"floor":55,"key":"Languid Potion"},{"floor":57,"key":"Energy Potion"},{"floor":67,"key":"Dexterity Potion"},{"floor":75,"key":"Weak Potion"},{"floor":85,"key":"AttackPotion"},{"floor":92,"key":"Energy Potion"},{"floor":97,"key":"infinitespire:BlackPotion"},{"floor":100,"key":"DuplicationPotion"},{"floor":102,"key":"SpeedPotion"},{"floor":105,"key":"Weak Potion"},{"floor":107,"key":"SpeedPotion"},{"floor":109,"key":"BlessingOfTheForge"},{"floor":113,"key":"Explosive Potion"},{"floor":114,"key":"Swift Potion"},{"floor":118,"key":"AttackPotion"},{"floor":120,"key":"Energy Potion"},{"floor":122,"key":"Fruit Juice"},{"floor":124,"key":"DistilledChaos"},{"floor":128,"key":"AttackPotion"},{"floor":135,"key":"DistilledChaos"},{"floor":136,"key":"DistilledChaos"},{"floor":137,"key":"Fire Potion"},{"floor":144,"key":"Elixir"},{"floor":149,"key":"Explosive Potion"},{"floor":150,"key":"Block Potion"},{"floor":153,"key":"Milkshake"},{"floor":161,"key":"SpeedPotion"}],"is_trial":false,"path_per_floor":["M","M","?","?","?","R","E","?","T","$","M","$","R","?","R","B",null,"M","M","M","?","M","NM","?","R","T","M","?","R","M","M","R","B",null,"M","$","?","?","M","E","$","?","T","?","M","R","E","M","R","B",null,"M","?","M","M","?","M","AVR","PTL","PTL","M","T","$","?","?","M","M","R","B",null,"M","?","?","M","M","R","M","AVR","T","M","PTL","PTL","R","M","NM","?","R","B",null,"M","?","M","NS","AVR","E","R","E","MIM","M","E","?","NM","?","R","B",null,"M","M","M","?","AVR","R","?","E","T","M","NM","M","R","M","R","B",null,"M","M","AVR","M","M","R","NM","M","T","M","$","E","?","M","R","B",null,"M","?","?","?","M","NM","$","?","MIM","M","$","R","M","M","R","B",null,"R","$","E","B",null],"character_chosen":"IRONCLAD","items_purchased":["Membership Card","MerchantsRug","Bottled Flame","Juzu Bracelet","Strange Spoon","Blue Doll","FairyPotion","Replay:Bottled Steam","hubris:OldNail","Lee\u0027s Waffle","Master of Strategy","hubris:EmptyBottle","ReplayTheSpireMod:Lightbulb","halation:PromiseList","Mercury Hourglass","Golden Egg","Ancient Tea Set","Medical Kit"],"campfire_rested":2,"item_purchase_floors":[10,12,12,36,36,36,36,41,63,63,63,134,147,147,151,151,159,159],"current_hp_per_floor":[80,80,80,80,80,80,80,80,80,80,80,80,80,80,80,75,80,78,78,78,48,48,46,46,46,46,46,35,57,54,69,69,72,72,72,72,70,73,76,51,51,51,51,51,54,54,54,59,59,35,74,72,72,72,72,72,72,72,70,70,70,68,75,75,73,73,76,76,76,76,74,37,31,35,35,35,35,35,33,34,34,32,32,32,30,23,23,23,28,31,31,32,32,32,33,33,33,33,30,30,30,31,18,18,31,31,31,31,31,31,31,31,29,29,29,29,27,27,27,27,27,27,32,32,32,32,30,30,30,30,30,28,28,28,26,26,26,26,29,29,29,29,27,27,27,27,27,27,30,30,30,30,28,28,28,25,26,26,26,24,23],"gold":14860,"neow_bonus":"THREE_ENEMY_KILL","is_daily":false,"chose_seed":false,"campfire_upgraded":8,"win_rate":0.0,"timestamp":1608686277,"path_taken":["M","M","?","?","?","R","E","?","T","$","M","$","R","?","R","BOSS","M","M","M","?","M","NM","?","R","T","M","?","R","M","M","R","BOSS","M","$","?","?","M","E","$","?","T","?","M","R","E","M","R","BOSS","M","?","M","M","?","M","AVR","PTL","PTL","M","T","$","?","?","M","M","R","BOSS","M","?","?","M","M","R","M","AVR","T","M","PTL","PTL","R","M","NM","?","R","BOSS","M","?","M","NS","AVR","E","R","E","MIM","M","E","?","NM","?","R","BOSS","M","M","M","?","AVR","R","?","E","T","M","NM","M","R","M","R","BOSS","M","M","AVR","M","M","R","NM","M","T","M","$","E","?","M","R","BOSS","M","?","?","?","M","NM","$","?","MIM","M","?","R","M","M","R","BOSS","R","$","E","BOSS"],"items_purchased_type":["Relic","Relic","Relic","Relic","Relic","Relic","Potion","Relic","Relic","Relic","Card","Relic","Relic","Relic","Relic","Relic","Relic","Relic"],"build_version":"2020-12-18","purchased_purges":1,"victory":true,"max_hp_per_floor":[80,80,80,80,80,80,80,80,80,80,80,80,80,80,80,80,80,78,78,78,76,76,76,76,76,76,74,74,74,72,72,72,72,72,72,72,70,73,76,76,76,76,76,74,74,74,74,74,74,74,74,72,72,72,72,72,72,72,70,70,70,68,75,75,73,73,76,76,76,76,74,37,37,35,35,35,35,35,33,34,34,32,32,32,30,30,30,30,28,31,31,32,32,32,33,33,33,33,33,33,31,31,31,31,31,31,31,31,31,31,31,31,29,29,29,29,27,27,27,27,27,27,32,32,32,32,30,30,30,30,30,28,28,28,26,26,26,26,29,29,29,29,27,27,27,27,27,27,30,30,30,30,28,28,28,26,26,26,26,24,24],"card_choices":[{"not_picked":["Dropkick","Battle Trance","Thunderclap"],"picked":"SKIP","floor":1},{"not_picked":["Cleave","Blood for Blood","Dual Wield"],"picked":"SKIP","floor":2},{"not_picked":["Power Through","Clothesline","Shrug It Off"],"picked":"SKIP","floor":7},{"not_picked":["Swivel","Whirlwind","Anger"],"picked":"SKIP","floor":11},{"not_picked":["Impervious","Berserk"],"picked":"Double Tap","floor":16},{"not_picked":["conspire:Charge+1","Warcry","Armaments"],"picked":"SKIP","floor":18},{"not_picked":["Clash","Armaments","Iron Wave"],"picked":"SKIP","floor":19},{"not_picked":["Warcry","Disarm","Clash"],"picked":"SKIP","floor":20},{"not_picked":["Clothesline","Heavy Blade","Feed"],"picked":"SKIP","floor":22},{"not_picked":["Eclipse","Run Through","Havoc"],"picked":"SKIP","floor":23},{"not_picked":["Anger","Cleave","Sword Boomerang+1"],"picked":"SKIP","floor":27},{"not_picked":["Sword Boomerang","Replay:Undeath\u0027s Touch","Second Wind+1"],"picked":"SKIP","floor":30},{"not_picked":["Dark Embrace","Carnage","Cleave"],"picked":"SKIP","floor":31},{"not_picked":["Replay:Undeath\u0027s Touch","Power Through","Havoc"],"picked":"SKIP","floor":35},{"not_picked":["Carnage+1","Warcry+1","Pummel+1"],"picked":"SKIP","floor":39},{"not_picked":["Carnage+1","Warcry+1","Pummel+1"],"picked":"SKIP","floor":39},{"not_picked":["Wild Strike","infinitespire:OneForAll+1","Life Link+1"],"picked":"SKIP","floor":40},{"not_picked":["Intimidate+1","Rampage+1"],"picked":"ReplayTheSpireMod:Strike From Hell+1","floor":45},{"not_picked":["Heavy Blade+1","Clothesline+1","ReplayTheSpireMod:Corrosion Curse"],"picked":"SKIP","floor":47},{"not_picked":["Warcry","Clash+1","Dropkick"],"picked":"SKIP","floor":48},{"not_picked":["Havoc","Body Slam","Replay:Undeath\u0027s Touch"],"picked":"SKIP","floor":52},{"not_picked":["Anger","Flex","Sever Soul"],"picked":"SKIP","floor":54},{"not_picked":["Whirlwind","Armaments","Eclipse"],"picked":"SKIP","floor":55},{"not_picked":["Heavy Blade","Flex","Clash"],"picked":"SKIP","floor":57},{"not_picked":["Reckless Charge","ReplayReversal","Rage"],"picked":"SKIP","floor":61},{"not_picked":["Disarm","Thunderclap","Warcry"],"picked":"SKIP","floor":66},{"not_picked":["Burning Pact","Rupture","Body Slam"],"picked":"SKIP","floor":67},{"not_picked":["Clash","Anger","ReplayTheSpireMod:Strike From Hell"],"picked":"SKIP","floor":71},{"not_picked":["Whirlwind","Shrug It Off","Rampage+1"],"picked":"SKIP","floor":74},{"not_picked":["Perfected Strike","Clash+1","Bloodletting"],"picked":"SKIP","floor":75},{"not_picked":["Havoc+1","Body Slam+1","ReplayTheSpireMod:Muscle Training+1"],"picked":"SKIP","floor":77},{"not_picked":["Heavy Blade+1","Thunderclap","True Grit"],"picked":"SKIP","floor":80},{"not_picked":["Body Slam","hubris:ReadiedAction","Fiend Fire"],"picked":"SKIP","floor":84},{"not_picked":["Fire Breathing","ReplayTheSpireMod:Muscle Training","ReplayTheSpireMod:Strike From Hell"],"picked":"SKIP","floor":85},{"not_picked":["infinitespire:UltimateForm","Replay:Fractal Strike"],"picked":"infinitespire:NeuralNetwork","floor":86},{"not_picked":["infinitespire:FutureSight","infinitespire:SealOfDarkness+"],"picked":"infinitespire:Menacing","floor":89},{"not_picked":["True Grit","Clothesline+1","Infernal Blade+1"],"picked":"SKIP","floor":90},{"not_picked":["Cleave","Second Wind+1","Inflame+1"],"picked":"SKIP","floor":92},{"not_picked":["Cleave","Second Wind+1","Inflame+1"],"picked":"SKIP","floor":92},{"not_picked":["Flex+1","Rupture","ReplayTheSpireMod:Muscle Training"],"picked":"SKIP","floor":95},{"not_picked":["True Grit+1","conspire:HitWhereItHurts","ReplayTheSpireMod:Strike From Hell+1"],"picked":"SKIP","floor":97},{"not_picked":["hubris:ReadiedAction+1","Flex+1","conspire:Charge+1"],"picked":"SKIP","floor":99},{"not_picked":["Carnage","True Grit+1","Rampage+1"],"picked":"SKIP","floor":100},{"not_picked":["Armaments+1","Infernal Blade+1","Iron Wave+1"],"picked":"SKIP","floor":102},{"not_picked":["infinitespire:Execution","infinitespire:Starlight"],"picked":"infinitespire:Fortify","floor":103},{"not_picked":["ReplayTheSpireMod:Strike From Hell","Cleave","Warcry+1"],"picked":"SKIP","floor":107},{"not_picked":["Wild Strike","Replay:Undeath\u0027s Touch","Armaments+1"],"picked":"SKIP","floor":108},{"not_picked":["Flex+1","Body Slam","Anger"],"picked":"SKIP","floor":109},{"not_picked":["Life Link","Sword Boomerang","Flex+1"],"picked":"SKIP","floor":114},{"not_picked":["Heavy Blade","Iron Wave","Spot Weakness+1"],"picked":"SKIP","floor":116},{"not_picked":["Evolve","ReplayTheSpireMod:Strike From Hell","Burning Pact+1"],"picked":"SKIP","floor":117},{"not_picked":["ReplayTheSpireMod:Corrosion Curse+1","Hemokinesis","Defy Death+1"],"picked":"SKIP","floor":118},{"not_picked":["Run Through","Perfected Strike","Shrug It Off+1"],"picked":"SKIP","floor":120},{"not_picked":["Armaments+1","Heavy Blade","Flex+1"],"picked":"SKIP","floor":124},{"not_picked":["Fire Breathing","Cleave+1","Anger"],"picked":"SKIP","floor":125},{"not_picked":["Whirlwind","Run Through","Exhume+1"],"picked":"SKIP","floor":127},{"not_picked":["Perfected Strike","Reckless Charge+1","Shrug It Off+1"],"picked":"SKIP","floor":128},{"not_picked":["ReplayTheSpireMod:Echoes of Time","hubris:Rewind"],"picked":"infinitespire:Fortify","floor":130},{"not_picked":["Power Through+1","Immolate","Second Wind+1"],"picked":"SKIP","floor":130},{"not_picked":["Clothesline","Cleave","Shrug It Off+1"],"picked":"SKIP","floor":131},{"not_picked":["Perfected Strike+1","Flex+1","Twin Strike"],"picked":"SKIP","floor":133},{"not_picked":["infinitespire:OneForAll+1","Replay:Undeath\u0027s Touch","Headbutt+1"],"picked":"SKIP","floor":135},{"not_picked":["Shockwave+1","Heavy Blade","Double Tap+1"],"picked":"SKIP","floor":137},{"not_picked":["Spot Weakness+1"],"picked":"SKIP","floor":141},{"not_picked":["Iron Wave+1"],"picked":"SKIP","floor":145},{"not_picked":["infinitespire:FinalStrike","hubris:Fate"],"picked":"hubris:Rewind","floor":146},{"not_picked":["Flex+1"],"picked":"SKIP","floor":146},{"not_picked":["Twin Strike+1"],"picked":"SKIP","floor":150},{"not_picked":["Perfected Strike"],"picked":"SKIP","floor":153},{"not_picked":["Iron Wave"],"picked":"SKIP","floor":154},{"not_picked":["ReplayTheSpireMod:Stacked+1"],"picked":"SKIP","floor":160}],"player_experience":538560,"relics_obtained":[{"floor":7,"key":"halation:Trompette"},{"floor":14,"key":"Ring of Searing"},{"floor":14,"key":"ReplayTheSpireMod:Ring of Addiction"},{"floor":14,"key":"White Beast Statue"},{"floor":14,"key":"Toy Ornithopter"},{"floor":23,"key":"Replay:WaspNest"},{"floor":25,"key":"conspire:InfiniteJournal"},{"floor":26,"key":"Bag of Marbles"},{"floor":39,"key":"halation:EternalFortune"},{"floor":40,"key":"hubris:FunFungus"},{"floor":43,"key":"halation:WeightlessCrab"},{"floor":47,"key":"ReplayTheSpireMod:TigerMarble"},{"floor":62,"key":"Unceasing Top"},{"floor":67,"key":"halation:EternalFortune"},{"floor":68,"key":"Replay:Towering Pillar of Hats"},{"floor":79,"key":"PreservedInsect"},{"floor":85,"key":"hubris:DeckOfHolding"},{"floor":90,"key":"halation:EternalFortune"},{"floor":92,"key":"halation:EternalFortune"},{"floor":95,"key":"halation:EternalFortune"},{"floor":95,"key":"Matryoshka"},{"floor":97,"key":"Boot"},{"floor":98,"key":"Toxic Egg 2"},{"floor":98,"key":"hubris:ToyBattleship"},{"floor":100,"key":"Vajra"},{"floor":102,"key":"Bronze Scales"},{"floor":103,"key":"infinitespire:Golems Mask"},{"floor":104,"key":"Orichalcum"},{"floor":112,"key":"ReplayFunnel"},{"floor":113,"key":"Odd Mushroom"},{"floor":114,"key":"Nunchaku"},{"floor":115,"key":"halation:KoshaPiece"},{"floor":115,"key":"Replay:Mystery Machine"},{"floor":117,"key":"infinitespire:WardingShard"},{"floor":119,"key":"Du-Vu Doll"},{"floor":121,"key":"infinitespire:PuzzleCube"},{"floor":129,"key":"Frozen Egg 2"},{"floor":130,"key":"infinitespire:EmpoweringShard"},{"floor":132,"key":"Paper Frog"},{"floor":135,"key":"Grinning Jar"},{"floor":136,"key":"Shuriken"},{"floor":138,"key":"Old Coin"},{"floor":139,"key":"halation:EternalFortune"},{"floor":144,"key":"Potion Belt"},{"floor":146,"key":"halation:IllGainedPizza"},{"floor":146,"key":"hubris:SlimyHat"},{"floor":149,"key":"Incense Burner"},{"floor":149,"key":"halation:EternalFortune"},{"floor":152,"key":"halation:QuantumPhysicsTextbook"},{"floor":155,"key":"infinitespire:Lucky Rock"},{"floor":158,"key":"Gremlin Horn"},{"floor":160,"key":"MawBank"}],"event_choices":[{"damage_healed":0,"gold_gain":175,"player_choice":"AGREE","damage_taken":0,"max_hp_gain":0,"max_hp_loss":0,"event_name":"Liars Game","floor":3,"gold_loss":0,"cards_obtained":["Doubt"]},{"damage_healed":0,"gold_gain":0,"player_choice":"Disagree","damage_taken":0,"max_hp_gain":0,"max_hp_loss":0,"event_name":"conspire:LoneGhost","floor":5,"gold_loss":0},{"damage_healed":0,"gold_gain":0,"player_choice":"Ignored","damage_taken":0,"max_hp_gain":0,"max_hp_loss":0,"event_name":"Purifier","floor":42,"gold_loss":0},{"damage_healed":0,"gold_gain":0,"player_choice":"Ignored","damage_taken":0,"max_hp_gain":0,"max_hp_loss":0,"event_name":"Purifier","floor":53,"gold_loss":0},{"damage_healed":0,"gold_gain":175,"player_choice":"AGREE","damage_taken":0,"max_hp_gain":0,"max_hp_loss":0,"event_name":"Liars Game","floor":56,"gold_loss":0,"cards_obtained":["Doubt"]},{"damage_healed":0,"gold_gain":0,"player_choice":"Trade","damage_taken":0,"relics_obtained":["SsserpentHead"],"max_hp_gain":0,"max_hp_loss":0,"event_name":"FaceTrader","floor":64,"gold_loss":0},{"damage_healed":0,"gold_gain":0,"player_choice":"Bought 0 Potions","damage_taken":0,"max_hp_gain":0,"max_hp_loss":0,"event_name":"The Woman in Blue","floor":65,"gold_loss":0},{"damage_healed":0,"gold_gain":0,"player_choice":"Became a Ghost","damage_taken":0,"max_hp_gain":0,"max_hp_loss":37,"event_name":"Ghosts","floor":72,"gold_loss":0,"cards_obtained":["Ghostly","Ghostly","Ghostly","Ghostly","Ghostly"]},{"damage_healed":0,"gold_gain":0,"player_choice":"","damage_taken":6,"max_hp_gain":0,"max_hp_loss":0,"event_name":"Knowing Skull","floor":73,"potions_obtained":[],"gold_loss":0,"cards_obtained":[]},{"damage_healed":0,"gold_gain":100,"player_choice":"Pray","damage_taken":0,"max_hp_gain":0,"max_hp_loss":0,"event_name":"Golden Shrine","floor":91,"gold_loss":0},{"damage_healed":0,"gold_gain":0,"player_choice":"Got Potions","damage_taken":0,"max_hp_gain":0,"max_hp_loss":0,"event_name":"Lab","floor":101,"gold_loss":0},{"damage_healed":0,"gold_gain":0,"player_choice":"Gave Potion","damage_taken":0,"relics_obtained":["MealTicket"],"max_hp_gain":0,"max_hp_loss":0,"event_name":"WeMeetAgain","floor":110,"gold_loss":0},{"damage_healed":0,"gold_gain":0,"player_choice":"Fought Mushrooms","damage_taken":0,"max_hp_gain":0,"max_hp_loss":0,"event_name":"Mushrooms","floor":113,"gold_loss":0},{"damage_healed":0,"gold_gain":0,"player_choice":"Invest 1","damage_taken":0,"max_hp_gain":0,"max_hp_loss":0,"event_name":"conspire:Investor","floor":142,"gold_loss":0},{"damage_healed":0,"gold_gain":0,"player_choice":"Upgraded","damage_taken":0,"max_hp_gain":0,"max_hp_loss":0,"event_name":"Upgrade Shrine","floor":143,"gold_loss":0,"cards_upgraded":["Dark Echo"]}],"is_beta":true,"boss_relics":[{"not_picked":["halation:SmartPhone","hubris:GrandSneckoEye","infinitespire:Cupcake"]},{"not_picked":["hubris:VirtuousBlindfold","ReplayTheSpireMod:DimensionalGlitch","Runic Pyramid"]},{"not_picked":["conspire:SlowCooker","halation:LoveArrow"],"picked":"Coffee Dripper"},{"not_picked":["halation:CatFaceCupcake","Electric Blood"],"picked":"infinitespire:Burning Sword"},{"not_picked":["ChewingGum","halation:Yufonium"],"picked":"conspire:RoyalGoblet"},{"not_picked":["hubris:VirtuousBlindfold","conspire:SlowCooker"],"picked":"hubris:Stopwatch"},{"not_picked":["Velvet Choker","hubris:TerracottaHorce"],"picked":"SlaversCollar"},{"not_picked":["halation:PinkAlligatorPlush","Snecko Eye"],"picked":"Replay:Grab Bag"},{"not_picked":["ReplayTheSpireMod:DimensionalGlitch","Electric Blood"],"picked":"Busted Crown"},{"not_picked":["Sozu","halation:ForbiddenBikini"],"picked":"Replay:Wanted Poster"},{"not_picked":["Runic Cube","hubris:BlackHole"],"picked":"Black Star"},{"not_picked":["halation:Prosthetics","Empty Cage"],"picked":"conspire:RunicOctahedron"},{"not_picked":["Replay:Fungal Core","Painkiller Herb","ChewingGum"]}],"items_purged_floors":[159],"is_endless":true,"potions_floor_spawned":[7,11,16,18,19,20,22,23,27,30,31,33,35,39,40,45,47,48,50,52,54,55,57,61,66,67,69,71,74,75,77,80,84,85,88,90,92,95,97,98,99,100,102,103,103,105,107,108,109,113,114,116,117,118,120,122,124,125,127,128,131,133,135,136,137,139,141,144,145,149,150,153,154,156,160,161],"ascension_level":0}}