{"host":"chv1qanoipyt46jc","time":1608699610,"event":{"mods":["2.2 Compatiblity","AchievementEnabler","BaseMod","BetterRewards","CapriCore","Card Filter","Conspire","Gold Saver","Grow up Mod","Minty Spire (QoL Compilation)","Rare Cards Sparkle","Relic Filter","Remove Card Discount Mod","Reorder Act Four","StSLib","The Marked"],"gold_per_floor":[1355,1373,1648,1665,1682,1682,1700,1700,1725,1742,1757,1777,1808,1827,1827,1932,1932,1943,1943,1858,1875,1573,1601,1601,1611,1658,1670,1703,1721,1721,1732,1732,1828,1828,1848,1844,1844,1688,1701,1735,1785,1819,1819,1832,1852,1862,1882,1893,1893,1893],"floor_reached":51,"playtime":2870,"items_purged":["theMarked:Strike","theMarked:Strike","theMarked:Strike","theMarked:Strike","theMarked:Strike","theMarked:Defend","theMarked:Defend","theMarked:Defend","theMarked:Defend","Regret","theMarked:Electrocute+1","conspire:Banana"],"score":1084,"play_id":"9e0a7081-88bc-4d71-868f-bbbab1f41c17","local_time":"20201222230010","is_ascension_mode":false,"campfire_choices":[{"data":"theMarked:Static","floor":6,"key":"SMITH"},{"data":"theMarked:SoldierOfQuellstein","floor":8,"key":"SMITH"},{"data":"theMarked:Static+1","floor":15,"key":"SMITH"},{"data":"theMarked:Improvise","floor":24,"key":"SMITH"},{"data":"theMarked:Static+2","floor":30,"key":"SMITH"},{"data":"theMarked:Static+3","floor":32,"key":"SMITH"},{"data":"theMarked:Static+4","floor":49,"key":"SMITH"}],"circlet_count":0,"master_deck":["theMarked:SoldierOfQuellstein+1","theMarked:Static+5","theMarked:ChainLightning+1","theMarked:MagicAdept","theMarked:GodGivenPower","theMarked:Improvise+1","theMarked:GodGivenPower"],"relics":["theMarked:ArtifactOfAir","theMarked:Gun","conspire:InfiniteJournal","theMarked:Winder","Singing Bowl","SlaversCollar","MealTicket","conspire:GlowingRock","Bag of Marbles","Whetstone","Centennial Puzzle","conspire:RunicOctahedron","TheAbacus","Mercury Hourglass","Thread and Needle","Blue Candle","Shuriken"],"acts_visited":["Exordium","TheCity","TheBeyond"],"potions_floor_usage":[],"damage_taken":[{"damage":11,"enemies":"Jaw Worm","floor":1,"turns":2},{"damage":1,"enemies":"Cultist","floor":2,"turns":3},{"damage":7,"enemies":"2 Louse","floor":4,"turns":2},{"damage":21,"enemies":"2 Fungi Beasts","floor":5,"turns":3},{"damage":22,"enemies":"conspire:2 RoseBushes","floor":7,"turns":3},{"damage":21,"enemies":"Exordium Wildlife","floor":10,"turns":3},{"damage":7,"enemies":"Blue Slaver","floor":11,"turns":2},{"damage":4,"enemies":"2 Fungi Beasts","floor":12,"turns":2},{"damage":18,"enemies":"Gremlin Nob","floor":13,"turns":3},{"damage":6,"enemies":"3 Louse","floor":14,"turns":3},{"damage":49,"enemies":"Hexaghost","floor":16,"turns":4},{"damage":8,"enemies":"Chosen","floor":18,"turns":2},{"damage":25,"enemies":"Spheric Guardian","floor":21,"turns":4},{"damage":18,"enemies":"Gremlin Leader","floor":23,"turns":3},{"damage":15,"enemies":"Snecko","floor":25,"turns":3},{"damage":29,"enemies":"Centurion and Healer","floor":27,"turns":3},{"damage":47,"enemies":"Slavers","floor":28,"turns":3},{"damage":20,"enemies":"conspire:HollyBat","floor":29,"turns":5},{"damage":15,"enemies":"Snecko","floor":31,"turns":3},{"damage":23,"enemies":"Champ","floor":33,"turns":3},{"damage":15,"enemies":"Orb Walker","floor":35,"turns":2},{"damage":6,"enemies":"3 Shapes","floor":39,"turns":3},{"damage":14,"enemies":"Nemesis","floor":40,"turns":3},{"damage":7,"enemies":"Mind Bloom Boss Battle","floor":41,"turns":3},{"damage":4,"enemies":"Giant Head","floor":42,"turns":3},{"damage":26,"enemies":"Writhing Mass","floor":44,"turns":4},{"damage":5,"enemies":"Sphere and 2 Shapes","floor":45,"turns":3},{"damage":27,"enemies":"Jaw Worm Horde","floor":46,"turns":3},{"damage":18,"enemies":"Transient","floor":47,"turns":5},{"damage":15,"enemies":"Maw","floor":48,"turns":5},{"damage":150,"enemies":"conspire:OrnateMirror","floor":50,"turns":4}],"seed_played":"-4482232927017915387","potions_obtained":[{"floor":4,"key":"FearPotion"},{"floor":5,"key":"Ancient Potion"},{"floor":7,"key":"PowerPotion"},{"floor":45,"key":"Strength Potion"}],"is_trial":false,"path_per_floor":["M","M","?","M","M","R","M","R","T","M","M","M","E","M","R","B",null,"M","?","?","M","$","E","R","M","T","M","E","M","R","M","R","B",null,"M","$","?","$","M","E","?","E","T","M","M","M","M","M","R","B",null],"character_chosen":"THE_DEFAULT","items_purchased":["theMarked:Gun","conspire:InfiniteJournal","theMarked:Static","theMarked:Winder","conspire:Banana","theMarked:ChainLightning","theMarked:MagicAdept","theMarked:GodGivenPower","theMarked:Improvise","theMarked:Electrocute","conspire:GlowingRock","TheAbacus"],"campfire_rested":0,"item_purchase_floors":[0,0,0,0,0,0,0,0,0,0,22,38],"current_hp_per_floor":[38,48,58,62,52,62,51,61,71,61,65,72,67,74,84,48,267,272,282,292,280,305,300,310,308,318,302,268,261,271,269,279,269,464,462,487,493,513,519,517,522,530,540,526,533,518,512,509,519,379],"gold":1893,"neow_bonus":"","is_daily":false,"chose_seed":false,"campfire_upgraded":7,"win_rate":0.0,"timestamp":1608699610,"path_taken":["M","M","?","M","M","R","M","R","T","M","M","?","E","M","R","BOSS","M","?","?","M","?","E","R","M","T","M","E","M","R","M","R","BOSS","M","$","?","?","M","E","?","E","T","M","M","M","M","M","R","BOSS"],"items_purchased_type":["Relic","Relic","Card","Relic","Card","Card","Card","Card","Card","Card","Relic","Relic"],"build_version":"2020-12-13","purchased_purges":12,"victory":true,"max_hp_per_floor":[91,102,112,123,134,144,155,165,175,186,197,208,221,234,244,257,267,280,290,300,313,323,336,346,359,369,382,395,408,418,431,441,454,464,477,487,503,513,525,537,549,561,571,583,595,607,619,631,641,651],"card_choices":[{"not_picked":["theMarked:TwofoldDefense","theMarked:ElectricStrings","theMarked:RepellingDischarge"],"picked":"SKIP","floor":1},{"not_picked":["theMarked:Opportunist","theMarked:WastefulAttack","theMarked:BanishingStrike"],"picked":"SKIP","floor":2},{"not_picked":["theMarked:WastefulDefense","theMarked:WastefulAttack","theMarked:SelfDefenseTraining"],"picked":"SKIP","floor":4},{"not_picked":["theMarked:Frustration","theMarked:RepellingDischarge","theMarked:ElectricStrings"],"picked":"SKIP","floor":5},{"not_picked":["theMarked:ShockingTouch","theMarked:ChainLightning","theMarked:BanishingStrike"],"picked":"SKIP","floor":7},{"not_picked":["theMarked:WastefulAttack","theMarked:RogueSparks","theMarked:ChainLightning"],"picked":"SKIP","floor":10},{"not_picked":["theMarked:WastefulDefense","theMarked:EnhancedHearing","theMarked:ParalyzingBlade"],"picked":"SKIP","floor":11},{"not_picked":["theMarked:MysticalArsenal","theMarked:ResourceFulStrike","theMarked:Indomitable"],"picked":"SKIP","floor":12},{"not_picked":["theMarked:Parkour","theMarked:Improvise","theMarked:BindingBlade"],"picked":"Singing Bowl","floor":13},{"not_picked":["theMarked:SwordAndMagic","theMarked:EnhancedHearing","theMarked:Parkour"],"picked":"Singing Bowl","floor":14},{"not_picked":["theMarked:Defy","theMarked:BindingBlade","theMarked:ChannelForce"],"picked":"Singing Bowl","floor":16},{"not_picked":["theMarked:Electrocute","theMarked:Aftermath","theMarked:StartUp"],"picked":"Singing Bowl","floor":18},{"not_picked":["theMarked:EmpowerWeapon","theMarked:ResourceFulStrike","theMarked:Electrify"],"picked":"Singing Bowl","floor":21},{"not_picked":["theMarked:WastefulDefense","theMarked:Overcharge+1","theMarked:SwordAndMagic"],"picked":"Singing Bowl","floor":23},{"not_picked":["theMarked:SoldierForm","theMarked:HeritageOfTheMarked","theMarked:Opportunist"],"picked":"Singing Bowl","floor":25},{"not_picked":["theMarked:EmpowerWeapon","theMarked:ShockingTouch+1","theMarked:Improvise+1"],"picked":"Singing Bowl","floor":27},{"not_picked":["theMarked:ChainLightning","theMarked:EmpowerWeapon","theMarked:ElectricStrings"],"picked":"Singing Bowl","floor":28},{"not_picked":["theMarked:HeightenedSenses+1","theMarked:EmpowerWeapon","theMarked:WardOff"],"picked":"Singing Bowl","floor":29},{"not_picked":["theMarked:Opportunist","theMarked:Generate+1","theMarked:TunnelVision"],"picked":"Singing Bowl","floor":31},{"not_picked":["theMarked:BindingBlade","theMarked:ChannelForce","theMarked:MuscleMemory"],"picked":"Singing Bowl","floor":33},{"not_picked":["theMarked:EmpowerWeapon","theMarked:RogueSparks","theMarked:ChainLightning+1"],"picked":"Singing Bowl","floor":35},{"not_picked":["Transmutation","Jack Of All Trades","Violence"],"picked":"Singing Bowl","floor":37},{"not_picked":["conspire:Banana","Bandage Up","Enlightenment"],"picked":"Singing Bowl","floor":37},{"not_picked":["Mayhem","Swift Strike","Blind"],"picked":"Singing Bowl","floor":37},{"not_picked":["theMarked:SwordAndMagic","theMarked:Overthink+1","theMarked:EnhanceMovement+1"],"picked":"Singing Bowl","floor":39},{"not_picked":["theMarked:SwordAndMagic","theMarked:Aftermath+1","theMarked:Improvise"],"picked":"Singing Bowl","floor":40},{"not_picked":["theMarked:WardOff","theMarked:Electrify+1","theMarked:Indomitable"],"picked":"Singing Bowl","floor":41},{"not_picked":["theMarked:ComboAttacks","theMarked:WardOff+1","theMarked:EnhancedHearing"],"picked":"Singing Bowl","floor":42},{"not_picked":["theMarked:TwofoldDefense+1","theMarked:TakeCover+1","theMarked:SoldierForm"],"picked":"Singing Bowl","floor":44},{"not_picked":["theMarked:TwofoldDefense","theMarked:Parkour+1","theMarked:WastefulAttack"],"picked":"Singing Bowl","floor":45},{"not_picked":["theMarked:SoldierForm","theMarked:TakeCover","theMarked:Static+1"],"picked":"Singing Bowl","floor":46},{"not_picked":["theMarked:BanishingWave+1","theMarked:Parkour","theMarked:StartUp"],"picked":"Singing Bowl","floor":47},{"not_picked":["theMarked:ShockingTouch","theMarked:ChainLightning+1","theMarked:Frustration"],"picked":"Singing Bowl","floor":48}],"player_experience":336392,"relics_obtained":[{"floor":13,"key":"Singing Bowl"},{"floor":23,"key":"Bag of Marbles"},{"floor":26,"key":"Whetstone"},{"floor":28,"key":"Centennial Puzzle"},{"floor":40,"key":"Mercury Hourglass"},{"floor":41,"key":"Thread and Needle"},{"floor":42,"key":"Blue Candle"},{"floor":43,"key":"Shuriken"}],"event_choices":[{"damage_healed":0,"gold_gain":275,"player_choice":"Desecrate","damage_taken":0,"max_hp_gain":0,"max_hp_loss":0,"event_name":"Golden Shrine","floor":3,"gold_loss":0,"cards_obtained":["Regret"]},{"damage_healed":0,"gold_gain":0,"player_choice":"Read","damage_taken":0,"max_hp_gain":0,"max_hp_loss":0,"event_name":"The Library","floor":19,"gold_loss":0,"cards_obtained":["theMarked:GodGivenPower"]},{"damage_healed":0,"gold_gain":0,"player_choice":"Obtained Relic","damage_taken":0,"relics_obtained":["MealTicket"],"max_hp_gain":0,"max_hp_loss":0,"event_name":"Addict","floor":20,"gold_loss":85},{"damage_healed":0,"gold_gain":0,"player_choice":"Memory 3","damage_taken":10,"max_hp_gain":0,"max_hp_loss":0,"event_name":"SensoryStone","floor":37,"gold_loss":0},{"damage_healed":0,"gold_gain":0,"player_choice":"Fight","damage_taken":0,"max_hp_gain":0,"max_hp_loss":0,"event_name":"MindBloom","floor":41,"gold_loss":0}],"is_beta":false,"boss_relics":[{"not_picked":["conspire:SpecialSausage","theMarked:SpiritSword"],"picked":"SlaversCollar"},{"not_picked":["Pandora\u0027s Box","theMarked:BronzeBlade"],"picked":"conspire:RunicOctahedron"}],"items_purged_floors":[0,0,0,0,0,0,0,0,0,36,36,38],"is_endless":false,"potions_floor_spawned":[4,5,7,12,13,27,28,31,41,42,45,46,47],"ascension_level":0}}