{"host":"7z347kdhnquy3q4q","time":1608722671,"event":{"mods":["Act Like it!","Aspiration","BaseMod","Downfall","Hubris","Minty Spire (QoL Compilation)","MostiFishMod","Permanent Neow","Potionbrewer","Replay The Spire","Robot Space Explorer","Spicy Shops","StSLib","Wandering Minibosses","vexMod"],"gold_per_floor":[162,181,54,54,69,69,69,69,20,37,49,67,67,67,81,71,71,71],"floor_reached":16,"playtime":1212,"items_purged":[],"score":90,"play_id":"2e689e3c-bb38-4926-a23e-ca337b25cb56","local_time":"20201223052431","is_ascension_mode":false,"campfire_choices":[{"data":"champ:FanOfKnives","floor":6.0,"key":"SMITH"}],"circlet_count":0,"master_deck":["champ:Strike","champ:Strike","champ:Strike","champ:Strike","champ:Defend","champ:Defend","champ:Defend","champ:Defend","champ:Execute","champ:Taunt","champ:CrownThrow","champ:GladiatorsShout","champ:FanOfKnives+1","champ:BerserkerStyle","champ:ViciousMockery","champ:CrookedStrike","champ:Duel","champ:ShieldWall","ReplayTheSpireMod:IOU","ReplayTheSpireMod:IOU","champ:AdrenalArmor"],"relics":["champ:ChampionCrown","DaveBox","Replay:Wax Seal","White Beast Statue","HaiYi:Twilight","Medical Kit","The Courier"],"acts_visited":["Exordium"],"potions_floor_usage":[11,12,16,16,16],"damage_taken":[{"damage":5.0,"enemies":"Small Slimes","floor":2.0,"turns":3.0},{"damage":5.0,"enemies":"downfall:FleeingMerchant","floor":3.0,"turns":4.0},{"damage":11.0,"enemies":"Cultist","floor":5.0,"turns":3.0},{"damage":10.0,"enemies":"downfall:FleeingMerchant","floor":9.0,"turns":4.0},{"damage":16.0,"enemies":"Jaw Worm","floor":10.0,"turns":5.0},{"damage":16,"enemies":"Exordium Thugs","floor":11,"turns":3},{"damage":14,"enemies":"downfall:FleeingMerchant","floor":12,"turns":6},{"damage":8,"enemies":"Red Slaver","floor":15,"turns":3},{"damage":75,"enemies":"downfall:Silent","floor":16,"turns":12}],"seed_played":"-760162181602677113","potions_obtained":[{"floor":2.0,"key":"AttackPotion"},{"floor":9.0,"key":"Slimebound:ThreeZeroPotion"},{"floor":10.0,"key":"hexamod:EctoCoolerPotion"},{"floor":11,"key":"champ:CounterPotion"},{"floor":12,"key":"Weak Potion"},{"floor":15,"key":"Guardian:BlockOnCardUsePotion"}],"is_trial":false,"path_per_floor":["R","M","$","?","M","R","T","?","$","M","M","$","?","T","M","B"],"character_chosen":"THE_CHAMP","items_purchased":["Replay:Wax Seal","champ:FanOfKnives","champ:ViciousMockery","Medical Kit"],"campfire_rested":0,"item_purchase_floors":[3,3,9,12],"current_hp_per_floor":[90,90,85,85,79,79,79,90,90,83,72,72,77,77,74,0,0,0],"gold":71,"neow_bonus":"ONE_RANDOM_RARE_CARD","is_daily":false,"chose_seed":false,"campfire_upgraded":1,"win_rate":0.0,"timestamp":1608722671,"path_taken":["R","M","$","?","?","R","T","?","?","M","?","?","?","?","M","BOSS"],"items_purchased_type":["Relic","Card","Card","Relic"],"build_version":"2020-12-22","purchased_purges":0,"victory":false,"max_hp_per_floor":[90,90,90,90,90,90,90,90,90,90,90,90,95,95,95,95,95,95],"card_choices":[{"not_picked":["champ:TornadoPunch","champ:Riposte"],"picked":"champ:GladiatorsShout","floor":2.0},{"not_picked":["champ:FlashCut","champ:DeathBlow"],"picked":"champ:DefensiveStyle","floor":3.0},{"not_picked":["champ:FlashCut","champ:Backstep","champ:FanOfKnives"],"picked":"SKIP","floor":5.0},{"not_picked":["champ:HeartStrike","champ:FlashCut"],"picked":"champ:BerserkerStyle","floor":9.0},{"not_picked":["champ:RisingSlash","champ:FocusedDefense"],"picked":"champ:CrookedStrike","floor":10.0},{"not_picked":["champ:PerfectedStrike","champ:TornadoPunch"],"picked":"champ:Duel","floor":11},{"not_picked":["champ:ViciousMockery","champ:RisingSlash"],"picked":"champ:ShieldWall","floor":12},{"not_picked":["champ:Duel","champ:EnGarde"],"picked":"champ:AdrenalArmor","floor":15}],"player_experience":1896143,"relics_obtained":[{"floor":7.0,"key":"White Beast Statue"},{"floor":14,"key":"The Courier"}],"event_choices":[{"damage_healed":0.0,"max_hp_gain":0.0,"max_hp_loss":0.0,"gold_gain":0.0,"event_name":"NoteForYourself","player_choice":"Ignored","floor":4.0,"gold_loss":0.0,"damage_taken":0.0},{"cards_removed":["champ:DefensiveStyle"],"damage_healed":11.0,"max_hp_gain":0.0,"max_hp_loss":0.0,"gold_gain":0.0,"event_name":"Bonfire Elementals","player_choice":"Offered Uncommon","floor":8.0,"gold_loss":0.0,"damage_taken":0.0},{"damage_healed":0,"gold_gain":0,"player_choice":"Donut","damage_taken":0,"max_hp_gain":5,"max_hp_loss":0,"event_name":"Big Fish","floor":13,"gold_loss":0}],"is_beta":false,"boss_relics":[],"items_purged_floors":[],"is_endless":false,"potions_floor_spawned":[2,9,10,11,12,15],"killed_by":"downfall:Silent","ascension_level":0}}