{"host":"vfjw5z5u57sxa51v","time":1608751419,"event":{"mods":["AchievementEnabler","Act Like it!","Aspiration","Bard","BaseMod","Beaked The Cultist","Better Altar","Better Match","Better Note","Better Sensory Stone","Better Skull","Better Third Choice","BetterRewards","CCEM","Colored Map","Conspire","Downfall","GifTheSpireLib","Halation","Hallownest","Highlight Path","Hubris","Hunter ??","Infinite Spire","Jedi Mod","Jorbs\u0027s Wanderer Trilogy","Mad Scientist","Marisa????????","Minty Spire (QoL Compilation)","Permanent Neow","Replay The Spire","Shade Mod","Shop Mod","Spicy Shops","StSLib","Stuff the Spire","The Administrix","The Blackbeard","The Bug Knight","The Mystic","The Necromancer","The Runesmith","The Servant 0.9.4","The Spell Scribe","Unceasing Turn Reminder","everything is the same but u backflip on backflip"],"gold_per_floor":[112,112,112,124,44,76,91,124,196,196,226,226,238,250,250,250,250],"floor_reached":16,"playtime":1118,"items_purged":[],"score":120,"play_id":"d9ea16df-8a6c-4ec9-b1fc-2824bae51535","local_time":"20201223202339","is_ascension_mode":false,"campfire_choices":[{"floor":10,"key":"REST"},{"floor":15,"key":"REST"}],"circlet_count":0,"master_deck":["HollowMod:NailStrikeStart","HollowMod:NailStrikeStart","HollowMod:NailStrikeStart+1","HollowMod:NailStrikeStart","HollowMod:QuickDashStart","HollowMod:QuickDashStart","HollowMod:QuickDashStart","HollowMod:QuickDashStart","HollowMod:FocusHealStart","HollowMod:PogoStrike+1","HollowMod:FallenFury+1","HollowMod:SoulShaman","HollowMod:QuirrelsAssistance","HollowMod:GoodIntentions","HollowMod:SoulMaster","HollowMod:NewGlowingWomb","HollowMod:Grubsong","HollowMod:SoulSplash"],"relics":["HollowMod:VesselMask","aspiration:Nostalgia","m_ScarletBlood","hubris:Towel","Runesmith:AutoHammer","Whetstone","HollowMod:MantisClawRelic","Replay:Mystery Machine","halation:PinkSoulGem"],"acts_visited":["Exordium"],"potions_floor_usage":[16],"damage_taken":[{"damage":1,"enemies":"Jaw Worm","floor":1,"turns":4},{"damage":0,"enemies":"2 Louse","floor":4,"turns":2},{"damage":39,"enemies":"Lagavulin","floor":6,"turns":8},{"damage":0,"enemies":"Small Slimes","floor":7,"turns":3},{"damage":32,"enemies":"Gremlin Nob","floor":8,"turns":5},{"damage":28,"enemies":"Lagavulin","floor":11,"turns":10},{"damage":11,"enemies":"Blue Slaver","floor":13,"turns":4},{"damage":0,"enemies":"Exordium Wildlife","floor":14,"turns":4},{"damage":57,"enemies":"Slime Boss","floor":16,"turns":5}],"seed_played":"3711205077762446375","potions_obtained":[{"floor":6,"key":"SpeedPotion"},{"floor":8,"key":"SteroidPotion"}],"is_trial":false,"path_per_floor":["M","?","?","M","$","E","M","E","T","R","E","?","M","M","R","B"],"character_chosen":"THE_BUGKNIGHT","items_purchased":["HollowMod:QuirrelsAssistance"],"campfire_rested":2,"item_purchase_floors":[5],"current_hp_per_floor":[75,75,75,75,75,46,52,26,26,48,26,26,21,27,49,0,0],"gold":250,"neow_bonus":"NOSTALGIA","is_daily":false,"chose_seed":false,"campfire_upgraded":0,"win_rate":0.0,"timestamp":1608751419,"path_taken":["M","?","?","M","$","E","M","E","T","R","E","?","?","M","R","BOSS"],"items_purchased_type":["Card"],"build_version":"2020-12-22","purchased_purges":0,"victory":false,"max_hp_per_floor":[75,75,75,75,75,75,75,75,75,75,75,75,75,75,75,75,75],"card_choices":[{"not_picked":["HollowMod:FastStrike","HollowMod:GoodIntentions"],"picked":"HollowMod:FallenFury","floor":1},{"not_picked":["HollowMod:BaldurShell","HollowMod:DungDefenderAura"],"picked":"HollowMod:SoulShaman","floor":4},{"not_picked":["Spot Weakness","HollowMod:TaintedHusks"],"picked":"HollowMod:GoodIntentions","floor":6},{"not_picked":["HollowMod:CloakDash","HollowMod:MawleksShell"],"picked":"HollowMod:SoulMaster","floor":7},{"not_picked":["HollowMod:TaintedHusks","HollowMod:ChannelNail"],"picked":"HollowMod:NewGlowingWomb","floor":8},{"not_picked":["HollowMod:SiblingsShadow","HollowMod:ChannelNail"],"picked":"HollowMod:Grubsong","floor":11},{"not_picked":["HollowMod:WraithStrike","Double Tap","HollowMod:GrimmsGift"],"picked":"SKIP","floor":13},{"not_picked":["HollowMod:WraithStrike","HollowMod:BlackTendrils"],"picked":"HollowMod:SoulSplash","floor":14}],"player_experience":21853,"relics_obtained":[{"floor":6,"key":"Runesmith:AutoHammer"},{"floor":8,"key":"Whetstone"},{"floor":9,"key":"HollowMod:MantisClawRelic"},{"floor":11,"key":"Replay:Mystery Machine"}],"event_choices":[],"is_beta":false,"boss_relics":[],"items_purged_floors":[],"is_endless":false,"potions_floor_spawned":[6,8],"killed_by":"Slime Boss","ascension_level":0}}