{"host":"tgr1xoidyjfo4u0n","time":1608742442,"event":{"mods":["Act Like it!","BaseMod","Better Vampires","CapriCore","Colored Powertips","GifTheSpireLib","Highlight Path","Minty Spire (QoL Compilation)","StSLib"],"gold_per_floor":[17,17,42,42,117,117,137,171,246,246,262,283,283,316,316,316,316],"floor_reached":16,"playtime":810,"items_purged":[],"score":116,"play_id":"ffa3afc4-038a-497d-84c6-338d49fe462d","local_time":"20201224005402","is_ascension_mode":true,"campfire_choices":[{"data":"Neutralize","floor":6,"key":"SMITH"},{"data":"Burst","floor":10,"key":"SMITH"},{"data":"Outmaneuver","floor":13,"key":"SMITH"},{"data":"Dagger Spray","floor":15,"key":"SMITH"}],"circlet_count":0,"master_deck":["Strike_G","Strike_G","Strike_G","Strike_G","Defend_G","Defend_G","Defend_G","Defend_G","Defend_G","Survivor","Neutralize+1","Unload","Cloak And Dagger","Escape Plan","Underhanded Strike","Poisoned Stab","Burst+1","Outmaneuver+1","Dagger Spray+1","Escape Plan"],"relics":["Ring of the Snake","Golden Idol","Ancient Tea Set","InkBottle","Strawberry"],"acts_visited":["Exordium"],"potions_floor_usage":[8,14],"damage_taken":[{"damage":0,"enemies":"Small Slimes","floor":1,"turns":5},{"damage":0,"enemies":"2 Louse","floor":3,"turns":2},{"damage":1,"enemies":"Cultist","floor":7,"turns":3},{"damage":14,"enemies":"Gremlin Nob","floor":8,"turns":5},{"damage":0,"enemies":"Looter","floor":11,"turns":1},{"damage":0,"enemies":"Gremlin Gang","floor":12,"turns":6},{"damage":2,"enemies":"Lagavulin","floor":14,"turns":5},{"damage":20,"enemies":"The Guardian","floor":16,"turns":8}],"seed_played":"8656350496280169604","potions_obtained":[{"floor":1,"key":"PowerPotion"},{"floor":8,"key":"AttackPotion"},{"floor":11,"key":"Block Potion"},{"floor":12,"key":"SteroidPotion"}],"is_trial":false,"path_per_floor":["M","?","M","?","?","R","M","E","T","R","M","M","R","E","R","B"],"character_chosen":"THE_SILENT","items_purchased":[],"campfire_rested":0,"item_purchase_floors":[],"current_hp_per_floor":[70,65,65,65,54,54,53,39,39,39,39,39,39,44,44,24,24],"gold":316,"neow_bonus":"THREE_RARE_CARDS","is_daily":false,"chose_seed":false,"campfire_upgraded":4,"win_rate":0.0,"timestamp":1608742442,"path_taken":["M","?","M","?","?","R","M","E","T","R","M","M","R","E","R","BOSS"],"items_purchased_type":[],"build_version":"2020-12-22","purchased_purges":0,"victory":false,"max_hp_per_floor":[70,65,65,65,65,65,65,65,65,65,65,65,65,72,72,72,72],"card_choices":[{"not_picked":["Envenom","Corpse Explosion"],"picked":"Unload","floor":0},{"not_picked":["Riddle With Holes","Prepared"],"picked":"Cloak And Dagger","floor":1},{"not_picked":["Heel Hook","Deadly Poison"],"picked":"Escape Plan","floor":3},{"not_picked":["Sucker Punch","Outmaneuver"],"picked":"Poisoned Stab","floor":7},{"not_picked":["Dagger Throw","Cloak And Dagger"],"picked":"Burst","floor":8},{"not_picked":["Eviscerate","Reflex"],"picked":"Outmaneuver","floor":11},{"not_picked":["Bane","Dagger Throw"],"picked":"Dagger Spray","floor":12},{"not_picked":["Prepared","Quick Slash"],"picked":"Escape Plan","floor":14}],"player_experience":301872,"relics_obtained":[{"floor":8,"key":"Ancient Tea Set"},{"floor":9,"key":"InkBottle"},{"floor":14,"key":"Strawberry"}],"event_choices":[{"damage_healed":0,"gold_gain":0,"player_choice":"Lose Max HP","damage_taken":0,"relics_obtained":["Golden Idol"],"max_hp_gain":0,"max_hp_loss":5,"event_name":"Golden Idol","floor":2,"gold_loss":0},{"damage_healed":0,"gold_gain":0,"cards_transformed":["Strike_G"],"player_choice":"Change","damage_taken":0,"max_hp_gain":0,"max_hp_loss":0,"event_name":"Living Wall","floor":4,"gold_loss":0,"cards_obtained":["Underhanded Strike"]},{"damage_healed":0,"gold_gain":75,"player_choice":"Gather Gold","damage_taken":11,"max_hp_gain":0,"max_hp_loss":0,"event_name":"World of Goop","floor":5,"gold_loss":0}],"is_beta":false,"boss_relics":[],"items_purged_floors":[],"is_endless":false,"potions_floor_spawned":[1,8,11,12],"killed_by":"The Guardian","ascension_level":1}}