{"host":"3ek78t4i81ecmdy1","time":1608702891,"event":{"mods":["2.2 Compatiblity","AchievementEnabler","BaseMod","Colored Map","DeckTracker","Filter the Spire","Keyboard Shortcuts","Minty Spire (QoL Compilation)","Permanent Neow","Quick Restart","SuperFastMode","everything is the same but u backflip on backflip"],"gold_per_floor":[117,39,39,55,69,89,117,117,117,133,6,6,6,6,6,6,6],"floor_reached":16,"playtime":406,"items_purged":["Strike_R"],"score":105,"play_id":"f00a35e6-ed53-4fe4-b38e-85cb25a41bff","local_time":"20201223145451","is_ascension_mode":true,"campfire_choices":[{"data":"Shrug It Off","floor":8,"key":"SMITH"},{"data":"Dramatic Entrance","floor":12,"key":"SMITH"},{"data":"Metallicize","floor":15,"key":"SMITH"}],"circlet_count":0,"master_deck":["Strike_R","Strike_R","Strike_R","Defend_R","Defend_R","Defend_R","Defend_R","Bash","Thunderclap","Dark Embrace+1","Flex","Iron Wave","Shrug It Off+1","Clothesline","Metallicize+1","Dramatic Entrance+1","Sentinel"],"relics":["Burning Blood","Bird Faced Urn","Oddly Smooth Stone","The Courier","Bag of Marbles"],"acts_visited":["Exordium"],"potions_floor_usage":[7],"damage_taken":[{"damage":0,"enemies":"Small Slimes","floor":1,"turns":3},{"damage":1,"enemies":"Cultist","floor":4,"turns":3},{"damage":11,"enemies":"Jaw Worm","floor":5,"turns":4},{"damage":5,"enemies":"Large Slime","floor":6,"turns":5},{"damage":16,"enemies":"Gremlin Nob","floor":7,"turns":3},{"damage":14,"enemies":"Lots of Slimes","floor":10,"turns":4},{"damage":54,"enemies":"Hexaghost","floor":16,"turns":16}],"seed_played":"-77130166104115611","potions_obtained":[{"floor":5,"key":"ElixirPotion"},{"floor":6,"key":"AttackPotion"}],"is_trial":false,"path_per_floor":["M","$","?","M","M","M","E","R","T","M","$","R","?","T","R","B"],"character_chosen":"IRONCLAD","items_purchased":["Dark Embrace","Dramatic Entrance"],"campfire_rested":0,"item_purchase_floors":[2,11],"current_hp_per_floor":[72,72,72,72,67,70,60,60,60,52,52,52,52,52,52,2,2],"gold":6,"neow_bonus":"ONE_RARE_RELIC","is_daily":false,"chose_seed":false,"campfire_upgraded":3,"win_rate":0.0,"timestamp":1608702891,"path_taken":["M","$","?","M","?","M","E","R","T","M","$","R","?","?","R","BOSS"],"items_purchased_type":["Card","Card"],"build_version":"2020-12-22","purchased_purges":1,"victory":false,"max_hp_per_floor":[72,72,72,72,72,72,72,72,72,72,72,72,72,72,72,72,72],"card_choices":[{"not_picked":["Heavy Blade","Clash"],"picked":"Thunderclap","floor":1},{"not_picked":["Sword Boomerang","Warcry"],"picked":"Flex","floor":4},{"not_picked":["Body Slam","Twin Strike"],"picked":"Iron Wave","floor":5},{"not_picked":["Cleave","Warcry"],"picked":"Shrug It Off","floor":6},{"not_picked":["Heavy Blade","Thunderclap"],"picked":"Clothesline","floor":7},{"not_picked":["Twin Strike","Shrug It Off"],"picked":"Metallicize","floor":10}],"player_experience":18674,"relics_obtained":[{"floor":7,"key":"Oddly Smooth Stone"},{"floor":9,"key":"The Courier"},{"floor":14,"key":"Bag of Marbles"}],"event_choices":[{"damage_healed":0,"gold_gain":0,"player_choice":"Upgraded","damage_taken":0,"max_hp_gain":0,"max_hp_loss":0,"event_name":"Upgrade Shrine","floor":3,"gold_loss":0,"cards_upgraded":["Dark Embrace"]},{"damage_healed":0,"gold_gain":0,"cards_transformed":["Strike_R"],"player_choice":"Change","damage_taken":0,"max_hp_gain":0,"max_hp_loss":0,"event_name":"Living Wall","floor":13,"gold_loss":0,"cards_obtained":["Sentinel"]}],"is_beta":false,"boss_relics":[],"items_purged_floors":[11],"is_endless":false,"potions_floor_spawned":[5,6],"killed_by":"Hexaghost","ascension_level":1}}