{"host":"zksvs3x2ysy9npnz","time":1608682719,"event":{"mods":["Aspiration","BaseMod","Beaked The Cultist","BetterRewards","CatGirl Mod","Clockwork Mod","Conspire","Energized Spire","Fiend Mod","Friendly Minions","Halation","Hermit","Highlight Path","Hubris","Jedi Mod","Minty Spire (QoL Compilation)","Permanent Neow","Quick Restart","Relic Stats","Replay The Spire","Shop Mod","StSLib","SuperFastMode","The Blackbeard","The Bladedancer","The Construct"],"gold_per_floor":[111,111,29,48,48,76,95,124,175,192,192,207,172,188,188,285,285,302,302,302,312,262,262,294,294,294,319,335,335,2,22,22,127,127,137,147,147,147,147,177,177,191,216,216,226,82,82,82,82,82,82,82,31,56,56,56],"floor_reached":55,"playtime":3848,"items_purged":["blademaster:Strike"],"score":1239,"play_id":"6546f630-8293-419d-ae1a-cdac2be4a76e","local_time":"20201223011839","is_ascension_mode":true,"campfire_choices":[{"floor":11,"key":"RECALL"},{"data":"blademaster:Overcharge","floor":15,"key":"SMITH"},{"data":"blademaster:Frontflip","floor":20,"key":"SMITH"},{"data":"blademaster:Defend","floor":23,"key":"SMITH"},{"data":"blademaster:AspectOfLightning","floor":25,"key":"SMITH"},{"floor":29,"key":"REST"},{"floor":32,"key":"REST"},{"floor":41,"key":"REST"},{"floor":44,"key":"REST"},{"data":"blademaster:Empower","floor":48,"key":"SMITH"},{"data":"blademaster:Empower","floor":49,"key":"SMITH"},{"data":"blademaster:Overcharge","floor":52,"key":"SMITH"}],"circlet_count":0,"master_deck":["AscendersBane","blademaster:Strike+1","blademaster:Strike","blademaster:Defend+1","blademaster:Defend+1","blademaster:Defend+1","blademaster:Defend+1","blademaster:HighVoltage","blademaster:Overcharge+1","blademaster:Gust","blademaster:Bloodbath","blademaster:EyeOfTheTornado","blademaster:Frontflip+1","blademaster:Bloodbath","blademaster:Empower+1","blademaster:WindSlash","blademaster:Frontflip","blademaster:Frontflip","blademaster:Overcharge+1","blademaster:UnrelentingWind","blademaster:LeechingStrike+1","blademaster:BladeMastery+1","blademaster:AwakeningDefend+1","blademaster:LeechingStrike","blademaster:CombatPrep","blademaster:Frontflip","blademaster:Empower+1","blademaster:Frontflip"],"relics":["blademaster:DancersAmulet","NeowsBlessing","Replay:PocketPolymizer","ReplayTheSpireMod:Lightbulb","jedi:arcanewood","construct:WeddingRing","Oddly Smooth Stone","construct:BoolHorns","Replay:Bottled Eggs","Astrolabe","halation:PinkSoulGem","aspiration:FetidBarrel","Juzu Bracelet","conspire:BottledYoYo","Replay:WaspNest"],"acts_visited":["Exordium","TheCity","TheBeyond","TheEnding"],"potions_floor_usage":[8,8,12,16,27,33,50,55],"damage_taken":[{"damage":0,"enemies":"Cultist","floor":1,"turns":1},{"damage":0,"enemies":"Jaw Worm","floor":4,"turns":1},{"damage":0,"enemies":"Gremlin Nob","floor":6,"turns":1},{"damage":0,"enemies":"2 Louse","floor":7,"turns":4},{"damage":15,"enemies":"3 Sentries","floor":8,"turns":6},{"damage":0,"enemies":"Looter","floor":10,"turns":4},{"damage":13,"enemies":"Lots of Slimes","floor":12,"turns":5},{"damage":11,"enemies":"Red Slaver","floor":14,"turns":4},{"damage":31,"enemies":"Slime Boss","floor":16,"turns":10},{"damage":9,"enemies":"3 Byrds","floor":18,"turns":4},{"damage":13,"enemies":"2 Thieves","floor":21,"turns":4},{"damage":0,"enemies":"Gremlin Leader","floor":24,"turns":7},{"damage":16,"enemies":"Slavers","floor":27,"turns":5},{"damage":12,"enemies":"3 Cultists","floor":28,"turns":4},{"damage":8,"enemies":"Snake Plant","floor":31,"turns":4},{"damage":26,"enemies":"Automaton","floor":33,"turns":9},{"damage":15,"enemies":"3 Darklings","floor":35,"turns":5},{"damage":10,"enemies":"Orb Walker","floor":36,"turns":5},{"damage":64,"enemies":"Giant Head","floor":40,"turns":10},{"damage":12,"enemies":"Jaw Worm Horde","floor":42,"turns":3},{"damage":0,"enemies":"4 Shapes","floor":45,"turns":1},{"damage":26,"enemies":"hubris:GrandSnecko","floor":50,"turns":9},{"damage":68,"enemies":"Shield and Spear","floor":54,"turns":5},{"damage":10,"enemies":"The Heart","floor":55,"turns":2}],"seed_played":"296282782685339848","potions_obtained":[{"floor":1,"key":"DuplicationPotion"},{"floor":4,"key":"Explosive Potion"},{"floor":10,"key":"Swift Potion"},{"floor":14,"key":"Energy Potion"},{"floor":18,"key":"Elixir"},{"floor":21,"key":"Adrenaline Potion"},{"floor":31,"key":"AttackPotion"},{"floor":45,"key":"FearPotion"},{"floor":54,"key":"Reflective Coating"}],"is_trial":false,"path_per_floor":["M","?","$","M","$","E","M","E","T","M","R","M","?","M","R","B",null,"M","?","R","M","?","R","E","R","T","E","M","R","$","M","R","B",null,"M","M","?","?","?","E","R","M","T","R","M","$","?","R","R","B",null,"R","$","E","B"],"character_chosen":"THE_BLADEMASTER","items_purchased":["blademaster:Gust","blademaster:AspectOfLightning","Replay:Bottled Eggs","blademaster:Empower","blademaster:Frontflip"],"campfire_rested":4,"item_purchase_floors":[3,3,30,46,53],"current_hp_per_floor":[68,68,68,68,68,68,68,53,53,53,53,40,58,47,47,16,60,51,75,75,62,62,62,62,62,62,46,34,56,56,48,70,44,67,57,47,47,47,85,31,56,44,44,69,69,69,69,69,69,43,75,75,75,10,0,0],"gold":56,"neow_bonus":"THREE_ENEMY_KILL","is_daily":false,"chose_seed":false,"campfire_upgraded":7,"win_rate":0.0,"timestamp":1608682719,"path_taken":["M","?","?","?","$","E","?","E","T","M","R","M","?","M","R","BOSS","M","?","?","?","?","R","E","?","T","E","M","R","$","M","R","BOSS","M","M","?","?","?","E","R","?","T","R","M","$","?","?","R","BOSS","R","$","E","BOSS"],"items_purchased_type":["Card","Card","Relic","Card","Card"],"build_version":"2020-12-13","purchased_purges":1,"victory":false,"max_hp_per_floor":[75,75,75,75,75,75,75,75,75,75,75,75,75,75,75,75,75,75,75,75,75,75,75,75,75,75,75,75,75,75,75,75,75,75,75,75,75,75,85,85,85,85,85,85,85,85,85,85,85,85,85,85,85,85,85,85],"relic_stats":{"counters":[24,113],"Astrolabe":["blademaster:LeechingStrike","blademaster:BladeMastery","blademaster:LightningDraw"],"Juzu Bracelet":0,"obtain_stats":[{"construct:BoolHorns":27,"jedi:command_uncommon":47,"Replay:PocketPolymizer":6,"construct:WeddingRing":17,"NeowsBlessing":0,"blademaster:BonusComboPerk":8,"aspiration:FetidBarrel":40,"Astrolabe":34,"Oddly Smooth Stone":24,"Replay:WaspNest":54,"blademaster:RandomBladePerk":24,"Juzu Bracelet":43,"blademaster:OnAttackedChargePerk":54,"conspire:BottledYoYo":47,"blademaster:DancersAmulet":0,"blademaster:WindChargePerk":6,"blademaster:ComboEveryTurnPerk":27,"blademaster:DextrousPerk":40,"Replay:Bottled Eggs":30,"ReplayTheSpireMod:Lightbulb":8,"jedi:arcanewood":9,"halation:PinkSoulGem":38},{"construct:BoolHorns":13,"jedi:command_uncommon":21,"Replay:PocketPolymizer":3,"construct:WeddingRing":9,"NeowsBlessing":0,"blademaster:BonusComboPerk":5,"aspiration:FetidBarrel":19,"Astrolabe":16,"Oddly Smooth Stone":12,"Replay:WaspNest":23,"blademaster:RandomBladePerk":12,"Juzu Bracelet":20,"blademaster:OnAttackedChargePerk":23,"conspire:BottledYoYo":21,"blademaster:DancersAmulet":0,"blademaster:WindChargePerk":3,"blademaster:ComboEveryTurnPerk":13,"blademaster:DextrousPerk":19,"Replay:Bottled Eggs":14,"ReplayTheSpireMod:Lightbulb":5,"jedi:arcanewood":5,"halation:PinkSoulGem":18},{"construct:BoolHorns":56,"jedi:command_uncommon":97,"Replay:PocketPolymizer":3,"construct:WeddingRing":36,"NeowsBlessing":0,"blademaster:BonusComboPerk":13,"aspiration:FetidBarrel":93,"Astrolabe":73,"Oddly Smooth Stone":51,"Replay:WaspNest":111,"blademaster:RandomBladePerk":51,"Juzu Bracelet":96,"blademaster:OnAttackedChargePerk":111,"conspire:BottledYoYo":97,"blademaster:DancersAmulet":0,"blademaster:WindChargePerk":3,"blademaster:ComboEveryTurnPerk":56,"blademaster:DextrousPerk":93,"Replay:Bottled Eggs":60,"ReplayTheSpireMod:Lightbulb":13,"jedi:arcanewood":13,"halation:PinkSoulGem":83}]},"card_choices":[{"not_picked":["blademaster:FuriousStrike","blademaster:ChargingUp"],"picked":"blademaster:Overcharge","floor":1},{"not_picked":["blademaster:AspectOfLightning","blademaster:BloodyBlow"],"picked":"blademaster:Bloodbath","floor":4},{"not_picked":["blademaster:DragonStrike","blademaster:ThunderSlash","blademaster:Thrust"],"picked":"SKIP","floor":6},{"not_picked":["blademaster:OneTrickPony","blademaster:Frontflip"],"picked":"blademaster:EyeOfTheTornado","floor":7},{"not_picked":["blademaster:UnrelentingWind","blademaster:Stability"],"picked":"blademaster:Frontflip","floor":8},{"not_picked":["blademaster:DragonStrike","blademaster:BloodyBlow","blademaster:ThunderingOpener"],"picked":"SKIP","floor":10},{"not_picked":["blademaster:LightningCrash","blademaster:RollingTyphoon"],"picked":"blademaster:Bloodbath","floor":12},{"not_picked":["blademaster:Sunder","blademaster:Quickstep","blademaster:ParryingStrike"],"picked":"SKIP","floor":14},{"not_picked":["blademaster:LightningDraw","blademaster:FuryOfTheElements"],"picked":"blademaster:Empower","floor":16},{"not_picked":["blademaster:Cut+1","blademaster:Quickness"],"picked":"blademaster:WindSlash","floor":18},{"not_picked":["blademaster:SlyStabs","blademaster:Quickstep"],"picked":"blademaster:Frontflip","floor":21},{"not_picked":["blademaster:ThunderSlash","blademaster:AspectOfWind"],"picked":"blademaster:Frontflip","floor":24},{"not_picked":["blademaster:ChargingUp","blademaster:Frenzy","blademaster:Hailwind"],"picked":"SKIP","floor":27},{"not_picked":["blademaster:BladeMastery","blademaster:Vortex","blademaster:ChargingUp"],"picked":"SKIP","floor":28},{"not_picked":["blademaster:Hailwind","blademaster:DragonStrike"],"picked":"blademaster:Overcharge","floor":31},{"not_picked":["blademaster:Flash","blademaster:CloudOfSteel"],"picked":"blademaster:UnrelentingWind","floor":33},{"not_picked":["blademaster:BrainBloom+1","blademaster:DaggerAndCloak"],"picked":"blademaster:AwakeningDefend+1","floor":35},{"not_picked":["blademaster:EyeOfTheTornado","blademaster:IcyWind","blademaster:Quickness"],"picked":"SKIP","floor":36},{"not_picked":["blademaster:EyeOfTheTornado","blademaster:BloodyBlow"],"picked":"blademaster:LeechingStrike","floor":40},{"not_picked":["blademaster:SlyStabs","blademaster:AspectOfWind"],"picked":"blademaster:CombatPrep","floor":42},{"not_picked":["blademaster:OneTrickPony","blademaster:ParryingStrike"],"picked":"blademaster:Frontflip","floor":45},{"not_picked":["blademaster:Cut","blademaster:Quickstep","blademaster:Slice"],"picked":"SKIP","floor":54}],"player_experience":1550469,"relics_obtained":[{"floor":6,"key":"Replay:PocketPolymizer"},{"floor":6,"key":"blademaster:WindChargePerk"},{"floor":8,"key":"ReplayTheSpireMod:Lightbulb"},{"floor":8,"key":"blademaster:BonusComboPerk"},{"floor":9,"key":"jedi:arcanewood"},{"floor":24,"key":"Oddly Smooth Stone"},{"floor":24,"key":"blademaster:RandomBladePerk"},{"floor":27,"key":"construct:BoolHorns"},{"floor":27,"key":"blademaster:ComboEveryTurnPerk"},{"floor":40,"key":"aspiration:FetidBarrel"},{"floor":40,"key":"blademaster:DextrousPerk"},{"floor":43,"key":"Juzu Bracelet"},{"floor":54,"key":"Replay:WaspNest"},{"floor":54,"key":"blademaster:OnAttackedChargePerk"}],"event_choices":[{"damage_healed":0,"gold_gain":0,"player_choice":"Grow","damage_taken":0,"max_hp_gain":0,"max_hp_loss":0,"event_name":"Living Wall","floor":2,"gold_loss":0,"cards_upgraded":["blademaster:Strike"]},{"damage_healed":18,"gold_gain":0,"player_choice":"Healed","damage_taken":0,"max_hp_gain":0,"max_hp_loss":0,"event_name":"The Cleric","floor":13,"gold_loss":35},{"damage_healed":25,"gold_gain":0,"player_choice":"Heal","damage_taken":0,"max_hp_gain":0,"max_hp_loss":0,"event_name":"The Library","floor":19,"gold_loss":0},{"damage_healed":0,"gold_gain":0,"player_choice":"Bet on Owner","damage_taken":0,"max_hp_gain":0,"max_hp_loss":0,"event_name":"The Joust","floor":22,"gold_loss":50},{"cards_removed":["blademaster:LightningDraw"],"damage_healed":28,"gold_gain":0,"player_choice":"Offered Rare","damage_taken":0,"max_hp_gain":10,"max_hp_loss":0,"event_name":"Bonfire Elementals","floor":39,"gold_loss":0}],"is_beta":false,"boss_relics":[{"not_picked":["energizedSpire:StickyHand","hubris:VirtuousBlindfold"],"picked":"construct:WeddingRing"},{"not_picked":["Coffee Dripper","Kintsugi"],"picked":"Astrolabe"}],"items_purged_floors":[30],"is_endless":false,"potions_floor_spawned":[1,4,10,14,18,21,31,45,54],"killed_by":"The Heart","ascension_level":12}}