{"host":"rgy6n2eoa9ji6d0c","time":1608730245,"event":{"mods":["BaseMod","Downfall","Minty Spire (QoL Compilation)","Quick Restart","StSLib"],"gold_per_floor":[99,115,565,565,584,336,361,361,361,374,400,400,450,464,474,574,574,574,586,601,621,621,621,621,632,205,205,205,217,217,233,252,352,352,352,370,470,530,530,530,530,565,415,415,415,415,415],"floor_reached":45,"playtime":1863,"items_purged":["champ:Strike","champ:Execute+1","champ:Defend","champ:ShieldWall+1"],"score":592,"play_id":"f798d43f-09e5-48ae-90f4-ea682526d674","local_time":"20201223143045","is_ascension_mode":false,"campfire_choices":[{"data":"champ:Taunt","floor":1,"key":"SMITH"},{"data":"champ:SkillfulDodge","floor":9,"key":"SMITH"},{"data":"champ:ShieldWall","floor":12,"key":"SMITH"},{"data":"champ:DefensiveShout","floor":18,"key":"SMITH"},{"data":"Bite","floor":35,"key":"SMITH"},{"data":"Bite","floor":40,"key":"SMITH"}],"circlet_count":0,"master_deck":["champ:Defend+1","champ:Defend+1","champ:Taunt+1","champ:DefensiveShout+1","champ:SkillfulDodge+1","champ:SkillfulDodge+1","champ:Circumvent","champ:RisingSlash+1","champ:RisingSlash+1","champ:RisingSlash+1","Bite+1","Bite","Bite+1","Bite+1","Bite+1","champ:EnGarde+1"],"relics":["champ:ChampionCrown","Spirit Poop","Juzu Bracelet","Nunchaku","Boot","Empty Cage","Kunai","Torii","Busted Crown","War Paint","Blue Candle","Pen Nib"],"acts_visited":["Exordium","TheCity","TheBeyond"],"potions_floor_usage":[19,29,31],"damage_taken":[{"damage":7,"enemies":"Small Slimes","floor":2,"turns":4},{"damage":9,"enemies":"Cultist","floor":5,"turns":4},{"damage":13,"enemies":"downfall:FleeingMerchant","floor":6,"turns":4},{"damage":12,"enemies":"Jaw Worm","floor":10,"turns":4},{"damage":19,"enemies":"Lagavulin","floor":11,"turns":7},{"damage":6,"enemies":"Blue Slaver","floor":14,"turns":5},{"damage":21,"enemies":"Large Slime","floor":15,"turns":8},{"damage":0,"enemies":"downfall:Silent","floor":16,"turns":1},{"damage":28,"enemies":"3 Byrds","floor":19,"turns":8},{"damage":34,"enemies":"Spheric Guardian","floor":20,"turns":7},{"damage":10,"enemies":"Snake Plant","floor":21,"turns":2},{"damage":9,"enemies":"Centurion and Healer","floor":25,"turns":7},{"damage":9,"enemies":"downfall:FleeingMerchant","floor":26,"turns":4},{"damage":2,"enemies":"Cultist and Chosen","floor":29,"turns":4},{"damage":18,"enemies":"3 Cultists","floor":31,"turns":7},{"damage":0,"enemies":"Snake Plant","floor":32,"turns":1},{"damage":3,"enemies":"downfall:Watcher","floor":33,"turns":4},{"damage":7,"enemies":"3 Darklings","floor":36,"turns":2},{"damage":0,"enemies":"downfall:FleeingMerchant","floor":38,"turns":1},{"damage":0,"enemies":"Giant Head","floor":42,"turns":1},{"damage":0,"enemies":"3 Shapes","floor":44,"turns":1},{"damage":999,"enemies":"Spire Growth","floor":45,"turns":1}],"seed_played":"-5619056405915313203","potions_obtained":[{"floor":2,"key":"Weak Potion"},{"floor":11,"key":"SteroidPotion"},{"floor":14,"key":"champ:CounterPotion"},{"floor":20,"key":"EssenceOfSteel"},{"floor":29,"key":"Strength Potion"},{"floor":32,"key":"hexamod:EctoCoolerPotion"},{"floor":33,"key":"sneckomod:MuddlingPotion"}],"is_trial":false,"path_per_floor":["R","M","?","?","M","$","T","?","R","M","E","R","T","M","M","B",null,"R","M","M","M","?","?","T","M","$","?","?","M","?","M","M","B",null,"R","M","?","$","?","R","T","E","$","M","M"],"character_chosen":"THE_CHAMP","items_purchased":["champ:ShieldWall","champ:SkillfulDodge","Torii","War Paint"],"campfire_rested":0,"item_purchase_floors":[6,6,26,38],"current_hp_per_floor":[99,97,97,97,96,91,91,91,91,84,70,70,70,64,48,48,99,99,71,42,32,32,32,32,23,19,19,19,23,15,11,11,17,69,69,62,62,62,62,62,62,62,62,62,0,0,0],"gold":415,"neow_bonus":"TEN_PERCENT_HP_BONUS","is_daily":false,"chose_seed":false,"campfire_upgraded":6,"win_rate":0.0,"timestamp":1608730245,"path_taken":["R","M","?","?","?","$","T","?","R","M","E","R","?","M","M","BOSS","R","M","M","M","?","?","T","M","$","?","?","M","?","M","M","BOSS","R","M","?","?","?","R","T","E","$","M","M"],"items_purchased_type":["Card","Card","Relic","Relic"],"build_version":"2020-12-22","purchased_purges":4,"victory":false,"max_hp_per_floor":[99,99,99,99,99,99,99,99,99,99,99,99,99,99,99,99,99,99,99,99,99,99,99,99,99,99,69,69,69,69,69,69,69,69,69,69,69,69,69,69,69,69,69,69,69,69,69],"card_choices":[{"not_picked":["champ:Circumvent","champ:BerserkersShout"],"picked":"champ:DefensiveShout","floor":2},{"not_picked":["champ:FocusedGladiator","champ:CrookedStrike","champ:Haymaker"],"picked":"SKIP","floor":5},{"not_picked":["champ:DefensiveShout","champ:Circumvent"],"picked":"champ:SkillfulDodge","floor":6},{"not_picked":["champ:Duel","champ:Haymaker","champ:PerfectedStrike"],"picked":"SKIP","floor":10},{"not_picked":["champ:AdrenalArmor","champ:VampiricStrike","champ:RisingSlash"],"picked":"SKIP","floor":11},{"not_picked":["champ:AdrenalArmor","champ:TornadoPunch"],"picked":"champ:Circumvent","floor":14},{"not_picked":["champ:AdrenalArmor","champ:GladiatorsShout","champ:CalledShot"],"picked":"SKIP","floor":15},{"not_picked":["champ:HeartStrike","champ:GladiatorsShout"],"picked":"champ:FocusedDefense","floor":19},{"not_picked":["champ:IronFortress+1","champ:BladeFlurry"],"picked":"champ:RisingSlash+1","floor":20},{"not_picked":["champ:FocusedGladiator+1","champ:PerfectedStrike"],"picked":"champ:RisingSlash+1","floor":21},{"not_picked":["champ:DefensiveShout+1","champ:HeartStrike","champ:FanOfKnives"],"picked":"SKIP","floor":25},{"not_picked":["champ:Backstep+1","champ:ArenaPreparation","champ:FocusedBerserking"],"picked":"SKIP","floor":26},{"not_picked":["champ:BerserkersShout","champ:FocusedGladiator","champ:EndlessRage"],"picked":"SKIP","floor":29},{"not_picked":["champ:FocusedBerserking","champ:FlashCut","champ:BerserkersShout+1"],"picked":"SKIP","floor":31},{"not_picked":["champ:AdrenalArmor+1","champ:BladeFlurry"],"picked":"champ:EnGarde+1","floor":32},{"not_picked":["champ:Backstep+1"],"picked":"SKIP","floor":36},{"not_picked":["champ:Encircle+1"],"picked":"SKIP","floor":38},{"not_picked":["champ:RecklessLeap+1"],"picked":"SKIP","floor":42},{"not_picked":["champ:GladiatorsShout"],"picked":"SKIP","floor":44}],"player_experience":1460919,"relics_obtained":[{"floor":7,"key":"Juzu Bracelet"},{"floor":11,"key":"Nunchaku"},{"floor":13,"key":"Boot"},{"floor":24,"key":"Kunai"},{"floor":41,"key":"Blue Candle"},{"floor":42,"key":"Pen Nib"}],"event_choices":[{"cards_removed":["Slimebound:Icky"],"damage_healed":0,"gold_gain":0,"player_choice":"Offered Curse","damage_taken":0,"relics_obtained":["Spirit Poop"],"max_hp_gain":0,"max_hp_loss":0,"event_name":"Bonfire Elementals","floor":4,"gold_loss":0},{"damage_healed":0,"gold_gain":0,"player_choice":"Copied","damage_taken":0,"max_hp_gain":0,"max_hp_loss":0,"event_name":"Duplicator","floor":23,"gold_loss":0,"cards_obtained":["champ:RisingSlash"]},{"damage_healed":0,"gold_gain":0,"player_choice":"Became a vampire","damage_taken":0,"max_hp_gain":0,"max_hp_loss":30,"event_name":"Vampires","floor":27,"gold_loss":0,"cards_obtained":["Bite","Bite","Bite","Bite","Bite"]},{"cards_removed":["champ:FocusedDefense"],"damage_healed":0,"gold_gain":0,"player_choice":"Elegance","damage_taken":0,"max_hp_gain":0,"max_hp_loss":0,"event_name":"Back to Basics","floor":28,"gold_loss":0},{"damage_healed":0,"gold_gain":0,"player_choice":"Forge","damage_taken":0,"max_hp_gain":0,"max_hp_loss":0,"event_name":"Accursed Blacksmith","floor":39,"gold_loss":0,"cards_upgraded":["Bite"]}],"is_beta":false,"boss_relics":[{"not_picked":["SlaversCollar","champ:ChampionCrownUpgraded"],"picked":"Empty Cage"},{"not_picked":["Black Star","Snecko Eye"],"picked":"Busted Crown"}],"items_purged_floors":[6,26,38,43],"is_endless":false,"potions_floor_spawned":[2,11,14,15,20,25,29,32,33],"killed_by":"Spire Growth","ascension_level":0}}