{"host":"Fun","time":1608682782,"event":{"mods":["BaseMod","Colored Map","Filter the Spire","Minty Spire (QoL Compilation)","Relic Stats","StSLib"],"gold_per_floor":[117,70,89,101,101,127,127,157,157,157,157,157,171,200,200,296,296,311,361,381,400,410,438,80,80,106,106,139,39,39,54,54,151,151,163,32,48,68,68,95,95,95,144,144,178,190,190,34,34,34],"floor_reached":51,"playtime":1615,"items_purged":["Strike_B","Strike_B"],"score":1308,"play_id":"c639128c-ff84-4ae9-b45f-deeaaaef13b1","local_time":"20201222191942","is_ascension_mode":true,"campfire_choices":[{"floor":7,"key":"REST"},{"data":"Ball Lightning","floor":10,"key":"SMITH"},{"floor":12,"key":"REST"},{"floor":15,"key":"REST"},{"data":"Defragment","floor":25,"key":"SMITH"},{"data":"Defragment","floor":27,"key":"SMITH"},{"data":"Biased Cognition","floor":30,"key":"SMITH"},{"data":"Rainbow","floor":32,"key":"SMITH"},{"floor":41,"key":"REST"},{"data":"Consume","floor":44,"key":"SMITH"},{"floor":47,"key":"REST"},{"floor":49,"key":"REST"}],"circlet_count":0,"master_deck":["AscendersBane","Strike_B+1","Defend_B","Defend_B","Defend_B","Defend_B","Zap+1","Dualcast","Electrodynamics","Compile Driver","Ball Lightning+1","Coolheaded","Genetic Algorithm","Genetic Algorithm","Reinforced Body","Defragment+1","Biased Cognition+1","Defragment+1","Self Repair","Leap","Loop","Rainbow+1","Capacitor+1","Creative AI","Cold Snap+1","Core Surge","Coolheaded","Coolheaded","Doom and Gloom","Consume+1"],"relics":["Cracked Core","WarpedTongs","Potion Belt","Peace Pipe","Bottled Tornado","Bag of Marbles","Snecko Eye","Ancient Tea Set","Lee\u0027s Waffle","Akabeko","Blue Candle","SacredBark","Mercury Hourglass","Juzu Bracelet","White Beast Statue","Chemical X"],"acts_visited":["Exordium","TheCity","TheBeyond"],"potions_floor_usage":[8,20,23,23,38,46,50,50,50,50],"damage_taken":[{"damage":1,"enemies":"Cultist","floor":1,"turns":3},{"damage":0,"enemies":"Jaw Worm","floor":3,"turns":3},{"damage":3,"enemies":"Small Slimes","floor":4,"turns":2},{"damage":21,"enemies":"Lagavulin","floor":6,"turns":7},{"damage":35,"enemies":"Gremlin Nob","floor":8,"turns":4},{"damage":8,"enemies":"3 Louse","floor":13,"turns":2},{"damage":5,"enemies":"Lagavulin","floor":14,"turns":5},{"damage":0,"enemies":"Slime Boss","floor":16,"turns":5},{"damage":4,"enemies":"Shell Parasite","floor":18,"turns":4},{"damage":0,"enemies":"3 Byrds","floor":20,"turns":2},{"damage":18,"enemies":"Cultist and Chosen","floor":21,"turns":6},{"damage":23,"enemies":"Snake Plant","floor":22,"turns":4},{"damage":24,"enemies":"Slavers","floor":23,"turns":4},{"damage":11,"enemies":"Book of Stabbing","floor":28,"turns":4},{"damage":1,"enemies":"Centurion and Healer","floor":31,"turns":4},{"damage":41,"enemies":"Collector","floor":33,"turns":9},{"damage":7,"enemies":"Orb Walker","floor":35,"turns":5},{"damage":0,"enemies":"3 Shapes","floor":37,"turns":3},{"damage":0,"enemies":"Jaw Worm Horde","floor":38,"turns":2},{"damage":23,"enemies":"Reptomancer","floor":40,"turns":7},{"damage":0,"enemies":"Nemesis","floor":45,"turns":7},{"damage":30,"enemies":"Transient","floor":46,"turns":5},{"damage":16,"enemies":"Donu and Deca","floor":50,"turns":6}],"seed_played":"372325976153891510","potions_obtained":[{"floor":3,"key":"SteroidPotion"},{"floor":8,"key":"Energy Potion"},{"floor":13,"key":"Energy Potion"},{"floor":22,"key":"EssenceOfDarkness"},{"floor":28,"key":"EntropicBrew"},{"floor":31,"key":"FocusPotion"},{"floor":33,"key":"PotionOfCapacity"},{"floor":35,"key":"Explosive Potion"},{"floor":40,"key":"Fire Potion"},{"floor":46,"key":"SmokeBomb"}],"is_trial":false,"path_per_floor":["M","$","M","M","?","E","R","E","T","R","?","R","M","E","R","B",null,"M","?","M","M","M","E","$","R","T","R","E","$","R","M","R","B",null,"M","$","M","M","?","E","R","$","T","R","E","M","R","$","R","B",null],"character_chosen":"DEFECT","items_purchased":["Ball Lightning","Lee\u0027s Waffle","Rainbow","Capacitor","Core Surge","Coolheaded","Chemical X"],"campfire_rested":6,"item_purchase_floors":[2,24,24,24,36,36,48],"current_hp_per_floor":[67,67,67,64,57,36,56,21,21,21,7,27,19,14,34,34,60,56,56,56,45,32,18,75,75,75,75,71,71,71,75,75,41,67,60,60,60,67,67,51,73,73,73,73,75,45,67,67,75,59],"gold":34,"neow_bonus":"THREE_RARE_CARDS","is_daily":false,"chose_seed":false,"campfire_upgraded":6,"win_rate":0.0,"timestamp":1608682782,"path_taken":["M","?","M","M","?","E","R","E","T","R","?","R","M","E","R","BOSS","M","?","?","M","M","E","$","R","T","R","E","$","R","?","R","BOSS","M","$","M","?","?","E","R","?","T","R","E","M","R","$","R","BOSS"],"items_purchased_type":["Card","Relic","Card","Card","Card","Card","Relic"],"build_version":"2020-12-18","purchased_purges":2,"victory":true,"max_hp_per_floor":[68,68,68,68,68,68,68,68,68,68,68,68,68,68,68,68,68,68,68,68,68,68,68,75,75,75,75,75,75,75,75,75,75,75,75,75,75,75,75,75,75,75,75,75,75,75,75,75,75,75],"relic_stats":{"Peace Pipe":0,"Lee\u0027s Waffle":57,"counters":[23,102],"Blue Candle":[0],"Snecko Eye":[117,138,101,125],"Juzu Bracelet":0,"Chemical X":[1],"obtain_stats":[{"Potion Belt":6,"Lee\u0027s Waffle":24,"Blue Candle":28,"SacredBark":34,"Juzu Bracelet":43,"Bottled Tornado":9,"Ancient Tea Set":23,"Akabeko":26,"White Beast Statue":45,"WarpedTongs":1,"Mercury Hourglass":40,"Peace Pipe":8,"Snecko Eye":17,"Bag of Marbles":14,"Chemical X":48,"Cracked Core":0},{"Potion Belt":4,"Lee\u0027s Waffle":13,"Blue Candle":14,"SacredBark":16,"Juzu Bracelet":20,"Bottled Tornado":5,"Ancient Tea Set":13,"Akabeko":13,"White Beast Statue":21,"WarpedTongs":1,"Mercury Hourglass":20,"Peace Pipe":5,"Snecko Eye":8,"Bag of Marbles":7,"Chemical X":22,"Cracked Core":0},{"Potion Belt":15,"Lee\u0027s Waffle":51,"Blue Candle":55,"SacredBark":68,"Juzu Bracelet":84,"Bottled Tornado":19,"Ancient Tea Set":51,"Akabeko":51,"White Beast Statue":91,"WarpedTongs":3,"Mercury Hourglass":84,"Peace Pipe":19,"Snecko Eye":31,"Bag of Marbles":26,"Chemical X":96,"Cracked Core":0}],"WarpedTongs":[98],"Mercury Hourglass":[51]},"card_choices":[{"not_picked":["Seek","All For One"],"picked":"Electrodynamics","floor":0},{"not_picked":["FTL","Force Field"],"picked":"Compile Driver","floor":1},{"not_picked":["Turbo","Steam","Redo"],"picked":"SKIP","floor":3},{"not_picked":["Barrage","Fusion"],"picked":"Coolheaded","floor":4},{"not_picked":["Steam Power","Lockon"],"picked":"Genetic Algorithm","floor":6},{"not_picked":["Aggregate","Hologram"],"picked":"Genetic Algorithm","floor":8},{"not_picked":["Scrape","BootSequence"],"picked":"Reinforced Body","floor":13},{"not_picked":["Blizzard","Skim"],"picked":"Defragment","floor":14},{"not_picked":["Meteor Strike","Machine Learning"],"picked":"Biased Cognition","floor":16},{"not_picked":["Gash","Streamline"],"picked":"Defragment","floor":18},{"not_picked":["Chaos+1","Ball Lightning"],"picked":"Self Repair","floor":20},{"not_picked":["Scrape","Steam"],"picked":"Leap","floor":21},{"not_picked":["Chill","Gash+1"],"picked":"Loop","floor":22},{"not_picked":["Recycle","Rebound","Streamline"],"picked":"SKIP","floor":23},{"not_picked":["Scrape","Electrodynamics","Steam"],"picked":"SKIP","floor":28},{"not_picked":["Storm","Rip and Tear","Rebound"],"picked":"SKIP","floor":31},{"not_picked":["Amplify","Hyperbeam"],"picked":"Creative AI","floor":33},{"not_picked":["Chill","Streamline"],"picked":"Cold Snap+1","floor":35},{"not_picked":["Recycle","Sweeping Beam"],"picked":"Coolheaded","floor":37},{"not_picked":["Chaos","Gash"],"picked":"Doom and Gloom","floor":38},{"not_picked":["Chaos","Steam+1"],"picked":"Consume","floor":40},{"not_picked":["Fusion+1","Steam Power","Beam Cell+1"],"picked":"SKIP","floor":45},{"not_picked":["Self Repair+1","Recycle","Turbo+1"],"picked":"SKIP","floor":46}],"player_experience":98321,"relics_obtained":[{"floor":6,"key":"Potion Belt"},{"floor":8,"key":"Peace Pipe"},{"floor":9,"key":"Bottled Tornado"},{"floor":14,"key":"Bag of Marbles"},{"floor":23,"key":"Ancient Tea Set"},{"floor":26,"key":"Akabeko"},{"floor":28,"key":"Blue Candle"},{"floor":40,"key":"Mercury Hourglass"},{"floor":43,"key":"Juzu Bracelet"},{"floor":45,"key":"White Beast Statue"}],"event_choices":[{"cards_removed":["Strike_B"],"damage_healed":0,"gold_gain":0,"player_choice":"Card Removal","damage_taken":7,"max_hp_gain":0,"max_hp_loss":0,"event_name":"Golden Wing","floor":5,"gold_loss":0},{"damage_healed":0,"gold_gain":0,"player_choice":"Entered Light","damage_taken":14,"max_hp_gain":0,"max_hp_loss":0,"event_name":"Shining Light","floor":11,"gold_loss":0,"cards_upgraded":["Zap","Strike_B"]},{"damage_healed":0,"gold_gain":100,"player_choice":"Bet on Murderer","damage_taken":0,"max_hp_gain":0,"max_hp_loss":0,"event_name":"The Joust","floor":19,"gold_loss":50},{"damage_healed":0,"gold_gain":0,"player_choice":"Upgraded","damage_taken":0,"max_hp_gain":0,"max_hp_loss":0,"event_name":"Upgrade Shrine","floor":39,"gold_loss":0,"cards_upgraded":["Capacitor"]}],"is_beta":true,"boss_relics":[{"not_picked":["Black Star","FrozenCore"],"picked":"Snecko Eye"},{"not_picked":["Astrolabe","Tiny House"],"picked":"SacredBark"}],"items_purged_floors":[24,29],"is_endless":false,"potions_floor_spawned":[3,8,13,22,28,31,33,35,37,40,46],"ascension_level":12}}