{"host":"yd9r7zy2pq4z3cad","time":1608708551,"event":{"mods":["AchievementEnabler","Act Like it!","Astrologer","BaseMod","Beaked The Cultist","Better Third Choice","BetterRewards","Colored Map","Colored Powertips","Conspire","Curses Come First","Displayed Cursed Tome","Downfall","Elementarium","GifTheSpireLib","Halation","Hallownest","Hermit","Highlight Path","Hubris","Infinite Spire","Jorbs\u0027s Wanderer Trilogy","Menagerie","Minty Spire (QoL Compilation)","Pale of the Ancients","Permanent Neow","Rare Cards Sparkle","Relic Sorter","Relic Stats","Replay The Spire","Shade Mod","StSLib","Stuff the Spire","The Alterego","The Blackbeard","The Bladedancer","The Bug Knight","The Cursed","The Dragon Tamer","The Exalted","The Factory","The Forsaken","The Gatherer","The Hierophant","The Jungle","The Mystic","The Necromancer","The Problem Sleuth","The Runesmith","The Servant 0.9.4","The Spell Scribe","vexMod"],"gold_per_floor":[360,95,95,15,15,15,50,109,109,178,178,195,195,206,206,307,307,323,334,31,46,46,46,76,1,56,56,71,71,71,81,81,81,81],"floor_reached":33,"playtime":1984,"items_purged":["Spreading Infection"],"score":338,"play_id":"cba194af-7e2c-4151-944a-2f534125ad0f","local_time":"20201223122911","is_ascension_mode":false,"campfire_choices":[{"data":"InstantArmor","floor":6,"key":"SMITH"},{"data":"Potential","floor":13,"key":"SMITH"},{"data":"Spin","floor":15,"key":"SMITH"},{"data":"MoonPhase","floor":23,"key":"SMITH"},{"data":"InstantArmor","floor":32,"key":"SMITH"}],"circlet_count":0,"master_deck":["Defend_S","Defend_S","Defend_S","KidneyShot","Exchange","SpecialFormula","BottledTime","Spin+1","Misdirection","InstantArmor+1","Potential+1","Unruled","Starlight","Solidify","CurseOfTheBell","MoonPhase+1","Defy","StuffTheSpire:Deluminance","StuffTheSpire:Deluminance","StuffTheSpire:Deluminance","StuffTheSpire:Deluminance","StuffTheSpire:Deluminance","BestPractice","Bite","Bite","Bite","Bite","Bite","InstantArmor+1","BottledTime"],"relics":["Uniform","ReplayTheSpireMod:Ring of Challenge","Ring of Fury","Hallownest:DreamNailRelic","halation:SelfBoilingWater","ReplayTheSpireMod:Shallot","Calling Bell","conspire:TopHat","infinitespire:FocusingShard","Ice Cream","Bromod:ArcaneAegis","StuffTheSpire:BlackoutCurse","StuffTheSpire:SapphireSignet","Toy Ornithopter"],"acts_visited":["Hallownest:Greenpath","TheCity"],"potions_floor_usage":[7,16,16,33],"damage_taken":[{"damage":6,"enemies":"2_ Uuma","floor":1,"turns":7},{"damage":2,"enemies":"Hallownest:eliteVengeflyKing","floor":7,"turns":6},{"damage":0,"enemies":"Hallownest:2_MossCreeps","floor":8,"turns":4},{"damage":0,"enemies":"Hallownest:2_Baldur","floor":12,"turns":1},{"damage":0,"enemies":"Hallownest:MossCreep_and_Mosskin","floor":14,"turns":2},{"damage":43,"enemies":"Hallownest:BossFalseKnight","floor":16,"turns":6},{"damage":0,"enemies":"2 Thieves","floor":18,"turns":2},{"damage":0,"enemies":"Spheric Guardian","floor":19,"turns":2},{"damage":0,"enemies":"conspire:HollyBat","floor":21,"turns":8},{"damage":0,"enemies":"Gremlin Leader","floor":24,"turns":4},{"damage":12,"enemies":"Chosen and Byrds","floor":28,"turns":6},{"damage":1,"enemies":"Snecko","floor":31,"turns":8},{"damage":125,"enemies":"Champ","floor":33,"turns":26}],"seed_played":"6200936130878296624","potions_obtained":[{"floor":1,"key":"AttackPotion"},{"floor":14,"key":"LiquidBronze"},{"floor":16,"key":"LiquidMemories"},{"floor":21,"key":"SpeedPotion"},{"floor":24,"key":"Dexterity Potion"}],"is_trial":false,"path_per_floor":["M","$","?","$","?","R","E","M","T","?","?","M","R","M","R","B",null,"M","M","$","M","?","R","E","?","T","?","M","$","?","M","R","B"],"character_chosen":"THE_SERVANT","items_purchased":["BottledTime","Spin","Misdirection","Block Potion","InstantArmor","Bromod:ArcaneAegis"],"campfire_rested":0,"item_purchase_floors":[2,2,2,2,4,20],"current_hp_per_floor":[59,59,59,59,59,59,62,65,65,65,56,56,56,61,61,23,65,65,65,65,65,65,65,65,65,65,45,33,33,33,45,45,0,0],"gold":81,"neow_bonus":"TWO_FIFTY_GOLD","is_daily":false,"chose_seed":false,"campfire_upgraded":5,"win_rate":0.0,"timestamp":1608708551,"path_taken":["M","$","?","$","?","R","E","M","T","?","?","M","R","M","R","BOSS","M","M","$","M","?","R","E","?","T","?","M","?","?","M","R","BOSS"],"items_purchased_type":["Card","Card","Card","Potion","Card","Relic"],"build_version":"2020-12-22","purchased_purges":1,"victory":false,"max_hp_per_floor":[65,65,65,65,65,65,65,65,65,65,65,65,65,65,65,65,65,65,65,65,65,65,65,65,65,65,45,45,45,45,45,45,45,45],"relic_stats":{"counters":[23,137],"obtain_stats":[{"ReplayFunnel":8,"Ice Cream":17,"downfall:HeartBlessingRed":6,"StuffTheSpire:BlackoutCurse":22,"infinitespire:FocusingShard":17,"Uniform":0,"Hallownest:DreamNailRelic":5,"halation:SelfBoilingWater":7,"conspire:TopHat":17,"Bromod:ArcaneAegis":20,"Calling Bell":17,"StuffTheSpire:SapphireSignet":24,"ReplayTheSpireMod:Shallot":9,"downfall:HeartBlessingBlue":9,"Ring of Fury":3,"halation:PromiseList":0,"ReplayTheSpireMod:Ring of Challenge":3,"Toy Ornithopter":26},{"ReplayFunnel":4,"Ice Cream":16,"downfall:HeartBlessingRed":3,"StuffTheSpire:BlackoutCurse":19,"infinitespire:FocusingShard":16,"Uniform":0,"Hallownest:DreamNailRelic":11,"halation:SelfBoilingWater":12,"conspire:TopHat":16,"Bromod:ArcaneAegis":18,"Calling Bell":16,"StuffTheSpire:SapphireSignet":20,"ReplayTheSpireMod:Shallot":13,"downfall:HeartBlessingBlue":4,"Ring of Fury":11,"halation:PromiseList":0,"ReplayTheSpireMod:Ring of Challenge":11,"Toy Ornithopter":20},{"ReplayFunnel":24,"Ice Cream":82,"downfall:HeartBlessingRed":15,"StuffTheSpire:BlackoutCurse":94,"infinitespire:FocusingShard":82,"Uniform":0,"Hallownest:DreamNailRelic":63,"halation:SelfBoilingWater":69,"conspire:TopHat":82,"Bromod:ArcaneAegis":86,"Calling Bell":82,"StuffTheSpire:SapphireSignet":98,"ReplayTheSpireMod:Shallot":73,"downfall:HeartBlessingBlue":24,"Ring of Fury":63,"halation:PromiseList":0,"ReplayTheSpireMod:Ring of Challenge":63,"Toy Ornithopter":98}],"Toy Ornithopter":5},"card_choices":[{"not_picked":["ShiftingGears","BottledTime"],"picked":"SpecialFormula","floor":1},{"not_picked":["Sunlight","PendulumOfEternity"],"picked":"Potential","floor":7},{"not_picked":["Replace","StarChef","ShiftingGears"],"picked":"SKIP","floor":8},{"not_picked":["Hightail","Read"],"picked":"Unruled","floor":12},{"not_picked":["Rewind","Collapse"],"picked":"Starlight","floor":14},{"not_picked":["KillingDoll","Sunlight"],"picked":"Solidify","floor":16},{"not_picked":["FastForward+1","Revamp"],"picked":"MoonPhase","floor":18},{"not_picked":["FastForward","DoubleEdge+1"],"picked":"Defy","floor":19},{"not_picked":["Unruled","Desolation+1","Defy"],"picked":"SKIP","floor":21},{"not_picked":["Unruled","Desolation+1","Defy"],"picked":"SKIP","floor":21},{"not_picked":["Revamp","SpecialFormula+1"],"picked":"BestPractice","floor":24},{"not_picked":["FanOfKnives","Moonlight"],"picked":"InstantArmor","floor":28},{"not_picked":["Ricochet+1","DoubleEdge","FastForward+1"],"picked":"SKIP","floor":31}],"player_experience":134077,"relics_obtained":[{"floor":3,"key":"ReplayTheSpireMod:Ring of Challenge"},{"floor":3,"key":"Ring of Fury"},{"floor":7,"key":"halation:SelfBoilingWater"},{"floor":9,"key":"ReplayTheSpireMod:Shallot"},{"floor":17,"key":"conspire:TopHat"},{"floor":17,"key":"infinitespire:FocusingShard"},{"floor":17,"key":"Ice Cream"},{"floor":24,"key":"StuffTheSpire:SapphireSignet"},{"floor":26,"key":"Toy Ornithopter"}],"event_choices":[{"cards_removed":["Languid"],"damage_healed":0,"gold_gain":0,"player_choice":"Gave Gold","damage_taken":0,"max_hp_gain":0,"max_hp_loss":0,"event_name":"Beggar","floor":25,"gold_loss":75},{"damage_healed":0,"gold_gain":0,"player_choice":"Became a vampire","damage_taken":0,"max_hp_gain":0,"max_hp_loss":20,"event_name":"Vampires","floor":27,"gold_loss":0,"cards_obtained":["Bite","Bite","Bite","Bite","Bite"]},{"damage_healed":0,"gold_gain":0,"cards_transformed":["Defend_S"],"player_choice":"Transformed","damage_taken":0,"max_hp_gain":0,"max_hp_loss":0,"event_name":"Transmorgrifier","floor":30,"gold_loss":0,"cards_obtained":["BottledTime"]}],"is_beta":false,"boss_relics":[{"not_picked":["Replay:Wanted Poster","conspire:SpecialSausage"],"picked":"Calling Bell"}],"items_purged_floors":[2],"is_endless":false,"potions_floor_spawned":[1,14,16,21,24],"killed_by":"Champ","ascension_level":0}}