{"host":"ymw71f7rc9ndansy","time":1608713017,"event":{"mods":["ATMod(°¢èªMod)","Act Like it!","Aspiration","BaseMod","DeckTracker","Hubris","Library of Ruina","Library of Ruina Extra","Minty Spire (QoL Compilation)","MostiFishMod","Remove Card Discount Mod","Replay The Spire","StSLib","TestMod","¡¾ÒÅÎï¿¨ÅÆ¡¿REMEMod"],"gold_per_floor":[-1282,-1242,-1226,-1215,-1215,-1215,-1184,-1184,-1184,-1154,-1135,-1123,-1111,-1111,-1111,-1012,-1012,-989,-989,-989,-989,-970,-939,-939,-904,-904,-889,-889,-874,-841,-841,-841,-743,-743,-718,-718,-718,-705,-690,-659,-659,-615,-566,-552,-528,-488,-488,-452,-452,-452,-452,-452,-452,-452,-408,-408],"floor_reached":57,"playtime":1230,"items_purged":[],"score":3232,"play_id":"84816693-c515-47ba-bb44-21b7a434abdc","local_time":"20201223164337","is_ascension_mode":true,"campfire_choices":[{"data":"AT_FocusSwordFire","floor":6.0,"key":"SMITH"},{"data":"InnerArdor","floor":8.0,"key":"SMITH"},{"data":"EnergyCycle","floor":24,"key":"SMITH"},{"data":"Reload","floor":28,"key":"SMITH"},{"data":"LightAttack","floor":32,"key":"PURGE"},{"floor":49,"key":"RECALL"},{"data":"testmod-TradeIn","floor":53,"key":"SMITH"}],"circlet_count":0,"master_deck":["AscendersBane","AT_FocusSwordFire+1","MostiFishMod:RacingGame+1","InnerArdor+1","EnergyCycle+1","Pound","RipSpace","Pound","HandleRequest+1","Unlock1","Quickness","Reload+1","EmotionalTurbulence","DriedUp","Collision","DaringDecision","DeepDrag","FleetEdge","TheRedNotes","RulesOfTheBackstreets+1","BoundaryOfDeath","testmod-TradeIn+1"],"relics":["PageOfLibrarian","testmod-TestBox","DaveBox","REME_ComplimentaryCards","AT_ATBox","SynthV:MejaisSoulstealer","testmod-ObsoleteBoomerang","ReplayTheSpireMod:Lightbulb","hubris:BundleOfHerbs","TungstenRod","Bag of Marbles","Golden Idol","RhineSuit","Peace Pipe","Whetstone","Matryoshka","Pandora\u0027s Box","PageOfFreischutz","AT_RedTearstoneRing","PageOfLittleHelper","aspiration:ChemicalBlood","ArrowTower","testmod-AssaultLearning"],"acts_visited":["Exordium","TheCity","TheBeyond","TheEnding"],"potions_floor_usage":[25,55,56],"damage_taken":[{"damage":0.0,"enemies":"Small Slimes","floor":1.0,"turns":2.0},{"damage":0.0,"enemies":"Jaw Worm","floor":3.0,"turns":3.0},{"damage":0.0,"enemies":"Cultist","floor":4.0,"turns":1.0},{"damage":0.0,"enemies":"Lagavulin","floor":7.0,"turns":2.0},{"damage":0.0,"enemies":"Gremlin Nob","floor":10.0,"turns":3.0},{"damage":0.0,"enemies":"Exordium Thugs","floor":11.0,"turns":2.0},{"damage":0.0,"enemies":"Lots of Slimes","floor":12.0,"turns":2.0},{"damage":0.0,"enemies":"Exordium Wildlife","floor":13.0,"turns":1.0},{"damage":0.0,"enemies":"The Guardian","floor":16.0,"turns":2.0},{"damage":0.0,"enemies":"2 Thieves","floor":18.0,"turns":1.0},{"damage":0,"enemies":"3 Byrds","floor":22,"turns":1},{"damage":0,"enemies":"REME_1_Revenger","floor":23,"turns":1},{"damage":0,"enemies":"Slavers","floor":25,"turns":1},{"damage":0,"enemies":"Centurion and Healer","floor":27,"turns":1},{"damage":0,"enemies":"Snake Plant","floor":29,"turns":1},{"damage":2,"enemies":"Book of Stabbing","floor":30,"turns":2},{"damage":12,"enemies":"Pondfish","floor":33,"turns":3},{"damage":0,"enemies":"Orb Walker","floor":35,"turns":1},{"damage":0,"enemies":"3 Darklings","floor":38,"turns":2},{"damage":0,"enemies":"Jaw Worm Horde","floor":39,"turns":1},{"damage":8,"enemies":"Giant Head","floor":40,"turns":2},{"damage":0,"enemies":"R_Hoarder","floor":42,"turns":1},{"damage":0,"enemies":"Writhing Mass","floor":44,"turns":1},{"damage":0,"enemies":"Spire Growth","floor":45,"turns":1},{"damage":1,"enemies":"Nemesis","floor":46,"turns":2},{"damage":0,"enemies":"R_Hoarder","floor":48,"turns":1},{"damage":1,"enemies":"Donu and Deca","floor":50,"turns":2},{"damage":0,"enemies":"Shield and Spear","floor":55,"turns":2},{"damage":3,"enemies":"The Heart","floor":56,"turns":3}],"seed_played":"-5679937336213694931","potions_obtained":[{"floor":2.0,"key":"Milkshake"},{"floor":2.0,"key":"Block Potion"},{"floor":13.0,"key":"PowerPotion"},{"floor":16.0,"key":"BlessingOfTheForge"},{"floor":25,"key":"LifebloodPotion"}],"is_trial":false,"path_per_floor":["M","?","M","M","?","R","E","R","T","E","M","M","M","?","R","B",null,"M","?","?","?","M","E","R","E","T","M","R","M","E","$","R","B",null,"M","$","?","M","M","E","?","E","T","M","M","E","?","E","R","B",null,null,"R","$","E","B",null],"character_chosen":"Librarian","items_purchased":[],"campfire_rested":0,"item_purchase_floors":[],"current_hp_per_floor":[54,37,37,37,37,37,37,37,37,37,37,37,37,17,35,37,55,57,57,57,57,59,61,61,61,61,59,59,59,57,57,57,45,70,70,70,70,70,70,62,53,53,53,53,53,52,52,52,52,51,51,74,74,74,74,71],"gold":-408,"neow_bonus":"REMOVE_TWO","is_daily":false,"chose_seed":false,"campfire_upgraded":5,"win_rate":0.0,"timestamp":1608713017,"path_taken":["M","?","M","?","?","R","E","R","T","E","M","M","?","?","R","BOSS","M","?","?","?","M","E","R","E","T","M","R","?","E","?","R","BOSS","M","?","?","M","M","E","?","E","T","M","M","E","?","E","R","BOSS","R","$","E","BOSS"],"items_purchased_type":[],"build_version":"2020-12-22","purchased_purges":0,"victory":true,"max_hp_per_floor":[54,54,54,54,54,54,54,54,54,54,54,54,61,61,61,61,61,61,61,61,61,61,61,61,238,238,238,238,238,238,238,238,78,78,78,78,78,78,78,82,82,82,82,82,82,82,82,82,82,82,82,82,82,82,82,82],"card_choices":[{"not_picked":["UnavoidableGaze","SharpSwipe","WaitUp","StructuralAnalysis","FierceOnslaught","Faith","SkyClearingCut","AsThePrescriptOrders"],"picked":"InnerArdor","floor":1.0},{"not_picked":["DesperateStruggle","SinglePointStab","MultiHit","Thrust","Wallop_lor","SharpNails","HighKick","CrackOfDawn"],"picked":"EnergyCycle","floor":2.0},{"not_picked":["GuidanceOfTheGears","YoureTooSlow","BurningFlash","Multislash","Standoff","AsThePrescriptOrders","Transpierce","FleetEdge"],"picked":"Pound","floor":3.0},{"not_picked":["SpearedSweep","YoureTooSlow","ExtractFuel","ExtremeEdge","DesperateStruggle","SinglePointStab","Standoff","ForTheFamily","MultiBlock"],"picked":"SKIP","floor":4.0},{"not_picked":["EndlessBattle","Bvapour","ToOvercomeCrisis","Leap_lor","OpportunitySpotted","Rewind","QuickAttack","ClassAndRespect"],"picked":"RipSpace","floor":7.0},{"not_picked":["ClassAndRespect","RushDown","Eject","TendonChords","PuppetBlockade","Parry","SharpSwipe","EnergyBeam","MultiHit"],"picked":"SKIP","floor":10.0},{"not_picked":["Multislash","Gigigig","DevastatingThrash","Guardian_lor","Eject","AutonomousRush","FlamingDragonFist","Rewind"],"picked":"Pound","floor":11.0},{"not_picked":["GuidanceOfTheGears","StrongStrike","ToOvercomeCrisis","SweepTheBackstreets","FlowOfTheSword","BackAttack","NightInTheBackstreets","ClassAndRespect"],"picked":"HandleRequest","floor":12.0},{"not_picked":["FieryWaltz","Quickness","Faith","ClassAndRespect","Multislash","FleetEdge","Brawl","DesperateStruggle"],"picked":"Unlock1","floor":13.0},{"not_picked":["WillOfThePrescript","Leap_lor","Outburst+1","CutIn+1","InhaleSmoke","EnergyShield","Creak+1","SenseQuarry","Pound"],"picked":"SKIP","floor":18.0},{"not_picked":["Rewind","GuidanceOfTheGears","HiddenBlade","EnergyShield","Faith+1","CrackOfDawn","Diversion","SharpenedBlade","TraceOfFumes"],"picked":"SKIP","floor":22},{"not_picked":["SuppressingShot","DesperateStruggle","IronWall","Feast","SmokingPipe","Collision","FleetFootsteps","FervidEmotions","SilentMist"],"picked":"SKIP","floor":23},{"not_picked":["FierceCharge+1","DeepDrag","SunsetBlade","WaitUp","LawAndOrder","Zzzzzap","CircusKnives","HiddenBlade+1"],"picked":"Reload","floor":25},{"not_picked":["AsThePrescriptOrders","UnavoidableGaze+1","Thrust","MultiHit+1","Castigation","CircusKnives","ReadyUp","ShrineToMusic","ToWhereThePrescriptPoints"],"picked":"SKIP","floor":27},{"not_picked":["ToWhereThePrescriptPoints","GuardingStance","LoosenUp","FierceCharge","Observe","NonstopAssault","FrontalAssault","HandlingWork","HeavyPeaks"],"picked":"SKIP","floor":29},{"not_picked":["EndlessBattle","HighKick","ICanCookAnything","FierceCharge","SenseQuarry","EnergyCycle","Rewind","RepressedFlesh"],"picked":"EmotionalTurbulence","floor":30},{"not_picked":["Crush","UpbeatPerformance","Thrust","Leap_lor","ClassAndRespect+1","Outburst","HandleRequest","IllEndYou+1","SilentMist"],"picked":"SKIP","floor":35},{"not_picked":["FleetEdge","DimensionalRift","DefenseOrder","QuickAttack","SturdyDefense","HiddenBlade","HandleRequest","SenseQuarry","Rewind"],"picked":"SKIP","floor":38},{"not_picked":["Quickness","Pound","Collision+1","TrimTheIngredients+1","Transpierce","MultiBlock","Tailoring","TheRedNotes"],"picked":"RulesOfTheBackstreets+1","floor":39},{"not_picked":["Outburst","SummaryJudgment","DimensionalRift","AssaultOrder","DarkCloud","Leap_lor+1","FleetFootsteps","GatherIntel+1"],"picked":"BoundaryOfDeath","floor":40},{"not_picked":["MostiFishMod:OneDayCity","Chrysalis","testmod-Librarian","MostiFishMod:MusicBox","ReplayTheSpireMod:Private Reserves","Specialist","Deep Breath","testmod-HeadAttack"],"picked":"testmod-TradeIn","floor":41},{"not_picked":["ShockRound+1","Multislash+1","ProselytesBlade+1","AsThePrescriptOrders","DevastatingThrash","UpbeatPerformance","TieShanKao","YourShield","EnergyShield"],"picked":"SKIP","floor":42},{"not_picked":["AsThePrescriptOrders+1","TrimTheIngredients+1","MultiBlock","SunsetBlade","Faith+1","Wallop_lor+1","Standoff","Diversion+1","HiddenBlade+1"],"picked":"SKIP","floor":44},{"not_picked":["BindingArms","PreemptiveStrike","SkyClearingCut","GaleKick+1","Wallop_lor","MultiBlock","ClassAndRespect","HiddenBlade","HighKick+1"],"picked":"SKIP","floor":45},{"not_picked":["Tailoring","SmokingPipe+1","CircusKnives","HighKick+1","ButterflySlash","Faith","Crush+1","NightInTheBackstreets","BizarreAttack"],"picked":"SKIP","floor":46},{"not_picked":["GuardingStance","SweepTheBackstreets","Overpower","DesperateStruggle","AsThePrescriptOrders","AbsorbImpact","FleetFootsteps","Standoff+1","Wallop_lor"],"picked":"SKIP","floor":48},{"not_picked":["Thirst","Struggle","ReadyUp","RipSpace","Outburst+1","AsThePrescriptOrders","EnergyConversion","IngredientHunt+1","Slice_lor+1"],"picked":"SKIP","floor":55}],"player_experience":969852,"relics_obtained":[{"floor":2.0,"key":"ReplayTheSpireMod:Lightbulb"},{"floor":7.0,"key":"hubris:BundleOfHerbs"},{"floor":9.0,"key":"TungstenRod"},{"floor":10.0,"key":"Bag of Marbles"},{"floor":25,"key":"Peace Pipe"},{"floor":26,"key":"Whetstone"},{"floor":30,"key":"Matryoshka"},{"floor":40,"key":"PageOfFreischutz"},{"floor":42,"key":"AT_RedTearstoneRing"},{"floor":43,"key":"PageOfLittleHelper"},{"floor":46,"key":"aspiration:ChemicalBlood"},{"floor":48,"key":"ArrowTower"},{"floor":55,"key":"testmod-AssaultLearning"}],"event_choices":[{"damage_healed":0.0,"max_hp_gain":0.0,"max_hp_loss":0.0,"gold_gain":0.0,"event_name":"Upgrade Shrine","player_choice":"Upgraded","floor":5.0,"gold_loss":0.0,"damage_taken":0.0,"cards_upgraded":["MostiFishMod:RacingGame"]},{"damage_healed":0.0,"max_hp_gain":0.0,"max_hp_loss":0.0,"gold_gain":0.0,"event_name":"Golden Idol","player_choice":"Take Damage","floor":14.0,"gold_loss":0.0,"damage_taken":21.0,"relics_obtained":["Golden Idol"]},{"damage_healed":0.0,"max_hp_gain":0.0,"max_hp_loss":0.0,"gold_gain":0.0,"event_name":"Cursed Tome","player_choice":"Ignored","floor":19.0,"gold_loss":0.0,"damage_taken":0.0},{"damage_healed":0.0,"max_hp_gain":0.0,"max_hp_loss":0.0,"gold_gain":0.0,"event_name":"The Library","player_choice":"Read","floor":20.0,"gold_loss":0.0,"damage_taken":0.0,"cards_obtained":["Quickness"]},{"damage_healed":0,"gold_gain":0,"player_choice":"Ignored","damage_taken":0,"max_hp_gain":0,"max_hp_loss":0,"event_name":"Transmorgrifier","floor":21,"gold_loss":0},{"damage_healed":0,"gold_gain":0,"player_choice":"Memory 3","damage_taken":10,"max_hp_gain":0,"max_hp_loss":0,"event_name":"SensoryStone","floor":41,"gold_loss":0},{"cards_removed":["SunsetBlade"],"damage_healed":0,"gold_gain":0,"player_choice":"Removed Power","damage_taken":0,"max_hp_gain":0,"max_hp_loss":0,"event_name":"Falling","floor":47,"gold_loss":0}],"is_beta":false,"boss_relics":[{"not_picked":["hubris:RunicObelisk","OneHitWonderSystem"],"picked":"RhineSuit"},{"not_picked":["Ring of Chaos","BloodWine"],"picked":"Pandora\u0027s Box"}],"items_purged_floors":[],"is_endless":false,"potions_floor_spawned":[11,13,16,25,27,29,33,42,44,45,46],"ascension_level":16}}