{"host":"lreod2rejfd0az5i","time":1608760092,"event":{"mods":["AchievementEnabler","Aspiration","BaseMod","Colored Powertips","Conspire","Downfall","Highlight Path","Hubris","Infinite Spire","Mad Scientist","Minty Spire (QoL Compilation)","Rare Cards Sparkle","Relic Stats","Replay The Spire","StSLib","The Bug Knight","The Jungle"],"gold_per_floor":[115,36,36,36,36,70,70,70,70,104,104,104,139,139,158,158,158,258,258],"floor_reached":18,"playtime":333,"items_purged":[],"score":338,"play_id":"673548e7-7153-4015-bb24-5cf549057410","local_time":"20201223144812","is_ascension_mode":true,"campfire_choices":[{"floor":17,"key":"REST"}],"circlet_count":0,"master_deck":["AscendersBane","Strike_G","Strike_G","Strike_G","Strike_G","Defend_G","Defend_G","Defend_G","Defend_G","Defend_G","Neutralize+1","Backflip","Accuracy","Cloak And Dagger","m_Survivalism","Fluid Movement"],"relics":["Ring of the Snake","NeowsBlessing","hubris:Icosahedron","Gremlin Horn","Vajra","conspire:Flyswatter","Golden Idol","Tingsha","Spirit Poop"],"acts_visited":["Exordium"],"potions_floor_usage":[13,18,18],"damage_taken":[{"damage":0,"enemies":"Small Slimes","floor":1,"turns":2},{"damage":0,"enemies":"3 Sentries","floor":6,"turns":1},{"damage":0,"enemies":"Lagavulin","floor":10,"turns":1},{"damage":42,"enemies":"Gremlin Nob","floor":13,"turns":5},{"damage":1,"enemies":"Jaw Worm","floor":15,"turns":6},{"damage":36,"enemies":"Slime Boss","floor":18,"turns":5}],"seed_played":"-5661582895776616068","potions_obtained":[{"floor":6,"key":"Ancient Potion"},{"floor":10,"key":"hexamod:EctoCoolerPotion"},{"floor":13,"key":"FearPotion"}],"is_trial":false,"path_per_floor":["M","$","?","?","?","E","$","PTL","PTL","E","T","?","E","?","M","?","R","B"],"character_chosen":"THE_SILENT","items_purchased":["Accuracy"],"campfire_rested":1,"item_purchase_floors":[2],"current_hp_per_floor":[59,59,59,59,52,52,52,52,52,52,52,52,10,10,9,9,28,0,0],"gold":258,"neow_bonus":"THREE_ENEMY_KILL","is_daily":false,"chose_seed":false,"campfire_upgraded":0,"win_rate":0.0,"timestamp":1608760092,"path_taken":["M","$","?","?","?","E","$","PTL","PTL","E","T","?","E","?","?","?","R","BOSS"],"items_purchased_type":["Card"],"build_version":"2020-12-22","purchased_purges":0,"victory":false,"max_hp_per_floor":[66,66,66,66,66,66,66,66,66,66,66,66,66,66,66,66,66,66,66],"relic_stats":{"Gremlin Horn":[0,0],"counters":[6,20],"Golden Idol":11,"Tingsha":[0],"obtain_stats":[{"hubris:Icosahedron":4,"NeowsBlessing":0,"Gremlin Horn":6,"Golden Idol":12,"Vajra":10,"Spirit Poop":16,"Tingsha":13,"Ring of the Snake":0,"conspire:Flyswatter":11},{"hubris:Icosahedron":1,"NeowsBlessing":0,"Gremlin Horn":2,"Golden Idol":3,"Vajra":3,"Spirit Poop":5,"Tingsha":4,"Ring of the Snake":0,"conspire:Flyswatter":3},{"hubris:Icosahedron":2,"NeowsBlessing":0,"Gremlin Horn":3,"Golden Idol":4,"Vajra":4,"Spirit Poop":15,"Tingsha":9,"Ring of the Snake":0,"conspire:Flyswatter":4}],"Ring of the Snake":[12]},"card_choices":[{"not_picked":["Outmaneuver","ReplayTheSpireMod:Scrap Shanks"],"picked":"Backflip","floor":1},{"not_picked":["Masterful Stab","Sneak Up","Flying Knee"],"picked":"SKIP","floor":6},{"not_picked":["Quick Slash","Deflect","Bane"],"picked":"SKIP","floor":10},{"not_picked":["Envenom","Reflex"],"picked":"Cloak And Dagger","floor":13},{"not_picked":["Slice","Dagger Throw"],"picked":"Fluid Movement","floor":15}],"player_experience":858045,"relics_obtained":[{"floor":6,"key":"Gremlin Horn"},{"floor":10,"key":"Vajra"},{"floor":11,"key":"conspire:Flyswatter"},{"floor":13,"key":"Tingsha"}],"event_choices":[{"cards_removed":["Strike_G"],"damage_healed":0,"gold_gain":0,"player_choice":"Card Removal","damage_taken":7,"max_hp_gain":0,"max_hp_loss":0,"event_name":"Golden Wing","floor":5,"gold_loss":0},{"damage_healed":0,"gold_gain":0,"player_choice":"Take Wound","damage_taken":0,"relics_obtained":["Golden Idol"],"max_hp_gain":0,"max_hp_loss":0,"event_name":"Golden Idol","floor":12,"gold_loss":0,"cards_obtained":["Injury"]},{"cards_removed":["Injury"],"damage_healed":0,"gold_gain":0,"player_choice":"Offered Curse","damage_taken":0,"relics_obtained":["Spirit Poop"],"max_hp_gain":0,"max_hp_loss":0,"event_name":"Bonfire Elementals","floor":16,"gold_loss":0}],"is_beta":false,"boss_relics":[],"items_purged_floors":[],"is_endless":false,"potions_floor_spawned":[6,10,13],"killed_by":"Slime Boss","ascension_level":19}}