{"host":"t7kvkl97w82750ny","time":1608719214,"event":{"mods":["2.2 Compatiblity","BaseMod","Bestiary","Minty Spire (QoL Compilation)","Permanent Neow","Relic Stats","StSLib"],"gold_per_floor":[116,133,144,160,160,160,160],"floor_reached":6,"playtime":343,"items_purged":[],"score":76,"play_id":"81dd970c-6149-4862-bc5a-50d3a4488704","local_time":"20201223112654","is_ascension_mode":true,"campfire_choices":[],"circlet_count":0,"master_deck":["AscendersBane","Strike_P","Strike_P","Strike_P","Strike_P","Defend_P","Defend_P","Defend_P","Defend_P","Eruption","Vigilance","ThirdEye","Tantrum","FollowUp"],"relics":["Philosopher\u0027s Stone"],"acts_visited":["Exordium"],"potions_floor_usage":[6],"damage_taken":[{"damage":11.0,"enemies":"2 Louse","floor":1.0,"turns":3.0},{"damage":6.0,"enemies":"Jaw Worm","floor":2.0,"turns":3.0},{"damage":0.0,"enemies":"Cultist","floor":3.0,"turns":2.0},{"damage":1.0,"enemies":"2 Fungi Beasts","floor":4.0,"turns":4.0},{"damage":17,"enemies":"3 Sentries","floor":6,"turns":4}],"seed_played":"1277526301194255164","potions_obtained":[{"floor":4.0,"key":"Swift Potion"}],"is_trial":false,"path_per_floor":["M","M","M","M","?","E"],"character_chosen":"WATCHER","items_purchased":[],"campfire_rested":0,"item_purchase_floors":[],"current_hp_per_floor":[50,44,44,43,43,26,26],"gold":160,"neow_bonus":"BOSS_RELIC","is_daily":false,"chose_seed":false,"campfire_upgraded":0,"win_rate":0.0,"timestamp":1608719214,"path_taken":["M","M","M","M","?","E"],"items_purchased_type":[],"build_version":"2020-12-22","purchased_purges":0,"victory":false,"max_hp_per_floor":[68,68,68,68,68,68,68],"relic_stats":{"counters":[5,16],"obtain_stats":[{"Philosopher\u0027s Stone":0,"PureWater":0},{"Philosopher\u0027s Stone":0,"PureWater":0},{"Philosopher\u0027s Stone":0,"PureWater":0}]},"card_choices":[{"not_picked":["Prostrate","Evaluate"],"picked":"ThirdEye","floor":1.0},{"not_picked":["JustLucky","EmptyFist"],"picked":"Tantrum","floor":2.0},{"not_picked":["Study","JustLucky","FollowUp"],"picked":"SKIP","floor":3.0},{"not_picked":["Study","JustLucky"],"picked":"FollowUp","floor":3.0},{"not_picked":["ThirdEye","FollowUp","PathToVictory"],"picked":"SKIP","floor":4.0}],"player_experience":1204286,"relics_obtained":[],"event_choices":[{"damage_healed":0.0,"max_hp_gain":0.0,"max_hp_loss":0.0,"gold_gain":0.0,"event_name":"Liars Game","player_choice":"Ignored","floor":5.0,"gold_loss":0.0,"damage_taken":0.0}],"is_beta":false,"boss_relics":[],"items_purged_floors":[],"is_endless":false,"potions_floor_spawned":[4],"killed_by":"3 Sentries","ascension_level":20}}