{"host":"qrt7o4dq2qslzw13","time":1608711787,"event":{"mods":["AchievementEnabler","BaseMod","Colored Map","Colored Powertips","Minty Spire (QoL Compilation)","Quick Restart","Rare Cards Sparkle","StSLib","SuperFastMode"],"gold_per_floor":[112,122,186,199,216,216,227,241,264,277,277,277,53,83,83,155,155,174,189,20,20,31,31,56,72,121,150,162,174,174],"floor_reached":29,"playtime":2315,"items_purged":[],"score":723,"play_id":"778428a4-319b-452d-81d0-87581759a8e7","local_time":"20201223032307","is_ascension_mode":true,"campfire_choices":[{"data":"Twin Strike","floor":6.0,"key":"SMITH"},{"data":"Perfected Strike","floor":12.0,"key":"SMITH"},{"floor":15.0,"key":"REST"},{"data":"Metallicize","floor":23.0,"key":"SMITH"},{"floor":28.0,"key":"REST"}],"circlet_count":0,"master_deck":["AscendersBane","Strike_R","Strike_R","Strike_R","Strike_R","Strike_R","Defend_R","Defend_R","Defend_R","Defend_R","Bash","Shrug It Off","Wild Strike","Twin Strike+1","Shrug It Off","Perfected Strike+1","Uppercut","Reaper","Cleave","Metallicize+1","Forethought","Pommel Strike","Bludgeon","Flex","Cleave+1","Limit Break","Reaper","Warcry","Clothesline+1","Bloodletting","Warcry","Berserk","Twin Strike","Decay","Body Slam+1"],"relics":["Burning Blood","CaptainsWheel","Strawberry","Lizard Tail","Cursed Key","Orrery","Boot","MawBank"],"acts_visited":["TheCity"],"potions_floor_usage":[29],"damage_taken":[{"damage":5.0,"enemies":"Small Slimes","floor":1.0,"turns":5.0},{"damage":0.0,"enemies":"Jaw Worm","floor":2.0,"turns":5.0},{"damage":0.0,"enemies":"Cultist","floor":4.0,"turns":2.0},{"damage":28.0,"enemies":"Gremlin Gang","floor":5.0,"turns":8.0},{"damage":8.0,"enemies":"Red Slaver","floor":7.0,"turns":3.0},{"damage":3.0,"enemies":"Looter","floor":8.0,"turns":2.0},{"damage":6.0,"enemies":"Exordium Thugs","floor":10.0,"turns":4.0},{"damage":29.0,"enemies":"3 Sentries","floor":14.0,"turns":9.0},{"damage":97.0,"enemies":"Hexaghost","floor":16.0,"turns":12.0},{"damage":9.0,"enemies":"Spheric Guardian","floor":18.0,"turns":4.0},{"damage":29.0,"enemies":"3 Byrds","floor":19.0,"turns":7.0},{"damage":6.0,"enemies":"Centurion and Healer","floor":22.0,"turns":6.0},{"damage":25.0,"enemies":"Book of Stabbing","floor":24.0,"turns":5.0},{"damage":20.0,"enemies":"Snecko","floor":25.0,"turns":6.0},{"damage":26.0,"enemies":"Snake Plant","floor":27.0,"turns":2.0},{"damage":44,"enemies":"Gremlin Leader","floor":29,"turns":6}],"seed_played":"-552325977291051572","potions_obtained":[{"floor":1.0,"key":"Block Potion"},{"floor":4.0,"key":"DistilledChaos"},{"floor":5.0,"key":"Energy Potion"},{"floor":18.0,"key":"FearPotion"},{"floor":22.0,"key":"SpeedPotion"},{"floor":27.0,"key":"DistilledChaos"}],"is_trial":false,"path_per_floor":["M","M","?","M","M","R","M","M","T","M","?","R","$","E","R","B",null,"M","M","$","?","M","R","E","M","T","M","R","E"],"character_chosen":"IRONCLAD","items_purchased":["Cleave","Metallicize","Forethought","Orrery"],"campfire_rested":2,"item_purchase_floors":[13,13,13,20],"current_hp_per_floor":[69,75,75,75,53,53,51,54,61,61,81,81,81,62,82,38,71,72,55,55,55,59,59,46,32,32,12,34,0,0],"gold":174,"neow_bonus":"ONE_RARE_RELIC","is_daily":false,"chose_seed":false,"campfire_upgraded":3,"win_rate":0.0,"timestamp":1608711787,"path_taken":["M","M","?","M","M","R","M","M","T","M","?","R","?","E","R","BOSS","M","M","$","?","M","R","E","?","T","M","R","E"],"items_purchased_type":["Card","Card","Card","Relic"],"build_version":"2020-12-22","purchased_purges":0,"victory":false,"max_hp_per_floor":[75,75,75,75,75,75,75,75,82,82,82,82,82,82,82,82,82,82,82,82,76,76,76,76,76,76,76,76,76,76],"card_choices":[{"not_picked":["Carnage","Perfected Strike"],"picked":"Shrug It Off","floor":1.0},{"not_picked":["Cleave","Clash"],"picked":"Wild Strike","floor":2.0},{"not_picked":["Bloodletting","Perfected Strike"],"picked":"Twin Strike","floor":4.0},{"not_picked":["Havoc","Blood for Blood"],"picked":"Shrug It Off","floor":5.0},{"not_picked":["Armaments","Twin Strike"],"picked":"Perfected Strike","floor":7.0},{"not_picked":["Rupture","Clothesline"],"picked":"Uppercut","floor":8.0},{"not_picked":["Sword Boomerang","Shrug It Off"],"picked":"Reaper","floor":10.0},{"not_picked":["Intimidate","Rage"],"picked":"Pommel Strike","floor":14.0},{"not_picked":["Demon Form","Reaper"],"picked":"Bludgeon","floor":16.0},{"not_picked":["Pummel","Warcry"],"picked":"Flex","floor":18.0},{"not_picked":["Body Slam","Evolve"],"picked":"Cleave+1","floor":19.0},{"not_picked":["Clash","Pommel Strike"],"picked":"Limit Break","floor":20.0},{"not_picked":["Body Slam","Wild Strike"],"picked":"Reaper","floor":20.0},{"not_picked":["Dual Wield","Wild Strike"],"picked":"Warcry","floor":20.0},{"not_picked":["Searing Blow","Wild Strike"],"picked":"Clothesline+1","floor":20.0},{"not_picked":["Warcry","Evolve"],"picked":"Bloodletting","floor":20.0},{"not_picked":["Heavy Blade","Sword Boomerang"],"picked":"Warcry","floor":22.0},{"not_picked":["Rupture","Entrench"],"picked":"Berserk","floor":24.0},{"not_picked":["Headbutt","Wild Strike"],"picked":"Twin Strike","floor":25.0},{"not_picked":["Twin Strike","Reckless Charge"],"picked":"Body Slam+1","floor":27.0}],"player_experience":466951,"relics_obtained":[{"floor":9.0,"key":"Strawberry"},{"floor":14.0,"key":"Lizard Tail"},{"floor":24.0,"key":"Boot"},{"floor":26.0,"key":"MawBank"}],"event_choices":[{"damage_healed":0.0,"max_hp_gain":0.0,"max_hp_loss":0.0,"gold_gain":64.0,"event_name":"Golden Wing","player_choice":"Gained Gold","floor":3.0,"gold_loss":0.0,"damage_taken":0.0},{"damage_healed":20.0,"max_hp_gain":0.0,"max_hp_loss":0.0,"gold_gain":0.0,"event_name":"Mushrooms","player_choice":"Healed and dodged fight","floor":11.0,"gold_loss":0.0,"damage_taken":0.0,"cards_obtained":["Parasite"]},{"cards_removed":["Parasite","Parasite"],"damage_healed":0.0,"max_hp_gain":0.0,"max_hp_loss":0.0,"gold_gain":0.0,"event_name":"Fountain of Cleansing","player_choice":"Removed Curses","floor":21.0,"gold_loss":0.0,"damage_taken":0.0}],"is_beta":false,"boss_relics":[{"not_picked":["Pandora\u0027s Box","Black Star"],"picked":"Cursed Key"}],"items_purged_floors":[],"is_endless":false,"potions_floor_spawned":[1,4,5,18,22,27],"killed_by":"Gremlin Leader","ascension_level":20}}