{"host":"mrc3cf8wjlkkqes7","time":1608722158,"event":{"mods":["BaseMod","Downfall","Hermit","Infinite Spire","Minty Spire (QoL Compilation)","Replay The Spire","StSLib","The Cursed","The Servant 0.9.4"],"gold_per_floor":[111,186,186,186,186,199,217,243,263,297,297,297,311,331,342,361,361,466,466,480,144,156,176,193,223,138,138,163,192,192,210,210,227,227,346,346,362,362,362,406,451,451,513,559,586,634,634,255,255,34,34,34],"floor_reached":53,"playtime":3939,"items_purged":["Strike_S","Strike_S","Defend_S","Pot Of Greed","Parasite"],"score":1173,"play_id":"aa4c5ed3-b1f7-48cb-82dd-68da00a22525","local_time":"20201223051558","is_ascension_mode":true,"campfire_choices":[{"floor":12.0,"key":"REST"},{"floor":17.0,"key":"REST"},{"floor":32,"key":"REST"},{"floor":34,"key":"REST"},{"floor":42,"key":"REST"},{"floor":47,"key":"REST"},{"data":"Pot Of Greed","floor":51,"key":"SMITH"}],"circlet_count":0,"master_deck":["Defend_S","KidneyShot","Exchange","TheWorld","FastForward","infinitespire:NeuralNetwork","ShatteredReality","SilverBlades","TimeTheft","Moonlight","Pot Of Greed+1","FanOfKnives","BottledTime","Starlight","ShatteredReality","Dilation","Rearm","Starlight","Pot Of Greed","Moonlight","SurpressingFire","Initiator","BestPractice","ShiftingGears","Ricochet+1","SoulSculpture","SpecialFormula+1","StarChef+1","Foresight+1","Starlight+1","SilverBlades","Pot Of Greed","FlawlessForm","Ricochet+1","Sabotage","TimeWarp+1","SilverBlades","FastForward"],"relics":["Uniform","Replay:Towering Pillar of Hats","ReplayTheSpireMod:Lightbulb","Grinning Jar","Painkiller Herb","Bronze Scales","Replay:Bottled Snecko","ReplayTheSpireMod:TigerMarble","Blood Vial","Replay:Wax Seal","WingedGreaves","infinitespire:EvilPickle","Astrolabe","infinitespire:Golems Mask","Replay:Baseball","Regal Pillow","Happy Flower"],"acts_visited":["Exordium","TheCity","TheBeyond"],"potions_floor_usage":[23,29,29,33,41,46,52,52],"damage_taken":[{"damage":6.0,"enemies":"2 Louse","floor":1.0,"turns":3.0},{"damage":1.0,"enemies":"Small Slimes","floor":6.0,"turns":4.0},{"damage":6.0,"enemies":"infinitespire:Voidling","floor":7.0,"turns":3.0},{"damage":2.0,"enemies":"Lagavulin","floor":8.0,"turns":9.0},{"damage":4.0,"enemies":"Blue Slaver","floor":9.0,"turns":4.0},{"damage":19.0,"enemies":"Gremlin Nob","floor":10.0,"turns":5.0},{"damage":0.0,"enemies":"Large Slime","floor":13.0,"turns":4.0},{"damage":0.0,"enemies":"2 Fungi Beasts","floor":14.0,"turns":2.0},{"damage":5.0,"enemies":"Gremlin Gang","floor":15.0,"turns":3.0},{"damage":0.0,"enemies":"Looter","floor":16.0,"turns":2.0},{"damage":25,"enemies":"Fading Forest","floor":18,"turns":11},{"damage":15,"enemies":"3 Byrds","floor":20,"turns":5},{"damage":6,"enemies":"Shell Parasite","floor":22,"turns":3},{"damage":0,"enemies":"Chosen and Byrds","floor":23,"turns":3},{"damage":0,"enemies":"Sentry and Sphere","floor":24,"turns":3},{"damage":17,"enemies":"Replay:Snechameleon","floor":25,"turns":5},{"damage":0,"enemies":"Book of Stabbing","floor":29,"turns":5},{"damage":1,"enemies":"3 Cultists","floor":31,"turns":4},{"damage":12,"enemies":"Shelled Parasite and Fungi","floor":33,"turns":3},{"damage":18,"enemies":"Pondfish","floor":35,"turns":9},{"damage":23,"enemies":"Orb Walker","floor":37,"turns":4},{"damage":25,"enemies":"3 Shapes","floor":40,"turns":3},{"damage":1,"enemies":"Transient","floor":41,"turns":5},{"damage":35,"enemies":"Nemesis","floor":43,"turns":5},{"damage":28,"enemies":"Jaw Worm Horde","floor":44,"turns":3},{"damage":12,"enemies":"Writhing Mass","floor":46,"turns":5},{"damage":55,"enemies":"infinitespire:MassOfShapes","floor":52,"turns":9}],"seed_played":"6571286385836185691","potions_obtained":[{"floor":1.0,"key":"EssenceOfSteel"},{"floor":9.0,"key":"Block Potion"},{"floor":10.0,"key":"Fire Potion"},{"floor":13.0,"key":"Dexterity Potion"},{"floor":18,"key":"Weak Potion"},{"floor":20,"key":"Guardian:BlockOnCardUsePotion"},{"floor":25,"key":"LifebloodPotion"},{"floor":31,"key":"Milkshake"},{"floor":37,"key":"Regen Potion"},{"floor":41,"key":"champ:CounterPotion"},{"floor":44,"key":"FearPotion"}],"is_trial":false,"path_per_floor":["M","?","?","PTL","PTL","M","M","E","M","E","T","R","M","M","M","M","R","B",null,"?","T","?","?","?","E","?","?","T","E","AVR","?","T","?","T","B",null,"?","AVR","?","?","?","T","E","?","T","?","T","T","?","T","T","B",null],"character_chosen":"THE_SERVANT","items_purchased":["Starlight","Moonlight","Bronze Scales","SilverBlades","Happy Flower","Energy Potion","AttackPotion","FastForward"],"campfire_rested":6,"item_purchase_floors":[21,21,21,48,48,48,50,50],"current_hp_per_floor":[59,48,32,32,32,31,30,28,24,5,5,24,24,24,19,19,38,21,54,39,39,33,33,33,16,16,16,16,18,18,19,38,28,47,31,57,42,42,42,27,51,65,38,20,20,18,52,52,52,52,52,7],"gold":34,"neow_bonus":"ONE_RANDOM_RARE_CARD","is_daily":false,"chose_seed":false,"campfire_upgraded":1,"win_rate":0.0,"timestamp":1608722158,"path_taken":["M","?","?","PTL","PTL","M","M","E","M","E","T","R","M","M","M","M","R","BOSS","?","T","?","?","?","E","?","?","T","E","AVR","?","T","?","T","BOSS","?","AVR","?","?","?","T","E","?","T","?","T","T","?","T","T","BOSS"],"items_purchased_type":["Card","Card","Relic","Card","Relic","Potion","Potion","Card"],"build_version":"2020-12-22","purchased_purges":5,"victory":true,"max_hp_per_floor":[65,65,65,65,65,65,65,65,65,65,65,65,65,65,65,65,65,65,65,65,65,65,65,65,65,65,65,65,65,65,65,65,65,65,65,65,65,65,65,65,65,65,65,65,65,65,65,65,62,59,59,59],"card_choices":[{"not_picked":["Replace","DoubleEdge"],"picked":"FastForward","floor":1.0},{"not_picked":["Replay:Fractal Strike","infinitespire:FinalStrike"],"picked":"infinitespire:NeuralNetwork","floor":3.0},{"not_picked":["Unruled","BottledTime"],"picked":"ShatteredReality","floor":6.0},{"not_picked":["DoubleEdge","Foresight"],"picked":"SilverBlades","floor":7.0},{"not_picked":["Gouge","Foresight"],"picked":"TimeTheft","floor":8.0},{"not_picked":["Defy","ShatteredReality"],"picked":"Moonlight","floor":9.0},{"not_picked":["Manipulate","Collapse","RealityMarble"],"picked":"SKIP","floor":10.0},{"not_picked":["Spin","Embodiment"],"picked":"FanOfKnives","floor":13.0},{"not_picked":["Defy","Rewind"],"picked":"BottledTime","floor":14.0},{"not_picked":["Desolation","ShatteredReality"],"picked":"Starlight","floor":15.0},{"not_picked":["Manipulate","FastForward"],"picked":"ShatteredReality","floor":16.0},{"not_picked":["FlawlessForm","Solidify"],"picked":"Dilation","floor":18},{"not_picked":["TimeTheft","Snipe"],"picked":"Rearm","floor":20},{"not_picked":["Reset","BottledTime","ShatteredReality"],"picked":"SKIP","floor":22},{"not_picked":["Barrier","Revamp+1"],"picked":"SurpressingFire","floor":23},{"not_picked":["Potential+1","DualDimension","Reset"],"picked":"SKIP","floor":24},{"not_picked":["BestPractice","BottledTime+1"],"picked":"Initiator","floor":25},{"not_picked":["Alleviate","Moondial+1"],"picked":"BestPractice","floor":29},{"not_picked":["ShatteredReality+1","Deadline"],"picked":"ShiftingGears","floor":31},{"not_picked":["Read","DoubleEdge"],"picked":"Ricochet+1","floor":33},{"not_picked":["FlawlessForm","TheWorld"],"picked":"SoulSculpture","floor":35},{"not_picked":["FanOfKnives","Read"],"picked":"Starlight+1","floor":37},{"not_picked":["FastForward","Replace"],"picked":"FlawlessForm","floor":40},{"not_picked":["BottledTime+1","Revamp+1"],"picked":"Ricochet+1","floor":41},{"not_picked":["RealityMarble+1","Collapse+1"],"picked":"Sabotage","floor":43},{"not_picked":["ShatteredReality","ReturningBlade+1","FanOfKnives+1"],"picked":"SKIP","floor":44},{"not_picked":["ReturningBlade+1","Manipulate"],"picked":"TimeWarp+1","floor":46}],"player_experience":211592,"relics_obtained":[{"floor":8.0,"key":"Replay:Towering Pillar of Hats"},{"floor":10.0,"key":"ReplayTheSpireMod:Lightbulb"},{"floor":11.0,"key":"Grinning Jar"},{"floor":25,"key":"Replay:Bottled Snecko"},{"floor":28,"key":"Blood Vial"},{"floor":29,"key":"Replay:Wax Seal"},{"floor":43,"key":"Replay:Baseball"},{"floor":45,"key":"Regal Pillow"}],"event_choices":[{"damage_healed":0.0,"max_hp_gain":0.0,"max_hp_loss":0.0,"gold_gain":75.0,"event_name":"World of Goop","player_choice":"Gather Gold","floor":2.0,"gold_loss":0.0,"damage_taken":11.0},{"damage_healed":0,"gold_gain":0,"player_choice":"Obtained Relic","damage_taken":0,"relics_obtained":["ReplayTheSpireMod:TigerMarble"],"max_hp_gain":0,"max_hp_loss":0,"event_name":"Addict","floor":26,"gold_loss":85},{"damage_healed":0,"gold_gain":0,"cards_transformed":["Defend_S"],"player_choice":"Transformed","damage_taken":0,"max_hp_gain":0,"max_hp_loss":0,"event_name":"Transmorgrifier","floor":39,"gold_loss":0,"cards_obtained":["SilverBlades"]},{"damage_healed":0,"gold_gain":0,"player_choice":"Max HP","damage_taken":0,"max_hp_gain":0,"max_hp_loss":3,"event_name":"Winding Halls","floor":49,"gold_loss":0}],"is_beta":false,"boss_relics":[{"not_picked":["Empty Cage","ReplayTheSpireMod:DimensionalGlitch"],"picked":"Painkiller Herb"},{"not_picked":["MysterySword","Cursed Key"],"picked":"Astrolabe"}],"items_purged_floors":[21,30,38,48,50],"is_endless":false,"potions_floor_spawned":[1,9,10,13,18,20,25,31,37,41,44],"ascension_level":5}}