{"host":"j8owc6rmw39yguw6","time":1608739629,"event":{"mods":["AchievementEnabler","BaseMod","Colored Map","Colored Powertips","Minty Spire (QoL Compilation)","Shop Mod"],"gold_per_floor":[111,136,136,36,52,52,87,120,120,30,69,69,82,95,95,226,226,246,246,270,19,44,44,44,44],"floor_reached":24,"playtime":1347,"items_purged":["Strike_R"],"score":254,"play_id":"91395078-d09d-42e2-9d5d-4d0756d0540f","local_time":"20201223090709","is_ascension_mode":true,"campfire_choices":[{"data":"Whirlwind","floor":6,"key":"SMITH"},{"data":"Armaments","floor":12,"key":"SMITH"},{"data":"Body Slam","floor":15,"key":"SMITH"},{"data":"Double Tap","floor":23,"key":"SMITH"}],"circlet_count":0,"master_deck":["Strike_R","Strike_R","Strike_R","Strike_R","Defend_R","Defend_R","Defend_R","Defend_R","Bash","Inflame","True Grit","Whirlwind+1","Anger","Body Slam+1","Flex","Metallicize","Armaments+1","Pommel Strike","Demon Form","Double Tap+1","Clothesline+1","Ghostly Armor+1"],"relics":["Burning Blood","NeowsBlessing","Bronze Scales","Golden Idol","Odd Mushroom","Toy Ornithopter","InkBottle","PreservedInsect","Coffee Dripper","Pantograph"],"acts_visited":["Exordium","TheCity"],"potions_floor_usage":[8,11,11,16,16,19,22],"damage_taken":[{"damage":0,"enemies":"Cultist","floor":1,"turns":1},{"damage":0,"enemies":"Small Slimes","floor":5,"turns":1},{"damage":0,"enemies":"The Mushroom Lair","floor":7,"turns":2},{"damage":0,"enemies":"Gremlin Nob","floor":8,"turns":2},{"damage":16,"enemies":"3 Sentries","floor":11,"turns":4},{"damage":2,"enemies":"2 Louse","floor":13,"turns":2},{"damage":15,"enemies":"Blue Slaver","floor":14,"turns":3},{"damage":12,"enemies":"Slime Boss","floor":16,"turns":6},{"damage":51,"enemies":"Chosen","floor":18,"turns":7},{"damage":0,"enemies":"Spheric Guardian","floor":19,"turns":3},{"damage":7,"enemies":"Centurion and Healer","floor":20,"turns":3},{"damage":24,"enemies":"Snake Plant","floor":22,"turns":3},{"damage":40,"enemies":"Slavers","floor":24,"turns":3}],"seed_played":"8841524892448179859","potions_obtained":[{"floor":1,"key":"SkillPotion"},{"floor":5,"key":"EntropicBrew"},{"floor":11,"key":"FearPotion"},{"floor":13,"key":"Swift Potion"},{"floor":20,"key":"ColorlessPotion"}],"is_trial":false,"path_per_floor":["M","T","?","$","M","R","?","E","T","$","E","R","M","M","R","B",null,"M","M","M","$","M","R","E"],"character_chosen":"IRONCLAD","items_purchased":["True Grit","Flex","Metallicize","Pantograph"],"campfire_rested":0,"item_purchase_floors":[4,10,10,21],"current_hp_per_floor":[80,80,60,60,66,66,72,78,78,78,70,70,74,65,65,69,80,35,46,45,45,32,32,0,0],"gold":44,"neow_bonus":"THREE_ENEMY_KILL","is_daily":false,"chose_seed":false,"campfire_upgraded":4,"win_rate":0.0,"timestamp":1608739629,"path_taken":["M","?","?","$","M","R","?","E","T","?","E","R","M","M","R","BOSS","M","M","M","$","M","R","E"],"items_purchased_type":["Card","Card","Card","Relic"],"build_version":"2020-12-22","purchased_purges":1,"victory":false,"max_hp_per_floor":[80,80,80,80,80,80,80,80,80,80,80,80,80,80,80,80,80,80,80,80,80,80,80,80,80],"card_choices":[{"not_picked":["Reckless Charge","Perfected Strike"],"picked":"Inflame","floor":1},{"not_picked":["Flame Barrier","Heavy Blade"],"picked":"Whirlwind","floor":5},{"not_picked":["Infernal Blade","Dual Wield"],"picked":"Anger","floor":7},{"not_picked":["Anger","Heavy Blade"],"picked":"Body Slam","floor":8},{"not_picked":["Fire Breathing","Sword Boomerang"],"picked":"Armaments","floor":11},{"not_picked":["True Grit","Clash"],"picked":"Pommel Strike","floor":13},{"not_picked":["Searing Blow","Headbutt"],"picked":"Demon Form","floor":14},{"not_picked":["Brutality","Limit Break"],"picked":"Double Tap","floor":16},{"not_picked":["Twin Strike","Body Slam"],"picked":"Clothesline+1","floor":18},{"not_picked":["Warcry","Infernal Blade+1"],"picked":"Ghostly Armor+1","floor":20},{"not_picked":["True Grit","Whirlwind","Power Through+1"],"picked":"SKIP","floor":22}],"player_experience":23318,"relics_obtained":[{"floor":2,"key":"Bronze Scales"},{"floor":7,"key":"Odd Mushroom"},{"floor":8,"key":"Toy Ornithopter"},{"floor":9,"key":"InkBottle"},{"floor":11,"key":"PreservedInsect"}],"event_choices":[{"damage_healed":0,"gold_gain":0,"player_choice":"Take Damage","damage_taken":20,"relics_obtained":["Golden Idol"],"max_hp_gain":0,"max_hp_loss":0,"event_name":"Golden Idol","floor":3,"gold_loss":0},{"damage_healed":0,"gold_gain":0,"player_choice":"Fought Mushrooms","damage_taken":0,"max_hp_gain":0,"max_hp_loss":0,"event_name":"Mushrooms","floor":7,"gold_loss":0}],"is_beta":false,"boss_relics":[{"not_picked":["Ectoplasm","Velvet Choker"],"picked":"Coffee Dripper"}],"items_purged_floors":[4],"is_endless":false,"potions_floor_spawned":[1,5,11,13,19,20],"killed_by":"Slavers","ascension_level":2}}