{"host":"o7j6aatxjwpw1421","time":1608734837,"event":{"mods":["2.2 Compatiblity","BaseMod","Colored Map","DeckTracker","Highlight Path","Keyboard Shortcuts","Minty Spire (QoL Compilation)","Permanent Neow","Quick Restart","StSLib","SuperFastMode","everything is the same but u backflip on backflip"],"gold_per_floor":[117,117,67,81,81,81,101,120,120,136,160,160,178,178,178,178,178],"floor_reached":16,"playtime":712,"items_purged":[],"score":94,"play_id":"48f9c6d7-d837-4d94-ad39-3e1e22e3dfc4","local_time":"20201223234717","is_ascension_mode":false,"campfire_choices":[{"data":"Sunder","floor":6.0,"key":"SMITH"},{"floor":15,"key":"REST"}],"circlet_count":0,"master_deck":["Strike_B+1","Strike_B","Strike_B","Defend_B","Defend_B","Defend_B","Defend_B+1","Zap","Dualcast","Writhe","Sunder+1","Coolheaded","Coolheaded","Undo+1","Glacier+1","Fusion+1"],"relics":["Cracked Core","Calipers","Golden Idol","Toxic Egg 2","The Courier"],"acts_visited":["Exordium"],"potions_floor_usage":[16],"damage_taken":[{"damage":2.0,"enemies":"Small Slimes","floor":1.0,"turns":4.0},{"damage":1.0,"enemies":"Jaw Worm","floor":4.0,"turns":3.0},{"damage":0.0,"enemies":"2 Louse","floor":7.0,"turns":2.0},{"damage":0.0,"enemies":"2 Fungi Beasts","floor":8.0,"turns":3.0},{"damage":7.0,"enemies":"3 Louse","floor":10.0,"turns":5.0},{"damage":0.0,"enemies":"Exordium Thugs","floor":11.0,"turns":6.0},{"damage":1,"enemies":"Large Slime","floor":13,"turns":6},{"damage":55,"enemies":"Hexaghost","floor":16,"turns":14}],"seed_played":"-155074927150629275","potions_obtained":[{"floor":7.0,"key":"PowerPotion"},{"floor":8.0,"key":"Swift Potion"},{"floor":13,"key":"DuplicationPotion"}],"is_trial":false,"path_per_floor":["M","?","?","M","?","R","M","M","T","M","M","?","M","?","R","B"],"character_chosen":"DEFECT","items_purchased":[],"campfire_rested":1,"item_purchase_floors":[],"current_hp_per_floor":[73,69,69,68,54,54,54,54,54,47,47,40,39,32,52,0,0],"gold":178,"neow_bonus":"ONE_RARE_RELIC","is_daily":false,"chose_seed":false,"campfire_upgraded":1,"win_rate":0.0,"timestamp":1608734837,"path_taken":["M","?","?","M","?","R","M","M","T","M","M","?","M","?","R","BOSS"],"items_purchased_type":[],"build_version":"2020-12-22","purchased_purges":0,"victory":false,"max_hp_per_floor":[75,69,69,69,69,69,69,69,69,69,69,69,69,69,69,69,69],"card_choices":[{"not_picked":["Streamline","Barrage"],"picked":"Sunder","floor":1.0},{"not_picked":["Steam","Rebound"],"picked":"Heatsinks","floor":4.0},{"not_picked":["Scrape","Barrage"],"picked":"Coolheaded","floor":7.0},{"not_picked":["Go for the Eyes","Turbo"],"picked":"Coolheaded","floor":8.0},{"not_picked":["Conserve Battery+1","Darkness+1"],"picked":"Undo+1","floor":10.0},{"not_picked":["Stack+1","Coolheaded+1"],"picked":"Glacier+1","floor":11.0},{"not_picked":["Compile Driver","Storm"],"picked":"Fusion+1","floor":13}],"player_experience":340556,"relics_obtained":[{"floor":9.0,"key":"Toxic Egg 2"}],"event_choices":[{"damage_healed":0.0,"max_hp_gain":0.0,"max_hp_loss":6.0,"gold_gain":0.0,"event_name":"Golden Idol","player_choice":"Lose Max HP","floor":2.0,"gold_loss":0.0,"damage_taken":0.0,"relics_obtained":["Golden Idol"]},{"cards_removed":["Strike_B"],"damage_healed":0.0,"max_hp_gain":0.0,"max_hp_loss":0.0,"gold_gain":0.0,"event_name":"The Cleric","player_choice":"Card Removal","floor":3.0,"gold_loss":50.0,"damage_taken":0.0},{"damage_healed":0.0,"max_hp_gain":0.0,"max_hp_loss":0.0,"gold_gain":0.0,"event_name":"Shining Light","player_choice":"Entered Light","floor":5.0,"gold_loss":0.0,"damage_taken":14.0,"cards_upgraded":["Strike_B","Defend_B"]},{"cards_removed":["Heatsinks"],"damage_healed":0.0,"max_hp_gain":0.0,"max_hp_loss":0.0,"gold_gain":0.0,"event_name":"Golden Wing","player_choice":"Card Removal","floor":12.0,"gold_loss":0.0,"damage_taken":7.0},{"damage_healed":0,"gold_gain":0,"player_choice":"Success","damage_taken":7,"relics_obtained":["The Courier"],"max_hp_gain":0,"max_hp_loss":0,"event_name":"Scrap Ooze","floor":14,"gold_loss":0}],"is_beta":false,"boss_relics":[],"items_purged_floors":[],"is_endless":false,"potions_floor_spawned":[7,8,13],"killed_by":"Hexaghost","ascension_level":0}}