{"host":"tvwbxqry54t86y0v","time":1608681666,"event":{"mods":["2.2 Compatiblity","A Magickal Journey","Astrologer","BaseMod","Beaked The Cultist","BetterRewards","Block Reminder","Clockwork Mod","Colored Powertips","DeckTracker","Downfall","GungeonMod","Hermit","Hubris","Infinite Spire","Ironclad Rager","Marked Mod","Mimic Mod","Minty Spire (QoL Compilation)","Potionbrewer","Replay The Spire","Shade Mod","Somnambulant","StSLib","The Bug Knight","The Cursed","The Druid","The Elementalist","The Exalted","The Forsaken","The Hierophant","The Jungle","The Marked","The Mystic","The Problem Sleuth","The Runesmith","The Senshi","The Spell Scribe","The Valiant","The Wild Card","TheFirefly","TheHeartMod","Unceasing Turn Reminder","thorton"],"gold_per_floor":[118,118,118,136,236,269,269,286,286,311,321,340,351,366,366,467,467,482,482,501,113,126,152,152,167,167,167,185,185,216,228,228,325,325,340,357,203,223,246,246,346,379,379,410,410,443,454,464,464,464],"floor_reached":51,"playtime":2991,"items_purged":[],"score":766,"play_id":"23dcc1bd-19d5-43c3-bf11-cf45f8366206","local_time":"20201223110106","is_ascension_mode":false,"campfire_choices":[{"data":"theMarked:SoldierOfQuellstein","floor":7,"key":"SMITH"},{"data":"theMarked:Indomitable","floor":15,"key":"SMITH"},{"floor":24,"key":"REST"},{"data":"theMarked:SummonStrength","floor":27,"key":"SMITH"},{"floor":29,"key":"REST"},{"floor":32,"key":"REST"},{"data":"theMarked:FavorableWinds","floor":40,"key":"SMITH"},{"data":"theMarked:Improvise","floor":45,"key":"SMITH"},{"data":"theMarked:Opportunist","floor":49,"key":"SMITH"}],"circlet_count":0,"master_deck":["theMarked:RogueSparks+1","theMarked:Strike","theMarked:Strike","theMarked:Strike","theMarked:Strike","theMarked:Strike","theMarked:Defend","theMarked:Defend","theMarked:Defend","theMarked:Defend","theMarked:SoldierOfQuellstein+1","CurseOfTheBell","theMarked:ChainLightning","theMarked:Improvise+1","theMarked:WardOff","theMarked:Indomitable+1","theMarked:HeightenedSenses","theMarked:SummonStrength+1","theMarked:TwofoldDefense","theMarked:TwofoldDefense","theMarked:FavorableWinds+1","theMarked:SoldierForm","ReplayTheSpireMod:Splinters","theMarked:StartUp+1","theMarked:Opportunist+1"],"relics":["Calling Bell","Anchor","Sundial","Bromod:ArcaneAvenger","Eternal Feather","InkBottle","ReplayTheSpireMod:Ninjato","Nunchaku","Painkiller Herb","Bromod:ArcaneVictory","Gremlin Horn","Blue Candle","DemoMod:JetPack","hubris:VirtuousBlindfold","DemoMod:BigBoy","potionbrewer:AlchemistFlask","Bromod:ArcaneTrickery","hubris:SphereOfDissonance","Smiling Mask"],"acts_visited":["Exordium","TheCity","TheBeyond"],"potions_floor_usage":[16,20,20,23,33,42,46],"damage_taken":[{"damage":0,"enemies":"Small Slimes","floor":1,"turns":4},{"damage":1,"enemies":"Jaw Worm","floor":4,"turns":3},{"damage":14,"enemies":"HollowMod:MossKnight","floor":6,"turns":7},{"damage":0,"enemies":"Cultist","floor":8,"turns":3},{"damage":12,"enemies":"Lagavulin","floor":10,"turns":5},{"damage":0,"enemies":"3 Louse","floor":11,"turns":3},{"damage":5,"enemies":"Lots of Slimes","floor":12,"turns":3},{"damage":2,"enemies":"Blue Slaver","floor":13,"turns":3},{"damage":3,"enemies":"Red Slaver","floor":14,"turns":3},{"damage":12,"enemies":"Slime Boss","floor":16,"turns":8},{"damage":14,"enemies":"Spheric Guardian","floor":18,"turns":4},{"damage":0,"enemies":"3 Byrds","floor":20,"turns":5},{"damage":17,"enemies":"Snecko","floor":22,"turns":5},{"damage":25,"enemies":"Book of Stabbing","floor":23,"turns":6},{"damage":6,"enemies":"Centurion and Healer","floor":25,"turns":7},{"damage":31,"enemies":"Snake Plant","floor":28,"turns":5},{"damage":57,"enemies":"Gremlin Leader","floor":30,"turns":7},{"damage":10,"enemies":"Chosen and Byrds","floor":31,"turns":7},{"damage":45,"enemies":"Collector","floor":33,"turns":10},{"damage":21,"enemies":"3 Shapes","floor":35,"turns":4},{"damage":6,"enemies":"3 Darklings","floor":36,"turns":3},{"damage":16,"enemies":"Writhing Mass","floor":38,"turns":6},{"damage":4,"enemies":"Giant Head","floor":42,"turns":5},{"damage":32,"enemies":"HollowMod:StalkingDevout","floor":44,"turns":5},{"damage":3,"enemies":"Reptomancer","floor":46,"turns":5},{"damage":7,"enemies":"Sphere and 2 Shapes","floor":47,"turns":3},{"damage":2,"enemies":"Transient","floor":48,"turns":5},{"damage":44,"enemies":"Donu and Deca","floor":50,"turns":7}],"seed_played":"-244223823006684497","potions_obtained":[{"floor":4,"key":"LiquidBronze"},{"floor":6,"key":"Fire Potion"},{"floor":13,"key":"Guardian:BlockOnCardUsePotion"},{"floor":25,"key":"FearPotion"},{"floor":30,"key":"LifebloodPotion"},{"floor":33,"key":"Ancient Potion"},{"floor":35,"key":"ColorlessPotion"},{"floor":44,"key":"LiquidMemories"},{"floor":47,"key":"EssenceOfSteel"}],"is_trial":false,"path_per_floor":["M","?","T","M","?","E","R","M","T","E","M","M","M","M","R","B",null,"?","?","?","T","?","E","T","?","T","T","?","T","E","?","T","B",null,"?","?","T","?","?","T","?","E","T","E","T","E","?","?","T","B",null],"character_chosen":"THE_DEFAULT","items_purchased":["Bromod:ArcaneVictory","Adrenaline Potion","FairyPotion","theMarked:SoldierForm"],"campfire_rested":3,"item_purchase_floors":[21,21,21,37],"current_hp_per_floor":[70,75,75,74,74,60,66,66,66,54,54,49,47,44,53,41,75,61,61,61,61,45,21,55,51,51,63,33,67,15,7,41,25,75,56,61,67,58,64,75,75,72,75,46,64,71,71,74,75,33],"gold":464,"neow_bonus":"BOSS_RELIC","is_daily":false,"chose_seed":false,"campfire_upgraded":6,"win_rate":0.0,"timestamp":1608681666,"path_taken":["M","?","?","?","?","E","R","M","T","E","M","M","?","M","R","BOSS","?","?","?","T","?","E","T","?","T","T","?","T","E","?","T","BOSS","?","?","T","?","?","T","?","E","T","E","T","E","?","?","T","BOSS"],"items_purchased_type":["Relic","Potion","Potion","Card"],"build_version":"2020-12-13","purchased_purges":0,"victory":true,"max_hp_per_floor":[70,75,75,75,75,75,75,75,75,75,75,75,75,75,75,75,75,75,75,75,75,75,75,75,75,75,75,75,75,75,75,75,75,75,75,75,75,75,75,75,75,75,75,75,75,75,75,75,75,75],"card_choices":[{"not_picked":["theMarked:Seal","theMarked:Panic","theMarked:Parkour"],"picked":"SKIP","floor":1},{"not_picked":["theMarked:Frustration","theMarked:Aftermath"],"picked":"theMarked:ChainLightning","floor":4},{"not_picked":["theMarked:Aftermath","theMarked:GodGivenPower","theMarked:SelfDefenseTraining"],"picked":"SKIP","floor":6},{"not_picked":["theMarked:WastefulAttack","theMarked:RepellingDischarge"],"picked":"theMarked:Improvise","floor":8},{"not_picked":["theMarked:ElectricStrings","theMarked:ChainLightning","theMarked:BanishingStrike"],"picked":"SKIP","floor":10},{"not_picked":["theMarked:ParalyzingBlade","theMarked:ElectricStrings"],"picked":"theMarked:WardOff","floor":11},{"not_picked":["theMarked:WastefulDefense","theMarked:EnhanceMovement"],"picked":"theMarked:Indomitable","floor":12},{"not_picked":["theMarked:HeritageOfTheMarked","theMarked:Seal"],"picked":"theMarked:HeightenedSenses","floor":13},{"not_picked":["theMarked:Reabsorb","theMarked:HeightenedSenses","theMarked:BanishingWave"],"picked":"SKIP","floor":14},{"not_picked":["theMarked:FavorableWinds","theMarked:Defy"],"picked":"theMarked:SummonStrength","floor":16},{"not_picked":["theMarked:Frustration","theMarked:EmpowerWeapon","theMarked:ShockingTouch"],"picked":"SKIP","floor":18},{"not_picked":["theMarked:Parkour","theMarked:CreepingChasm","theMarked:Static+1"],"picked":"SKIP","floor":20},{"not_picked":["theMarked:MysticalArsenal","theMarked:WardOff"],"picked":"theMarked:TwofoldDefense","floor":22},{"not_picked":["theMarked:ContemptForTheProud+1","theMarked:BindingBlade"],"picked":"theMarked:TwofoldDefense","floor":23},{"not_picked":["theMarked:Seal","theMarked:Aftermath","theMarked:HeritageOfTheMarked+1"],"picked":"SKIP","floor":25},{"not_picked":["theMarked:SwordAndMagic","theMarked:MagicAdept","theMarked:BanishingStrike"],"picked":"SKIP","floor":28},{"not_picked":["theMarked:TwofoldDefense+1","theMarked:MagicAdept","theMarked:GodGivenPower"],"picked":"SKIP","floor":30},{"not_picked":["theMarked:Overthink","theMarked:TwofoldDefense+1","theMarked:Frustration"],"picked":"SKIP","floor":31},{"not_picked":["theMarked:ChannelForce","theMarked:Levitate"],"picked":"theMarked:FavorableWinds","floor":33},{"not_picked":["theMarked:BanishingStrike+1","theMarked:WastefulAttack","theMarked:WardOff"],"picked":"SKIP","floor":35},{"not_picked":["theMarked:SwordAndMagic+1","theMarked:Polarize+1","theMarked:EmpowerWeapon+1"],"picked":"SKIP","floor":36},{"not_picked":["theMarked:EmpowerWeapon+1","theMarked:SelfDefenseTraining+1","theMarked:Polarize+1"],"picked":"SKIP","floor":38},{"not_picked":["theMarked:WastefulAttack","theMarked:WardOff","theMarked:Parkour"],"picked":"SKIP","floor":42},{"not_picked":["theMarked:ElectricStrings+1","theMarked:Electrocute+1"],"picked":"theMarked:StartUp+1","floor":44},{"not_picked":["theMarked:Electrocute","theMarked:MagicAdept","theMarked:Frustration"],"picked":"SKIP","floor":46},{"not_picked":["theMarked:SwordAndMagic+1","theMarked:RepellingDischarge+1","theMarked:HeightenedSenses+1"],"picked":"SKIP","floor":47},{"not_picked":["theMarked:KeepCalmAndFightOn","theMarked:EmpowerWeapon"],"picked":"theMarked:Opportunist","floor":48}],"player_experience":1065714,"relics_obtained":[{"floor":0,"key":"Anchor"},{"floor":0,"key":"Sundial"},{"floor":0,"key":"Bromod:ArcaneAvenger"},{"floor":3,"key":"Eternal Feather"},{"floor":6,"key":"DemoMod:WeirdEgg"},{"floor":9,"key":"ReplayTheSpireMod:Ninjato"},{"floor":10,"key":"Nunchaku"},{"floor":23,"key":"Gremlin Horn"},{"floor":26,"key":"Blue Candle"},{"floor":30,"key":"DemoMod:JetPack"},{"floor":39,"key":"DemoMod:BigBoy"},{"floor":42,"key":"potionbrewer:AlchemistFlask"},{"floor":43,"key":"Bromod:ArcaneTrickery"},{"floor":44,"key":"hubris:SphereOfDissonance"},{"floor":46,"key":"Smiling Mask"}],"event_choices":[{"damage_healed":0,"gold_gain":0,"player_choice":"Donut","damage_taken":0,"max_hp_gain":5,"max_hp_loss":0,"event_name":"Big Fish","floor":2,"gold_loss":0},{"damage_healed":0,"gold_gain":100,"player_choice":"Pray","damage_taken":0,"max_hp_gain":0,"max_hp_loss":0,"event_name":"Golden Shrine","floor":5,"gold_loss":0},{"damage_healed":0,"gold_gain":0,"player_choice":"Ignored","damage_taken":0,"max_hp_gain":0,"max_hp_loss":0,"event_name":"Transmorgrifier","floor":19,"gold_loss":0},{"damage_healed":0,"gold_gain":100,"player_choice":"Pray","damage_taken":0,"max_hp_gain":0,"max_hp_loss":0,"event_name":"Golden Shrine","floor":41,"gold_loss":0}],"is_beta":false,"boss_relics":[{"not_picked":["Cursed Key","Velvet Choker"],"picked":"Painkiller Herb"},{"not_picked":["Pandora\u0027s Box","Replay:Bronze Core"],"picked":"hubris:VirtuousBlindfold"}],"items_purged_floors":[],"is_endless":false,"potions_floor_spawned":[4,6,13,14,25,30,33,35,38,44,47],"ascension_level":0}}