{"host":"dcj2yvrgcvh5dl2s","time":1608697836,"event":{"mods":["BaseMod","Better Note","Block Reminder","Colored Powertips","DeckTracker","Minty Spire (QoL Compilation)","Quick Restart","Rare Cards Sparkle","Relic Stats","StSLib"],"gold_per_floor":[12,22,22,22,34,34,34],"floor_reached":6,"playtime":162,"items_purged":[],"score":59,"play_id":"ae3a51f5-8a2c-4289-bb5e-4209118b522c","local_time":"20201223143036","is_ascension_mode":true,"campfire_choices":[],"circlet_count":0,"master_deck":["AscendersBane","Strike_R","Strike_R","Strike_R","Strike_R","Defend_R","Defend_R","Defend_R","Defend_R","Bash","Flex","Thunderclap","Thunderclap","Sword Boomerang","Demon Form","Infernal Blade","Shrug It Off"],"relics":["Burning Blood","Prayer Wheel"],"acts_visited":["Exordium"],"potions_floor_usage":[6],"damage_taken":[{"damage":16,"enemies":"2 Louse","floor":1,"turns":3},{"damage":6,"enemies":"Cultist","floor":2,"turns":3},{"damage":14,"enemies":"Jaw Worm","floor":5,"turns":3},{"damage":62,"enemies":"Lagavulin","floor":6,"turns":6}],"seed_played":"8343434105571239658","potions_obtained":[{"floor":2,"key":"FearPotion"},{"floor":5,"key":"SpeedPotion"}],"is_trial":false,"path_per_floor":["M","M","?","$","M","E"],"character_chosen":"IRONCLAD","items_purchased":[],"campfire_rested":0,"item_purchase_floors":[],"current_hp_per_floor":[62,62,62,62,54,0,0],"gold":34,"neow_bonus":"ONE_RARE_RELIC","is_daily":false,"chose_seed":false,"campfire_upgraded":0,"win_rate":0.0,"timestamp":1608697836,"path_taken":["M","M","?","$","M","E"],"items_purchased_type":[],"build_version":"2020-12-13","purchased_purges":0,"victory":false,"max_hp_per_floor":[80,80,80,80,80,80,80],"relic_stats":{"counters":[4,15],"Prayer Wheel":3,"obtain_stats":[{"Prayer Wheel":0,"Burning Blood":0},{"Prayer Wheel":0,"Burning Blood":0},{"Prayer Wheel":0,"Burning Blood":0}],"Burning Blood":18},"card_choices":[{"not_picked":["Searing Blow","Reckless Charge"],"picked":"Flex","floor":1},{"not_picked":["Bloodletting","Armaments"],"picked":"Thunderclap","floor":1},{"not_picked":["Burning Pact","Entrench"],"picked":"Thunderclap","floor":2},{"not_picked":["Dark Embrace","Anger"],"picked":"Sword Boomerang","floor":2},{"not_picked":["Iron Wave","Spot Weakness"],"picked":"Infernal Blade","floor":5},{"not_picked":["Bloodletting","Second Wind"],"picked":"Shrug It Off","floor":5}],"player_experience":2011962,"relics_obtained":[],"event_choices":[{"damage_healed":0,"gold_gain":0,"cards_transformed":["Strike_R"],"player_choice":"Transformed","damage_taken":0,"max_hp_gain":0,"max_hp_loss":0,"event_name":"Transmorgrifier","floor":3,"gold_loss":0,"cards_obtained":["Demon Form"]}],"is_beta":false,"boss_relics":[],"items_purged_floors":[],"is_endless":false,"potions_floor_spawned":[2,5],"killed_by":"Lagavulin","ascension_level":13}}