{"host":"3jpwrwmmgyabjceh","time":1608729572,"event":{"mods":["AchievementEnabler","BaseMod","Colored Map","Colored Powertips","Highlight Path","Minty Spire (QoL Compilation)","Quick Restart","StSLib"],"gold_per_floor":[109,125,125,139,155,155,183,183,229,229,242,242,255,255,255,379,379,379,379,379,99,99,99,99,99,99,99,20,20,20,20,20,20,20,20,20,20,20,20,20,20,20,20,20,20,20,20,20,20,20,20],"floor_reached":50,"playtime":1608,"items_purged":["Strike_R"],"score":663,"play_id":"51bfc2f5-fde0-4bb8-8d05-dae70c03117b","local_time":"20201223161932","is_ascension_mode":true,"campfire_choices":[{"data":"Searing Blow","floor":6.0,"key":"SMITH"},{"data":"Searing Blow+1","floor":8.0,"key":"SMITH"},{"data":"Searing Blow+2","floor":10.0,"key":"SMITH"},{"data":"Searing Blow+3","floor":12.0,"key":"SMITH"},{"data":"Searing Blow+4","floor":15.0,"key":"SMITH"},{"data":"Searing Blow+5","floor":23.0,"key":"SMITH"},{"data":"Searing Blow+6","floor":25.0,"key":"SMITH"},{"data":"Searing Blow+7","floor":27.0,"key":"SMITH"},{"floor":29.0,"key":"REST"},{"data":"Searing Blow+8","floor":32.0,"key":"SMITH"},{"data":"Searing Blow+9","floor":40,"key":"SMITH"},{"data":"Searing Blow+10","floor":42,"key":"SMITH"},{"floor":44,"key":"REST"},{"floor":49,"key":"RECALL"}],"circlet_count":0,"master_deck":["Strike_R","Strike_R","Defend_R","Defend_R","Defend_R","Defend_R","Bash+1","Rampage","Twin Strike","Searing Blow+11","Rampage","Armaments","Armaments","Armaments","Battle Trance+1","Barricade","Spot Weakness+1","Reckless Charge"],"relics":["Black Blood","NeowsBlessing","Matryoshka","Meat on the Bone","Happy Flower","Golden Idol","Ectoplasm","Membership Card","Dream Catcher","Strawberry","Smiling Mask","Lantern","Orichalcum","Bottled Flame","Blood Vial","Akabeko"],"acts_visited":["Exordium","TheCity","TheBeyond"],"potions_floor_usage":[50],"damage_taken":[{"damage":0.0,"enemies":"Jaw Worm","floor":1.0,"turns":1.0},{"damage":0.0,"enemies":"Cultist","floor":2.0,"turns":1.0},{"damage":0.0,"enemies":"2 Louse","floor":4.0,"turns":1.0},{"damage":19.0,"enemies":"Large Slime","floor":5.0,"turns":6.0},{"damage":40.0,"enemies":"3 Sentries","floor":7.0,"turns":9.0},{"damage":1.0,"enemies":"Exordium Thugs","floor":11.0,"turns":4.0},{"damage":2.0,"enemies":"Looter","floor":13.0,"turns":2.0},{"damage":15.0,"enemies":"Slime Boss","floor":16.0,"turns":9.0},{"damage":25.0,"enemies":"3 Byrds","floor":18.0,"turns":5.0},{"damage":0.0,"enemies":"Chosen","floor":20.0,"turns":2.0},{"damage":20.0,"enemies":"Centurion and Healer","floor":22.0,"turns":6.0},{"damage":31.0,"enemies":"Book of Stabbing","floor":24.0,"turns":4.0},{"damage":0.0,"enemies":"Gremlin Leader","floor":30.0,"turns":2.0},{"damage":0.0,"enemies":"Snecko","floor":31.0,"turns":2.0},{"damage":68.0,"enemies":"Champ","floor":33.0,"turns":7.0},{"damage":35.0,"enemies":"3 Darklings","floor":35.0,"turns":6.0},{"damage":0,"enemies":"Orb Walker","floor":37,"turns":3},{"damage":23,"enemies":"Sphere and 2 Shapes","floor":38,"turns":5},{"damage":48,"enemies":"Jaw Worm Horde","floor":41,"turns":6},{"damage":18,"enemies":"3 Darklings","floor":45,"turns":7},{"damage":62,"enemies":"Awakened One","floor":50,"turns":5}],"seed_played":"2131278509999613995","potions_obtained":[{"floor":4.0,"key":"Block Potion"},{"floor":7.0,"key":"Block Potion"},{"floor":11.0,"key":"ColorlessPotion"},{"floor":16.0,"key":"Regen Potion"},{"floor":20.0,"key":"Ancient Potion"},{"floor":24.0,"key":"DuplicationPotion"},{"floor":30.0,"key":"Swift Potion"},{"floor":31.0,"key":"Swift Potion"},{"floor":45,"key":"LiquidMemories"}],"is_trial":false,"path_per_floor":["M","M","?","M","M","R","E","R","T","R","M","R","M","?","R","B",null,"M","?","M","$","M","R","E","R","T","R","$","R","E","M","R","B",null,"M","?","M","M","?","R","M","R","T","R","M","T","$","T","R","B"],"character_chosen":"IRONCLAD","items_purchased":["Membership Card","Armaments","Dream Catcher","Lantern"],"campfire_rested":2,"item_purchase_floors":[21,21,21,28],"current_hp_per_floor":[80,80,80,80,67,67,33,33,33,33,50,50,54,54,54,45,67,60,60,66,66,52,52,46,46,46,46,46,70,76,81,81,31,69,58,58,70,59,59,59,35,35,35,59,53,53,53,53,53,0,0],"gold":20,"neow_bonus":"THREE_ENEMY_KILL","is_daily":false,"chose_seed":false,"campfire_upgraded":11,"win_rate":0.0,"timestamp":1608729572,"path_taken":["M","M","?","M","M","R","E","R","T","R","?","R","M","?","R","BOSS","M","?","M","$","?","R","E","R","T","R","$","R","E","M","R","BOSS","M","?","M","M","?","R","?","R","T","R","M","?","$","?","R","BOSS"],"items_purchased_type":["Relic","Card","Relic","Relic"],"build_version":"2020-12-22","purchased_purges":1,"victory":false,"max_hp_per_floor":[80,80,80,80,80,80,80,80,80,80,80,80,80,74,74,74,74,74,74,74,74,74,74,81,81,81,81,81,81,81,81,81,81,81,81,81,81,81,81,81,81,81,81,81,81,81,81,81,81,81,81],"card_choices":[{"not_picked":["Flex","Havoc"],"picked":"Rampage","floor":1.0},{"not_picked":["Combust","Shrug It Off"],"picked":"Twin Strike","floor":2.0},{"not_picked":["Inflame","Anger"],"picked":"Searing Blow","floor":4.0},{"not_picked":["Thunderclap","Wild Strike"],"picked":"Rampage","floor":5.0},{"not_picked":["Thunderclap","Clothesline"],"picked":"Armaments","floor":7.0},{"not_picked":["Iron Wave","Second Wind","Sentinel"],"picked":"SKIP","floor":11.0},{"not_picked":["Evolve","Shrug It Off"],"picked":"Armaments","floor":13.0},{"not_picked":["Whirlwind+1","Twin Strike","Wild Strike+1"],"picked":"SKIP","floor":18.0},{"not_picked":["Perfected Strike","Sword Boomerang","Pommel Strike"],"picked":"SKIP","floor":20.0},{"not_picked":["Evolve","Sword Boomerang","Twin Strike"],"picked":"SKIP","floor":22.0},{"not_picked":["Metallicize","Wild Strike","Warcry"],"picked":"SKIP","floor":24.0},{"not_picked":["Dropkick+1","Fiend Fire"],"picked":"Battle Trance+1","floor":30.0},{"not_picked":["True Grit","Flex","Wild Strike"],"picked":"SKIP","floor":31.0},{"not_picked":["Limit Break","Bludgeon"],"picked":"Barricade","floor":33.0},{"not_picked":["Blood for Blood+1","Flex+1","Clash+1"],"picked":"SKIP","floor":35.0},{"not_picked":["Warcry","Dark Embrace","Sentinel"],"picked":"SKIP","floor":37},{"not_picked":["True Grit+1","Wild Strike+1"],"picked":"Spot Weakness+1","floor":38},{"not_picked":["Flex","Thunderclap","Warcry+1"],"picked":"SKIP","floor":41},{"not_picked":["Sword Boomerang+1","Thunderclap","Clash"],"picked":"SKIP","floor":45}],"player_experience":258660,"relics_obtained":[{"floor":7.0,"key":"Matryoshka"},{"floor":9.0,"key":"Meat on the Bone"},{"floor":9.0,"key":"Happy Flower"},{"floor":24.0,"key":"Strawberry"},{"floor":26.0,"key":"Smiling Mask"},{"floor":30.0,"key":"Orichalcum"},{"floor":43,"key":"Bottled Flame"},{"floor":46,"key":"Blood Vial"},{"floor":48,"key":"Akabeko"}],"event_choices":[{"damage_healed":0.0,"max_hp_gain":0.0,"max_hp_loss":0.0,"gold_gain":0.0,"event_name":"Accursed Blacksmith","player_choice":"Forge","floor":3.0,"gold_loss":0.0,"damage_taken":0.0,"cards_upgraded":["Bash"]},{"damage_healed":0.0,"max_hp_gain":0.0,"max_hp_loss":6.0,"gold_gain":0.0,"event_name":"Golden Idol","player_choice":"Lose Max HP","floor":14.0,"gold_loss":0.0,"damage_taken":0.0,"relics_obtained":["Golden Idol"]},{"cards_removed":["Strike_R"],"damage_healed":0.0,"max_hp_gain":0.0,"max_hp_loss":0.0,"gold_gain":0.0,"event_name":"Bonfire Elementals","player_choice":"Offered Basic","floor":19.0,"gold_loss":0.0,"damage_taken":0.0},{"damage_healed":0,"gold_gain":0,"player_choice":"Ignored","damage_taken":0,"max_hp_gain":0,"max_hp_loss":0,"event_name":"The Moai Head","floor":36,"gold_loss":0},{"damage_healed":0,"gold_gain":0,"cards_transformed":["Strike_R"],"player_choice":"Transformed","damage_taken":0,"max_hp_gain":0,"max_hp_loss":0,"event_name":"Transmorgrifier","floor":39,"gold_loss":0,"cards_obtained":["Reckless Charge"]}],"is_beta":false,"boss_relics":[{"not_picked":["SacredBark","Fusion Hammer"],"picked":"Ectoplasm"},{"not_picked":["Cursed Key","Calling Bell"],"picked":"Black Blood"}],"items_purged_floors":[21],"is_endless":false,"potions_floor_spawned":[4,7,11,16,20,24,30,31,45],"killed_by":"Awakened One","ascension_level":5}}