{"host":"ue7jlgf7uv134an9","time":1608711073,"event":{"mods":["BaseMod","Better Third Choice","Defuse TimeMaze Blight","Minty Spire (QoL Compilation)","Quick Restart","Rare Cards Sparkle","Relic Stats","StSLib","UnlockEverythingMod"],"gold_per_floor":[109,109,109,132,162,205,217,254,266,17,42,57,82,99,99,177,177,187,197,197,87,87,87],"floor_reached":22,"playtime":611,"items_purged":["Strike_G"],"score":524,"play_id":"2c6b5393-8dea-49ff-acc5-82b5c1eaf582","local_time":"20201223031113","is_ascension_mode":true,"campfire_choices":[{"data":"Apotheosis","floor":7.0,"key":"SMITH"},{"floor":15.0,"key":"REST"}],"circlet_count":0,"master_deck":["AscendersBane","Strike_G","Strike_G","Strike_G","Defend_G+1","Defend_G","Defend_G","Defend_G","Defend_G","Survivor","Neutralize","Apotheosis+1","Dagger Spray","All Out Attack","Sucker Punch","Chrysalis","Backstab","Deflect","Flying Knee","Adrenaline","Predator+1","Necronomicurse"],"relics":["Ring of the Snake","NeowsBlessing","MawBank","Ice Cream","Ornamental Fan","StoneCalendar","Turnip","Tingsha","Fusion Hammer","Necronomicon"],"acts_visited":["Exordium","TheCity"],"potions_floor_usage":[],"damage_taken":[{"damage":0.0,"enemies":"Small Slimes","floor":1.0,"turns":1.0},{"damage":0.0,"enemies":"Jaw Worm","floor":5.0,"turns":1.0},{"damage":0.0,"enemies":"3 Sentries","floor":6.0,"turns":1.0},{"damage":4.0,"enemies":"Lagavulin","floor":8.0,"turns":7.0},{"damage":28.0,"enemies":"Gremlin Nob","floor":11.0,"turns":5.0},{"damage":0.0,"enemies":"Cultist","floor":12.0,"turns":3.0},{"damage":0.0,"enemies":"3 Sentries","floor":13.0,"turns":4.0},{"damage":0.0,"enemies":"Looter","floor":14.0,"turns":3.0},{"damage":24.0,"enemies":"Slime Boss","floor":16.0,"turns":7.0},{"damage":1.0,"enemies":"Shell Parasite","floor":18.0,"turns":6.0},{"damage":12.0,"enemies":"2 Thieves","floor":19.0,"turns":4.0},{"damage":29,"enemies":"Cultist and Chosen","floor":22,"turns":4}],"seed_played":"4552788809003845306","potions_obtained":[{"floor":1.0,"key":"Weak Potion"},{"floor":11.0,"key":"DistilledChaos"},{"floor":13.0,"key":"Strength Potion"},{"floor":16.0,"key":"LiquidBronze"},{"floor":18.0,"key":"Fruit Juice"}],"is_trial":false,"path_per_floor":["M","?","?","T","M","E","R","E","T","$","E","M","E","M","R","B",null,"M","M","?","?","M"],"character_chosen":"THE_SILENT","items_purchased":["Chrysalis"],"campfire_rested":1,"item_purchase_floors":[10],"current_hp_per_floor":[59,59,59,59,59,59,59,55,55,55,27,27,27,27,46,22,55,59,47,26,26,0,0],"gold":87,"neow_bonus":"THREE_ENEMY_KILL","is_daily":false,"chose_seed":false,"campfire_upgraded":1,"win_rate":0.0,"timestamp":1608711073,"path_taken":["M","?","?","?","M","E","R","E","T","$","E","M","E","?","R","BOSS","M","M","?","?","?"],"items_purchased_type":["Card"],"build_version":"2020-12-22","purchased_purges":1,"victory":false,"max_hp_per_floor":[66,66,66,66,66,66,66,66,66,66,66,66,66,66,66,66,66,71,71,71,71,71,71],"relic_stats":{"counters":[12,46],"Ornamental Fan":[52],"StoneCalendar":[59],"Tingsha":[18],"Turnip":[5],"Necronomicon":[1],"MawBank":72,"obtain_stats":[{"Ice Cream":6,"NeowsBlessing":0,"Ornamental Fan":8,"StoneCalendar":9,"Tingsha":13,"Turnip":11,"Fusion Hammer":17,"Necronomicon":20,"MawBank":4,"Ring of the Snake":0},{"Ice Cream":3,"NeowsBlessing":0,"Ornamental Fan":4,"StoneCalendar":4,"Tingsha":7,"Turnip":5,"Fusion Hammer":9,"Necronomicon":11,"MawBank":1,"Ring of the Snake":0},{"Ice Cream":3,"NeowsBlessing":0,"Ornamental Fan":10,"StoneCalendar":10,"Tingsha":22,"Turnip":15,"Fusion Hammer":32,"Necronomicon":42,"MawBank":1,"Ring of the Snake":0}],"Ring of the Snake":[24]},"card_choices":[{"not_picked":["Reflex","Riddle With Holes","Underhanded Strike"],"picked":"SKIP","floor":1.0},{"not_picked":["Blur","Underhanded Strike"],"picked":"Dagger Spray","floor":5.0},{"not_picked":["Heel Hook","Bane"],"picked":"All Out Attack","floor":6.0},{"not_picked":["Endless Agony","Underhanded Strike"],"picked":"Sucker Punch","floor":8.0},{"not_picked":["Unload","Underhanded Strike","Catalyst"],"picked":"SKIP","floor":11.0},{"not_picked":["Outmaneuver","Dodge and Roll"],"picked":"Backstab","floor":12.0},{"not_picked":["Slice","Underhanded Strike"],"picked":"Deflect","floor":13.0},{"not_picked":["Masterful Stab","Eviscerate"],"picked":"Flying Knee","floor":14.0},{"not_picked":["Storm of Steel","Night Terror"],"picked":"Adrenaline","floor":16.0},{"not_picked":["Quick Slash+1","Cloak And Dagger"],"picked":"Predator+1","floor":18.0},{"not_picked":["Backflip","Prepared","Accuracy"],"picked":"SKIP","floor":19.0}],"player_experience":42312,"relics_obtained":[{"floor":4.0,"key":"MawBank"},{"floor":6.0,"key":"Ice Cream"},{"floor":8.0,"key":"Ornamental Fan"},{"floor":9.0,"key":"StoneCalendar"},{"floor":11.0,"key":"Turnip"},{"floor":13.0,"key":"Tingsha"},{"floor":20.0,"key":"Necronomicon"}],"event_choices":[{"damage_healed":59.0,"max_hp_gain":0.0,"max_hp_loss":66.0,"gold_gain":0.0,"event_name":"betterThird:BetterShining","player_choice":"Embrace","floor":2.0,"gold_loss":0.0,"damage_taken":0.0},{"damage_healed":0.0,"max_hp_gain":0.0,"max_hp_loss":0.0,"gold_gain":0.0,"event_name":"The Cleric","player_choice":"Leave","floor":3.0,"gold_loss":0.0,"damage_taken":0.0},{"damage_healed":0.0,"max_hp_gain":0.0,"max_hp_loss":0.0,"gold_gain":0.0,"event_name":"Cursed Tome","player_choice":"Obtained Book","floor":20.0,"gold_loss":0.0,"damage_taken":21.0},{"cards_removed":["Strike_G"],"damage_healed":0.0,"max_hp_gain":0.0,"max_hp_loss":0.0,"gold_gain":0.0,"event_name":"Designer","player_choice":"Upgrade and Remove","floor":21.0,"gold_loss":110.0,"damage_taken":0.0,"cards_upgraded":["Defend_G"]}],"is_beta":false,"boss_relics":[{"not_picked":["WristBlade","Runic Dome"],"picked":"Fusion Hammer"}],"items_purged_floors":[10],"is_endless":false,"potions_floor_spawned":[1,11,12,13,16,18],"killed_by":"Cultist and Chosen","ascension_level":20}}