{"host":"8u40nq559zpgb6zp","time":1608758086,"event":{"mods":["Aspiration","Bard","BaseMod","Beaked The Cultist","Better Altar","Better Match","Better Note","Better Sensory Stone","Better Skull","Better Third Choice","BetterRewards","CCEM","Clawfect","Colored Map","Conspire","GifTheSpireLib","Googly Eyes","Halation","Hermit","Infinite Spire","Jedi Mod","Jorbs\u0027s Wanderer Trilogy","Mad Scientist","Marisa????????","Mimic Mod","Minty Spire (QoL Compilation)","Permanent Neow","Replay The Spire","Shade Mod","Shop Mod","Spicy Shops","StSLib","Stuff the Spire","The Administrix","The Blackbeard","The Bladedancer","The Construct","The Cursed","The Disciple","The Druid","The Gatherer","The Hierophant","The IronCluck","The Jungle","The Mystic","The Necromancer","The Problem Sleuth","The Runesmith","The Senshi","The Servant 0.9.4","The Witch"],"gold_per_floor":[116,116,41,41,51,51,70,99,153,153,0,19,96,108,108,213,213,223,223,223,0,14,14,34,48,73,73,85,120,139,155,155,255,255,270,270,287,301,319,319,349,349,683,683,683,694,705,722,722,722,722],"floor_reached":50,"playtime":7717,"items_purged":["Regret"],"score":573,"play_id":"6c2d8a6b-29a5-4112-85a3-397a6f51d013","local_time":"20201223161446","is_ascension_mode":false,"campfire_choices":[{"data":"Death_March_Dance","floor":6,"key":"SMITH"},{"data":"Cloudkill","floor":10,"key":"SMITH"},{"data":"Necrotic_Claws","floor":15,"key":"SMITH"},{"data":"Pandemic","floor":23,"key":"SMITH"},{"data":"Grasp_Heart","floor":27,"key":"SMITH"},{"floor":32,"key":"RECALL"},{"data":"Summon_Vampire_Lady","floor":40,"key":"SMITH"},{"floor":42,"key":"REST"},{"floor":49,"key":"REST"}],"circlet_count":0,"master_deck":["Strike_W","Strike_W","Strike_W","Defend_W","Defend_W","Defend_W","Defend_W","Negative_Energy_Arrows","Bone_Wall","Good Instincts","Whirlwind_of_Bones+1","Death_March_Dance+1","Negative_Energy_Burst","Cloudkill+1","Enlightenment+1","Necrotic_Claws+1","Summon_Vampire_Lady+1","Negative_Energy_Javelin+1","Pandemic+1","Negative_Energy_Shield","Thousand_Bone_Knives","Grasp_Heart+1","Thousand_Bone_Knives+1","Acid_Javelin+1","Finger_Of_Death","Death_March_Dance","Summon_Death_Knight+1","Negative_Energy_Javelin+1","Negative_Energy_Javelin","Summon_Lich+1","Bone_Armor","Summon_Vampire_Lady+1","Toxic_Smoke_Screen","infinitespire:NeuralNetwork+1","Summon_Undead_Army+1","Bone_Armory+1","Negative_Energy_Shield"],"relics":["Vampire_Amulet","halation:Trompette","Omamori","StuffTheSpire:RubySignet","aspiration:PoetsPen_weak","TwistedFunnel","Replay:Mystery Machine","Frozen Egg 2","construct:WeddingRing","Lantern","Old Coin","StoneCalendar"],"acts_visited":["Exordium","TheCity","TheBeyond"],"potions_floor_usage":[7,8,16,35,35,39,39,50],"damage_taken":[{"damage":0,"enemies":"2 Louse","floor":1,"turns":4},{"damage":1,"enemies":"Cultist","floor":5,"turns":5},{"damage":11,"enemies":"Jaw Worm","floor":7,"turns":8},{"damage":7,"enemies":"3 Sentries","floor":8,"turns":8},{"damage":9,"enemies":"Red Slaver","floor":12,"turns":5},{"damage":3,"enemies":"Looter","floor":14,"turns":4},{"damage":16,"enemies":"The Guardian","floor":16,"turns":11},{"damage":8,"enemies":"2 Thieves","floor":18,"turns":2},{"damage":0,"enemies":"3 Byrds","floor":22,"turns":2},{"damage":8,"enemies":"Centurion and Healer","floor":24,"turns":5},{"damage":13,"enemies":"Shelled Parasite and Fungi","floor":25,"turns":4},{"damage":0,"enemies":"3 Cultists","floor":28,"turns":3},{"damage":0,"enemies":"conspire:Head Lice","floor":29,"turns":5},{"damage":0,"enemies":"Centurion and Healer","floor":30,"turns":2},{"damage":9,"enemies":"Sentry and Sphere","floor":31,"turns":3},{"damage":58,"enemies":"Collector","floor":33,"turns":8},{"damage":5,"enemies":"3 Darklings","floor":35,"turns":4},{"damage":2,"enemies":"Orb Walker","floor":37,"turns":2},{"damage":1,"enemies":"3 Darklings","floor":38,"turns":3},{"damage":41,"enemies":"Writhing Mass","floor":39,"turns":6},{"damage":61,"enemies":"Giant Head","floor":41,"turns":8},{"damage":3,"enemies":"Transient","floor":43,"turns":8},{"damage":12,"enemies":"Transient","floor":46,"turns":5},{"damage":16,"enemies":"3 Darklings","floor":47,"turns":5},{"damage":23,"enemies":"Writhing Mass","floor":48,"turns":4},{"damage":88,"enemies":"Replay:Hell Engine","floor":50,"turns":7}],"seed_played":"-4579233435648199581","potions_obtained":[{"floor":5,"key":"SkillPotion"},{"floor":7,"key":"Adrenaline Potion"},{"floor":12,"key":"Block Potion"},{"floor":22,"key":"SteroidPotion"},{"floor":25,"key":"BlessingOfTheForge"},{"floor":30,"key":"infinitespire:BlackPotion"},{"floor":37,"key":"Languid Potion"},{"floor":41,"key":"construct:ShiftPotion"},{"floor":48,"key":"GamblersBrew"}],"is_trial":false,"path_per_floor":["M","?","$","?","M","R","M","E","T","R","?","M","T","M","R","B",null,"M","?","?","?","M","R","M","M","T","R","M","E","M","M","R","B",null,"M","?","M","M","M","R","E","R","MIM","AVR","?","M","M","M","R","B"],"character_chosen":"NECROMANCER","items_purchased":[],"campfire_rested":2,"item_purchase_floors":[],"current_hp_per_floor":[75,75,75,75,75,75,72,71,71,71,77,70,70,69,69,55,81,75,75,75,75,81,81,77,73,73,73,79,81,81,74,74,24,81,78,78,78,79,42,42,4,28,42,42,50,55,41,25,49,0,0],"gold":722,"neow_bonus":"RANDOM_COLORLESS","is_daily":false,"chose_seed":false,"campfire_upgraded":6,"win_rate":0.0,"timestamp":1608758086,"path_taken":["M","?","$","?","?","R","M","E","T","R","?","M","?","M","R","BOSS","M","?","?","?","M","R","?","M","T","R","M","E","M","M","R","BOSS","M","?","?","M","M","R","E","R","MIM","AVR","?","M","M","M","R","BOSS"],"items_purchased_type":[],"build_version":"2020-12-22","purchased_purges":1,"victory":false,"max_hp_per_floor":[75,75,75,75,75,75,75,75,75,75,81,81,81,81,81,81,81,81,81,81,81,81,81,81,81,81,81,81,81,81,81,81,81,81,81,81,81,81,81,81,81,81,81,81,81,81,81,81,81,81,81],"card_choices":[{"not_picked":["Purity","Replay:Sssssssssshield"],"picked":"Good Instincts","floor":0},{"not_picked":["Bones_to_Steel","Violent_Necrosis"],"picked":"Whirlwind_of_Bones","floor":1},{"not_picked":["Scare","Blood_Whip"],"picked":"Death_March_Dance","floor":5},{"not_picked":["Vampiric_Strike","Finger_Of_Death"],"picked":"Negative_Energy_Burst","floor":7},{"not_picked":["Spectral_Armor","Finger_Of_Death"],"picked":"Cloudkill","floor":8},{"not_picked":["Shackles_Of_Pain","Siphon_Strength"],"picked":"Necrotic_Claws","floor":12},{"not_picked":["Necromantic_Selection","Blood_Whip","Vampiric_Strike"],"picked":"SKIP","floor":14},{"not_picked":["Requiem","Summon_Death_Knight"],"picked":"Summon_Vampire_Lady","floor":16},{"not_picked":["Consume_Illness+1","Chill_Blood+1"],"picked":"Negative_Energy_Javelin+1","floor":18},{"not_picked":["Spectral_Walk","Blood_Curse"],"picked":"Negative_Energy_Shield","floor":22},{"not_picked":["Bone_Spikes","Siphon_Strength+1"],"picked":"Thousand_Bone_Knives","floor":24},{"not_picked":["Blood_Curse","Bones_to_Steel"],"picked":"Grasp_Heart","floor":25},{"not_picked":["Flesh_Made_Foul+1","Finger_Of_Death"],"picked":"Thousand_Bone_Knives+1","floor":28},{"not_picked":["Finger_Of_Death","Scare"],"picked":"Acid_Javelin+1","floor":29},{"not_picked":["Negative_Energy_Mist+1","Blood_Curse"],"picked":"Finger_Of_Death","floor":30},{"not_picked":["Bones_to_Steel+1","Whirlwind_of_Bones+1"],"picked":"Death_March_Dance","floor":31},{"not_picked":["Requiem","Summon_Vampire_Lady+1"],"picked":"Summon_Death_Knight+1","floor":33},{"not_picked":["Thousand_Bone_Knives+1","Vampiric_Strike"],"picked":"Negative_Energy_Javelin+1","floor":35},{"not_picked":["Finger_Of_Death+1","Shackles_Of_Pain"],"picked":"Negative_Energy_Javelin","floor":37},{"not_picked":["Bones_to_Steel+1","Bone_Shift"],"picked":"Summon_Lich+1","floor":38},{"not_picked":["Death_March_Dance+1","Bone_Spikes+1"],"picked":"Bone_Armor","floor":39},{"not_picked":["Blood_for_Blood+1","Stop_Heart+1"],"picked":"Summon_Vampire_Lady+1","floor":41},{"not_picked":["Vampiric_Strike+1","Negative_Energy_Sphere"],"picked":"Toxic_Smoke_Screen","floor":43},{"not_picked":["Finger_Of_Death+1","Bones_to_Steel+1"],"picked":"Summon_Undead_Army+1","floor":46},{"not_picked":["Death_Knell","Spectral_Armor"],"picked":"Bone_Armory+1","floor":47},{"not_picked":["Finger_Of_Death","Negative_Energy_Mist+1"],"picked":"Negative_Energy_Shield","floor":48}],"player_experience":940869,"relics_obtained":[{"floor":8,"key":"Omamori"},{"floor":13,"key":"StuffTheSpire:RubySignet"},{"floor":26,"key":"Replay:Mystery Machine"},{"floor":29,"key":"Frozen Egg 2"},{"floor":41,"key":"Lantern"},{"floor":43,"key":"Old Coin"}],"event_choices":[{"damage_healed":0,"gold_gain":0,"player_choice":"Box","damage_taken":0,"relics_obtained":["halation:Trompette"],"max_hp_gain":0,"max_hp_loss":0,"event_name":"Big Fish","floor":2,"gold_loss":0,"cards_obtained":["Regret"]},{"damage_healed":0,"gold_gain":0,"player_choice":"Upgraded","damage_taken":0,"max_hp_gain":0,"max_hp_loss":0,"event_name":"Upgrade Shrine","floor":4,"gold_loss":0,"cards_upgraded":["Whirlwind_of_Bones"]},{"damage_healed":0,"gold_gain":0,"player_choice":"RENOUNCE","damage_taken":153,"max_hp_gain":0,"max_hp_loss":0,"event_name":"betterThird:BetterSerpent","floor":11,"gold_loss":153,"cards_obtained":["Enlightenment"]},{"damage_healed":0,"gold_gain":0,"cards_transformed":["Strike_W"],"player_choice":"Transformed","damage_taken":0,"max_hp_gain":0,"max_hp_loss":0,"event_name":"Transmorgrifier","floor":19,"gold_loss":0,"cards_obtained":["Pandemic"]},{"damage_healed":0,"gold_gain":0,"player_choice":"Forge","damage_taken":0,"max_hp_gain":0,"max_hp_loss":0,"event_name":"Accursed Blacksmith","floor":20,"gold_loss":0,"cards_upgraded":["Enlightenment"]},{"cards_removed":["Strike_W"],"damage_healed":0,"gold_gain":0,"player_choice":"Give","damage_taken":0,"max_hp_gain":0,"max_hp_loss":0,"event_name":"betterNote:BetterNote","floor":36,"gold_loss":0,"cards_obtained":["Strike_W"]}],"is_beta":false,"boss_relics":[{"not_picked":["aspiration:MobileForge","beaked:MawFillet"],"picked":"aspiration:PoetsPen_weak"},{"not_picked":["Sozu","ReplayTheSpireMod:Onyx Gauntlets"],"picked":"construct:WeddingRing"}],"items_purged_floors":[3],"is_endless":false,"potions_floor_spawned":[5,7,12,22,25,30,37,41,48],"killed_by":"Replay:Hell Engine","ascension_level":0}}