{"host":"fjaupvxe7fzqrf4j","time":1608730683,"event":{"mods":["BaseMod","Minty Spire (QoL Compilation)","StSLib"],"gold_per_floor":[114,125,137,137,137,137,171,171,171,204,224,224,224],"floor_reached":12,"playtime":324,"items_purged":[],"score":154,"play_id":"3422e292-060f-4dad-9b8e-f2589770336d","local_time":"20201223213803","is_ascension_mode":true,"campfire_choices":[{"data":"Inflame","floor":6,"key":"SMITH"},{"floor":8,"key":"REST"}],"circlet_count":0,"master_deck":["AscendersBane","Strike_R","Strike_R","Strike_R","Defend_R","Defend_R","Defend_R","Bash","Inflame+1","Offering","Hemokinesis","Bloodletting","Shockwave"],"relics":["Empty Cage","Pantograph","Eternal Feather","Potion Belt"],"acts_visited":["Exordium"],"potions_floor_usage":[7,12],"damage_taken":[{"damage":1.0,"enemies":"Cultist","floor":1.0,"turns":3.0},{"damage":8.0,"enemies":"Jaw Worm","floor":2.0,"turns":4.0},{"damage":6.0,"enemies":"Small Slimes","floor":3.0,"turns":4.0},{"damage":22,"enemies":"Gremlin Nob","floor":7,"turns":3},{"damage":32,"enemies":"Lagavulin","floor":10,"turns":4},{"damage":15,"enemies":"3 Louse","floor":11,"turns":2},{"damage":6,"enemies":"Gremlin Nob","floor":12,"turns":1}],"seed_played":"8490694480764757288","potions_obtained":[{"floor":2.0,"key":"AttackPotion"},{"floor":3.0,"key":"DuplicationPotion"},{"floor":11,"key":"Swift Potion"}],"is_trial":false,"path_per_floor":["M","M","M","?","?","R","E","R","T","E","M","E"],"character_chosen":"IRONCLAD","items_purchased":[],"campfire_rested":1,"item_purchase_floors":[],"current_hp_per_floor":[67,59,53,53,53,53,31,53,53,21,6,0,0],"gold":224,"neow_bonus":"BOSS_RELIC","is_daily":false,"chose_seed":false,"campfire_upgraded":1,"win_rate":0.0,"timestamp":1608730683,"path_taken":["M","M","M","?","?","R","E","R","T","E","?","E"],"items_purchased_type":[],"build_version":"2020-12-22","purchased_purges":0,"victory":false,"max_hp_per_floor":[75,75,75,75,75,75,75,75,75,75,75,75,75],"card_choices":[{"not_picked":["Perfected Strike","Cleave","Headbutt"],"picked":"SKIP","floor":1.0},{"not_picked":["Wild Strike","Iron Wave"],"picked":"Inflame","floor":2.0},{"not_picked":["Havoc","Sword Boomerang"],"picked":"Offering","floor":3.0},{"not_picked":["Flex","Clothesline"],"picked":"Hemokinesis","floor":7},{"not_picked":["Cleave","Fiend Fire"],"picked":"Bloodletting","floor":10},{"not_picked":["Blood for Blood","Dual Wield"],"picked":"Shockwave","floor":11}],"player_experience":255371,"relics_obtained":[{"floor":7,"key":"Pantograph"},{"floor":9,"key":"Eternal Feather"},{"floor":10,"key":"Potion Belt"}],"event_choices":[{"cards_removed":["Strike_R"],"damage_healed":0,"gold_gain":0,"player_choice":"Forget","damage_taken":0,"max_hp_gain":0,"max_hp_loss":0,"event_name":"Living Wall","floor":4,"gold_loss":0},{"damage_healed":0,"gold_gain":0,"player_choice":"Leave","damage_taken":0,"max_hp_gain":0,"max_hp_loss":0,"event_name":"The Cleric","floor":5,"gold_loss":0}],"is_beta":false,"boss_relics":[],"items_purged_floors":[],"is_endless":false,"potions_floor_spawned":[2,3,11],"killed_by":"Gremlin Nob","ascension_level":15}}