{"host":"pi8b3ffzwvxqztac","time":1608718433,"event":{"mods":["BaseMod","Colored Map","Downfall","Minty Spire (QoL Compilation)","StSLib"],"gold_per_floor":[99,110,110,19,37,62,62,78,3,20,20,39,39,53,72,150,150,75,88,103,103,60,60,137,137,156,169,180,199,231,81,81,81,81],"floor_reached":32,"playtime":2481,"items_purged":[],"score":532,"play_id":"b73b8760-d455-4d21-9745-ce235e5e9cf6","local_time":"20201223231353","is_ascension_mode":true,"campfire_choices":[{"floor":1,"key":"RECALL"},{"data":"Guardian:TwinSlam","floor":9,"key":"SMITH"},{"floor":13,"key":"REST"},{"data":"Guardian:PiercingHide","floor":18,"key":"SMITH"},{"data":"Guardian:ExploitGems","floor":23,"key":"SMITH"},{"floor":25,"key":"REST"}],"circlet_count":0,"master_deck":["AscendersBane","Guardian:Strike_Guardian","Guardian:Strike_Guardian","Guardian:Strike_Guardian","Guardian:Defend_Guardian","Guardian:Defend_Guardian","Guardian:Defend_Guardian","Guardian:Defend_Guardian","Guardian:CurlUp","Guardian:TwinSlam+1","Guardian:Recover","Guardian:ArmoredProtocol","Guardian:Reroute","Guardian:Repulse","Guardian:ExploitGems+1","Guardian:PiercingHide+1","Guardian:ShieldSpikes","Guardian:Gem_White","Guardian:DecasProtection","Guardian:BronzeArmor","Guardian:PiercingHide+1","Ghostly+1"],"relics":["Guardian:ModeShifter","Juzu Bracelet","downfall:HeartBlessingRed","Sozu","downfall:HeartBlessingBlue","Sundial","Toxic Egg 2"],"acts_visited":["Exordium","TheCity"],"potions_floor_usage":[10,16],"damage_taken":[{"damage":0,"enemies":"Cultist","floor":2,"turns":3},{"damage":0,"enemies":"downfall:FleeingMerchant","floor":4,"turns":4},{"damage":0,"enemies":"Small Slimes","floor":5,"turns":4},{"damage":25,"enemies":"3 Sentries","floor":6,"turns":12},{"damage":3,"enemies":"Jaw Worm","floor":8,"turns":4},{"damage":8,"enemies":"Large Slime","floor":10,"turns":7},{"damage":1,"enemies":"Exordium Wildlife","floor":12,"turns":5},{"damage":2,"enemies":"Lots of Slimes","floor":14,"turns":4},{"damage":1,"enemies":"Red Slaver","floor":15,"turns":4},{"damage":40,"enemies":"downfall:Ironclad","floor":16,"turns":10},{"damage":2,"enemies":"Spheric Guardian","floor":19,"turns":5},{"damage":11,"enemies":"Shell Parasite","floor":20,"turns":7},{"damage":0,"enemies":"downfall:FleeingMerchant","floor":22,"turns":4},{"damage":0,"enemies":"Centurion and Healer","floor":26,"turns":12},{"damage":9,"enemies":"Snake Plant","floor":27,"turns":5},{"damage":1,"enemies":"Sentry and Sphere","floor":28,"turns":8},{"damage":22,"enemies":"Cultist and Chosen","floor":29,"turns":7},{"damage":70,"enemies":"Gremlin Leader","floor":30,"turns":14},{"damage":19,"enemies":"Chosen and Byrds","floor":32,"turns":6}],"seed_played":"-2600240980792804862","potions_obtained":[{"floor":5,"key":"FairyPotion"},{"floor":8,"key":"SteroidPotion"},{"floor":15,"key":"hexamod:EctoCoolerPotion"}],"is_trial":false,"path_per_floor":["R","M","?","$","M","E","T","M","R","M","?","M","R","M","M","B",null,"R","M","M","?","$","R","T","R","M","M","M","M","E","?","M"],"character_chosen":"GUARDIAN","items_purchased":["Guardian:ArmoredProtocol","Guardian:Gem_Cyan"],"campfire_rested":2,"item_purchase_floors":[4,22],"current_hp_per_floor":[72,72,72,72,72,47,47,44,44,36,36,35,58,56,55,15,63,73,71,60,60,60,60,60,86,86,77,76,54,15,15,0,0,0],"gold":81,"neow_bonus":"TEN_PERCENT_HP_BONUS","is_daily":false,"chose_seed":false,"campfire_upgraded":3,"win_rate":0.0,"timestamp":1608718433,"path_taken":["R","M","?","$","?","E","T","M","R","M","?","M","R","M","M","BOSS","R","M","M","?","$","R","T","R","M","M","M","M","E","?","M"],"items_purchased_type":["Card","Card"],"build_version":"2020-12-22","purchased_purges":0,"victory":false,"max_hp_per_floor":[79,79,79,79,79,79,79,79,79,79,79,79,79,79,79,79,79,89,89,89,89,89,89,89,89,89,89,89,89,89,89,89,89,89],"card_choices":[{"not_picked":["Guardian:Suspension","Guardian:Incinerate"],"picked":"Guardian:Recover","floor":2},{"not_picked":["Guardian:RollAttack","Guardian:Recover","Guardian:CrystalBeam"],"picked":"SKIP","floor":4},{"not_picked":["Guardian:Gem_Green","Guardian:Recover"],"picked":"Guardian:Reroute","floor":5},{"not_picked":["Guardian:Gem_Red","Guardian:PrimingBeam","Guardian:CrystalBeam"],"picked":"SKIP","floor":6},{"not_picked":["Guardian:RollAttack","Guardian:ShieldCharger"],"picked":"Guardian:Repulse","floor":8},{"not_picked":["Guardian:Gem_Lightblue","Guardian:WalkerClaw"],"picked":"Guardian:Gem_Fragmented","floor":10},{"not_picked":["Guardian:TemporalShield","Guardian:DonusPower"],"picked":"Guardian:Gem_Cyan","floor":12},{"not_picked":["Guardian:Gem_Red","Guardian:VentSteam"],"picked":"Guardian:ExploitGems","floor":14},{"not_picked":["Guardian:TimeBomb","Guardian:RollAttack"],"picked":"Guardian:PiercingHide","floor":15},{"not_picked":["Guardian:BaubleBeam","Guardian:FastForward"],"picked":"Guardian:Gem_Synthetic","floor":16},{"not_picked":["Guardian:ChargeCore","Guardian:Repulse"],"picked":"Guardian:ShieldSpikes","floor":19},{"not_picked":["Guardian:Reroute","Guardian:RefractedBeam"],"picked":"Guardian:Gem_Green","floor":20},{"not_picked":["Guardian:Suspension","Guardian:ShieldCharger"],"picked":"Guardian:Gem_Lightblue","floor":22},{"not_picked":["Guardian:Incinerate","Guardian:Gem_Cyan"],"picked":"Guardian:Gem_White","floor":26},{"not_picked":["Guardian:DonusPower","Guardian:TimeBomb"],"picked":"Guardian:DecasProtection","floor":27},{"not_picked":["Guardian:Clone","Guardian:TemporalStrike"],"picked":"Guardian:BronzeArmor","floor":28},{"not_picked":["Guardian:PrimingBeam","Guardian:RollAttack","Guardian:Gem_Lightblue"],"picked":"SKIP","floor":29},{"not_picked":["Guardian:VentSteam+1","Guardian:Gem_Fragmented"],"picked":"Guardian:PiercingHide+1","floor":30}],"player_experience":425996,"relics_obtained":[{"floor":6,"key":"Juzu Bracelet"},{"floor":24,"key":"Sundial"},{"floor":30,"key":"Toxic Egg 2"}],"event_choices":[],"is_beta":false,"boss_relics":[{"not_picked":["Snecko Eye","Fusion Hammer"],"picked":"Sozu"}],"items_purged_floors":[],"is_endless":false,"potions_floor_spawned":[5,8,15,26,27,28],"killed_by":"Chosen and Byrds","ascension_level":20}}