{"host":"30jsp143e4v19aze","time":1608728987,"event":{"mods":["BaseMod","Colored Map","Colored Powertips","Curses Come First","DeckTracker","Highlight Path","Minty Spire (QoL Compilation)","Quick Restart","Relic Stats","StSLib"],"gold_per_floor":[114,114,114,289,239,239,273,273,352,369,403,678,695,712,712,712,712],"floor_reached":16,"playtime":376,"items_purged":[],"score":130,"play_id":"8ff9da20-3152-4030-8534-74a6d03b2e9f","local_time":"20201223140947","is_ascension_mode":true,"campfire_choices":[{"data":"Streamline","floor":6,"key":"SMITH"},{"floor":8,"key":"REST"},{"data":"Darkness","floor":15,"key":"SMITH"}],"circlet_count":0,"master_deck":["Strike_B+1","Strike_B","Strike_B","Strike_B+1","Defend_B","Defend_B","Defend_B","Zap","Dualcast+1","Streamline+1","Compile Driver","Sweeping Beam","Multi-Cast","Regret","Darkness+1","Tempest"],"relics":["Cracked Core","Art of War","Mercury Hourglass","Vajra"],"acts_visited":["Exordium"],"potions_floor_usage":[14,16],"damage_taken":[{"damage":2,"enemies":"2 Louse","floor":1,"turns":2},{"damage":35,"enemies":"3 Sentries","floor":7,"turns":5},{"damage":0,"enemies":"Small Slimes","floor":10,"turns":2},{"damage":8,"enemies":"Gremlin Nob","floor":11,"turns":3},{"damage":6,"enemies":"Cultist","floor":13,"turns":3},{"damage":5,"enemies":"3 Louse","floor":14,"turns":2},{"damage":24,"enemies":"The Guardian","floor":16,"turns":5}],"seed_played":"7601963231283346141","potions_obtained":[{"floor":11,"key":"LiquidMemories"},{"floor":13,"key":"Block Potion"}],"is_trial":false,"path_per_floor":["M","?","?","?","?","R","E","R","T","M","E","?","M","M","R","B"],"character_chosen":"DEFECT","items_purchased":[],"campfire_rested":1,"item_purchase_floors":[],"current_hp_per_floor":[73,73,58,58,58,58,23,45,45,45,37,37,31,26,26,2,2],"gold":712,"neow_bonus":"UPGRADE_CARD","is_daily":false,"chose_seed":false,"campfire_upgraded":2,"win_rate":0.0,"timestamp":1608728987,"path_taken":["M","?","?","?","?","R","E","R","T","M","E","?","?","M","R","BOSS"],"items_purchased_type":[],"build_version":"2020-12-22","purchased_purges":0,"victory":false,"max_hp_per_floor":[75,75,75,75,75,75,75,75,75,75,75,75,75,75,75,75,75],"relic_stats":{"counters":[7,21],"Art of War":[1],"obtain_stats":[{"Vajra":11,"Art of War":7,"Cracked Core":0,"Mercury Hourglass":9},{"Vajra":4,"Art of War":2,"Cracked Core":0,"Mercury Hourglass":2},{"Vajra":12,"Art of War":7,"Cracked Core":0,"Mercury Hourglass":7}],"Mercury Hourglass":[56]},"card_choices":[{"not_picked":["Steam","Hologram","Beam Cell"],"picked":"SKIP","floor":1},{"not_picked":["Steam","Hologram","Beam Cell"],"picked":"SKIP","floor":1},{"not_picked":["Stack","FTL"],"picked":"Compile Driver","floor":7},{"not_picked":["Turbo","Redo"],"picked":"Sweeping Beam","floor":10},{"not_picked":["Coolheaded","Gash"],"picked":"Multi-Cast","floor":11},{"not_picked":["Streamline","Beam Cell"],"picked":"Darkness","floor":13},{"not_picked":["Steam Power","Streamline"],"picked":"Tempest","floor":14}],"player_experience":3086961,"relics_obtained":[{"floor":7,"key":"Art of War"},{"floor":9,"key":"Mercury Hourglass"},{"floor":11,"key":"Vajra"}],"event_choices":[{"damage_healed":0,"gold_gain":0,"cards_transformed":["Defend_B"],"player_choice":"Change","damage_taken":0,"max_hp_gain":0,"max_hp_loss":0,"event_name":"Living Wall","floor":2,"gold_loss":0,"cards_obtained":["Streamline"]},{"damage_healed":0,"gold_gain":0,"player_choice":"Entered Light","damage_taken":15,"max_hp_gain":0,"max_hp_loss":0,"event_name":"Shining Light","floor":3,"gold_loss":0,"cards_upgraded":["Strike_B","Strike_B"]},{"damage_healed":0,"gold_gain":175,"player_choice":"AGREE","damage_taken":0,"max_hp_gain":0,"max_hp_loss":0,"event_name":"Liars Game","floor":4,"gold_loss":0,"cards_obtained":["Doubt"]},{"cards_removed":["Doubt"],"damage_healed":0,"gold_gain":0,"player_choice":"Card Removal","damage_taken":0,"max_hp_gain":0,"max_hp_loss":0,"event_name":"The Cleric","floor":5,"gold_loss":50},{"damage_healed":0,"gold_gain":275,"player_choice":"Desecrate","damage_taken":0,"max_hp_gain":0,"max_hp_loss":0,"event_name":"Golden Shrine","floor":12,"gold_loss":0,"cards_obtained":["Regret"]}],"is_beta":false,"boss_relics":[],"items_purged_floors":[],"is_endless":false,"potions_floor_spawned":[11,13],"killed_by":"The Guardian","ascension_level":4}}