{"host":"d8hh7rr4yzitjeuj","time":1608693449,"event":{"mods":["2.2 Compatiblity","AchievementEnabler","BaseMod","CapriCore","Colored Map","Colored Powertips","Highlight Path","Keyboard Shortcuts","Marisa£¨Ùöéë¡¡Øª×âÞÞ£©","Minty Spire (QoL Compilation)","Permanent Neow","Quick Restart","StSLib","SuperFastMode"],"gold_per_floor":[119,146,162,196,230,259,259,294,294,338,31,112,112,77,77,206,206,248,273,198,108,136,136,136],"floor_reached":23,"playtime":1117,"items_purged":[],"score":389,"play_id":"b4c25032-2bc6-4e0b-af40-73280afde037","local_time":"20201223121729","is_ascension_mode":true,"campfire_choices":[{"data":"JA","floor":7.0,"key":"SMITH"},{"floor":13.0,"key":"REST"},{"data":"1","floor":15.0,"key":"LIFT"}],"circlet_count":0,"master_deck":["Strike_MRS","Defend_MRS","Defend_MRS","Defend_MRS","Defend_MRS","MasterSpark","UpSweep","ChargeUpSpray","WitchOfGreed","DoubleSpark","SporeBomb","DoubleSpark","Singularity","JA+1","PowerUp","Occultation","MaximisePower","Acceleration+1","PowerUp","UnstableBomb+1"],"relics":["MiniHakkero","Blue Candle","StoneCalendar","CeramicFish","AmplifyWand","Girya","Sozu"],"acts_visited":["Exordium","TheCity"],"potions_floor_usage":[19,22],"damage_taken":[{"damage":1.0,"enemies":"Cultist","floor":1.0,"turns":3.0},{"damage":1.0,"enemies":"Small Slimes","floor":2.0,"turns":4.0},{"damage":0.0,"enemies":"2 Louse","floor":3.0,"turns":2.0},{"damage":10.0,"enemies":"Exordium Thugs","floor":4.0,"turns":4.0},{"damage":1.0,"enemies":"2 Fungi Beasts","floor":5.0,"turns":4.0},{"damage":0.0,"enemies":"Gremlin Nob","floor":6.0,"turns":2.0},{"damage":25.0,"enemies":"3 Louse","floor":8.0,"turns":3.0},{"damage":14.0,"enemies":"Lagavulin","floor":10.0,"turns":5.0},{"damage":10.0,"enemies":"3 Sentries","floor":12.0,"turns":6.0},{"damage":0.0,"enemies":"Slime Boss","floor":16.0,"turns":5.0},{"damage":22.0,"enemies":"Shell Parasite","floor":18.0,"turns":5.0},{"damage":8,"enemies":"2 Thieves","floor":19,"turns":2},{"damage":31,"enemies":"Shelled Parasite and Fungi","floor":22,"turns":4},{"damage":8,"enemies":"Slavers","floor":23,"turns":1}],"seed_played":"7677247485737740590","potions_obtained":[{"floor":2.0,"key":"EssenceOfSteel"},{"floor":2.0,"key":"GamblersBrew"},{"floor":4.0,"key":"Swift Potion"},{"floor":5.0,"key":"AttackPotion"},{"floor":5.0,"key":"PowerPotion"},{"floor":6.0,"key":"BlessingOfTheForge"},{"floor":10.0,"key":"BottledSpark"},{"floor":10.0,"key":"DuplicationPotion"},{"floor":12.0,"key":"Explosive Potion"}],"is_trial":false,"path_per_floor":["M","M","M","M","M","E","R","M","T","E","$","?","R","?","R","B",null,"M","M","?","?","M","E"],"character_chosen":"MARISA","items_purchased":["AmplifyWand","PowerUp"],"campfire_rested":1,"item_purchase_floors":[11,11],"current_hp_per_floor":[67,66,66,56,55,55,55,30,30,16,16,6,28,46,46,46,68,46,38,38,38,7,0,0],"gold":136,"neow_bonus":"TRANSFORM_CARD","is_daily":false,"chose_seed":false,"campfire_upgraded":1,"win_rate":0.0,"timestamp":1608693449,"path_taken":["M","M","M","M","M","E","R","M","T","E","?","?","R","?","R","BOSS","M","M","?","?","?","E"],"items_purchased_type":["Relic","Card"],"build_version":"2020-12-13","purchased_purges":0,"victory":false,"max_hp_per_floor":[75,75,75,75,75,75,75,75,75,75,75,75,75,75,75,75,75,75,75,75,75,75,75,75],"card_choices":[{"not_picked":["MysteriousBeam","WitchLeyline"],"picked":"WitchOfGreed","floor":1.0},{"not_picked":["MysteriousBeam","WitchOfGreed"],"picked":"DoubleSpark","floor":2.0},{"not_picked":["StarlightTyphoon","Acceleration"],"picked":"SporeBomb","floor":3.0},{"not_picked":["Singularity","IllusionStar"],"picked":"DoubleSpark","floor":4.0},{"not_picked":["Acceleration","GravityBeat"],"picked":"Singularity","floor":5.0},{"not_picked":["Orbital","EarthLightRay"],"picked":"JA","floor":6.0},{"not_picked":["OneTimeOff","GrandCross","ManaConvection"],"picked":"SKIP","floor":8.0},{"not_picked":["DoubleSpark","6A","ManaConvection"],"picked":"SKIP","floor":10.0},{"not_picked":["IllusionStar","PowerUp"],"picked":"Occultation","floor":12.0},{"not_picked":["JA","SuperNova"],"picked":"MaximisePower","floor":16.0},{"not_picked":["MysteriousBeam+1","GravityBeat"],"picked":"Acceleration","floor":18},{"not_picked":["DeepEcoloBomb","DC+1"],"picked":"PowerUp","floor":19},{"not_picked":["OrrerysSun","DoubleSpark"],"picked":"UnstableBomb+1","floor":22}],"player_experience":1430068,"relics_obtained":[{"floor":6.0,"key":"Blue Candle"},{"floor":9.0,"key":"StoneCalendar"},{"floor":10.0,"key":"CeramicFish"}],"event_choices":[{"damage_healed":0.0,"max_hp_gain":0.0,"max_hp_loss":0.0,"gold_gain":0.0,"event_name":"Dead Adventurer","player_choice":"Searched \u00272\u0027 times","floor":12.0,"gold_loss":0.0,"damage_taken":0.0,"relics_obtained":["Girya"]},{"damage_healed":18.0,"max_hp_gain":0.0,"max_hp_loss":0.0,"gold_gain":0.0,"event_name":"The Cleric","player_choice":"Healed","floor":14.0,"gold_loss":35.0,"damage_taken":0.0},{"cards_removed":["Strike_MRS"],"damage_healed":0,"gold_gain":0,"player_choice":"Gave Gold","damage_taken":0,"max_hp_gain":0,"max_hp_loss":0,"event_name":"Beggar","floor":20,"gold_loss":75},{"cards_removed":["Strike_MRS"],"damage_healed":0,"gold_gain":0,"player_choice":"Upgrade and Remove","damage_taken":0,"max_hp_gain":0,"max_hp_loss":0,"event_name":"Designer","floor":21,"gold_loss":90,"cards_upgraded":["Acceleration"]}],"is_beta":false,"boss_relics":[{"not_picked":["Fusion Hammer","Ectoplasm"],"picked":"Sozu"}],"items_purged_floors":[],"is_endless":false,"potions_floor_spawned":[2,5,6,10,12,18,22],"killed_by":"Slavers","ascension_level":8}}