{"host":"Ian","time":1608740188,"event":{"mods":["BaseMod","Bestiary","Block Reminder","Colored Map","Highlight Path","Key Reminder","Minty Spire (QoL Compilation)","Relic Stats"],"gold_per_floor":[168,93,113,133,145,179,179,179,206,11,26,38,38,50,50,127,127,145,20,31,31,50,50,85,85,108,119,82,112,112,125,125,125,125],"floor_reached":33,"playtime":1563,"items_purged":["Bash","Pain","Strike_R"],"score":628,"play_id":"0dc4561b-5896-4edb-b6dc-f1cebd741373","local_time":"20201223161628","is_ascension_mode":true,"campfire_choices":[{"data":"Uppercut","floor":8.0,"key":"SMITH"},{"floor":13.0,"key":"REST"},{"floor":15.0,"key":"REST"},{"floor":23.0,"key":"REST"},{"floor":30,"key":"REST"},{"floor":32,"key":"REST"}],"circlet_count":0,"master_deck":["AscendersBane","Strike_R","Defend_R","Defend_R+1","Defend_R","Defend_R","Pommel Strike","Uppercut+1","Rampage","Feel No Pain","Burning Pact","Metallicize","Combust","Armaments","Feed","Double Tap","Double Tap+1","Double Tap+1","Fiend Fire+1","Cleave","Disarm","Battle Trance"],"relics":["Tiny House","Strawberry","keyreminder:keyreminder","WarpedTongs","Potion Belt","Astrolabe","Lantern","Pen Nib","Bottled Flame"],"acts_visited":["Exordium","TheCity"],"potions_floor_usage":[27,29],"damage_taken":[{"damage":1.0,"enemies":"Small Slimes","floor":1.0,"turns":3.0},{"damage":4.0,"enemies":"Cultist","floor":3.0,"turns":3.0},{"damage":0.0,"enemies":"2 Louse","floor":4.0,"turns":2.0},{"damage":4.0,"enemies":"Blue Slaver","floor":5.0,"turns":5.0},{"damage":40.0,"enemies":"Lagavulin","floor":6.0,"turns":10.0},{"damage":11.0,"enemies":"Large Slime","floor":11.0,"turns":6.0},{"damage":7.0,"enemies":"2 Fungi Beasts","floor":12.0,"turns":4.0},{"damage":5.0,"enemies":"3 Louse","floor":14.0,"turns":4.0},{"damage":11.0,"enemies":"The Guardian","floor":16.0,"turns":14.0},{"damage":22.0,"enemies":"3 Byrds","floor":18.0,"turns":3.0},{"damage":21.0,"enemies":"Spheric Guardian","floor":20.0,"turns":5.0},{"damage":29.0,"enemies":"Cultist and Chosen","floor":22.0,"turns":6.0},{"damage":6.0,"enemies":"Gremlin Leader","floor":24.0,"turns":5.0},{"damage":1,"enemies":"Snake Plant","floor":27,"turns":3},{"damage":16,"enemies":"Slavers","floor":29,"turns":6},{"damage":24,"enemies":"Centurion and Healer","floor":31,"turns":7},{"damage":77,"enemies":"Automaton","floor":33,"turns":6}],"seed_played":"1371396603058610155","potions_obtained":[{"floor":0.0,"key":"LiquidBronze"},{"floor":1.0,"key":"Swift Potion"},{"floor":3.0,"key":"FearPotion"},{"floor":11.0,"key":"DuplicationPotion"},{"floor":14.0,"key":"Energy Potion"},{"floor":20.0,"key":"Regen Potion"},{"floor":24.0,"key":"SpeedPotion"},{"floor":27,"key":"HeartOfIron"}],"is_trial":false,"path_per_floor":["M","$","M","M","M","E","?","R","T","$","M","M","R","M","R","B",null,"M","$","M","?","M","R","E","?","T","M","$","E","R","M","R","B"],"character_chosen":"IRONCLAD","items_purchased":["Fire Potion","Metallicize","Battle Trance"],"campfire_rested":5,"item_purchase_floors":[10,10,28],"current_hp_per_floor":[72,72,68,68,64,31,31,31,31,31,20,13,39,34,60,53,82,60,60,39,39,10,37,46,64,64,63,63,47,74,50,77,0,0],"gold":125,"neow_bonus":"BOSS_RELIC","is_daily":false,"chose_seed":false,"campfire_upgraded":1,"win_rate":0.0,"timestamp":1608740188,"path_taken":["M","$","M","M","M","E","?","R","T","$","M","M","R","?","R","BOSS","M","$","M","?","M","R","E","?","T","M","$","E","R","M","R","BOSS"],"items_purchased_type":["Potion","Card","Card"],"build_version":"2020-12-18","purchased_purges":3,"victory":false,"max_hp_per_floor":[80,80,80,80,80,87,87,87,87,87,87,87,87,87,87,91,91,91,91,91,91,91,91,91,91,91,91,91,91,91,91,91,91,91],"relic_stats":{"counters":[17,92],"Astrolabe":["Double Tap","Double Tap","Fiend Fire"],"Pen Nib":[3],"obtain_stats":[{"keyreminder:keyreminder":6,"Potion Belt":9,"Lantern":24,"Bottled Flame":29,"Tiny House":0,"Strawberry":6,"Astrolabe":17,"Pen Nib":26,"Burning Blood":0,"WarpedTongs":7},{"keyreminder:keyreminder":5,"Potion Belt":5,"Lantern":13,"Bottled Flame":15,"Tiny House":0,"Strawberry":5,"Astrolabe":9,"Pen Nib":13,"Burning Blood":0,"WarpedTongs":5},{"keyreminder:keyreminder":23,"Potion Belt":23,"Lantern":70,"Bottled Flame":79,"Tiny House":0,"Strawberry":23,"Astrolabe":51,"Pen Nib":70,"Burning Blood":0,"WarpedTongs":23}],"WarpedTongs":[64]},"card_choices":[{"not_picked":["Reckless Charge","Heavy Blade"],"picked":"Pommel Strike","floor":0.0},{"not_picked":["Twin Strike","Sentinel"],"picked":"Uppercut","floor":1.0},{"not_picked":["Heavy Blade","Flex","Iron Wave"],"picked":"SKIP","floor":3.0},{"not_picked":["Wild Strike","Havoc"],"picked":"Rampage","floor":4.0},{"not_picked":["Body Slam","Twin Strike"],"picked":"Feel No Pain","floor":5.0},{"not_picked":["Whirlwind","Warcry"],"picked":"Burning Pact","floor":6.0},{"not_picked":["Reckless Charge","Sword Boomerang"],"picked":"Combust","floor":11.0},{"not_picked":["Fire Breathing","Body Slam"],"picked":"Armaments","floor":12.0},{"not_picked":["Clothesline","Thunderclap"],"picked":"Feed","floor":14.0},{"not_picked":["Fiend Fire","Feed"],"picked":"Double Tap","floor":16.0},{"not_picked":["Iron Wave","Seeing Red"],"picked":"Cleave","floor":18.0},{"not_picked":["Pommel Strike","Body Slam","Sword Boomerang"],"picked":"SKIP","floor":20.0},{"not_picked":["Clothesline","Iron Wave","Clash"],"picked":"SKIP","floor":22.0},{"not_picked":["Evolve","Clothesline","Juggernaut"],"picked":"SKIP","floor":24.0},{"not_picked":["Heavy Blade","Armaments"],"picked":"Disarm","floor":27},{"not_picked":["Feel No Pain","Heavy Blade","Wild Strike"],"picked":"SKIP","floor":29},{"not_picked":["Clothesline","Anger","Armaments"],"picked":"SKIP","floor":31}],"player_experience":2593911,"relics_obtained":[{"floor":6.0,"key":"Strawberry"},{"floor":9.0,"key":"Potion Belt"},{"floor":24.0,"key":"Lantern"},{"floor":26.0,"key":"Pen Nib"},{"floor":29,"key":"Bottled Flame"}],"event_choices":[{"damage_healed":0.0,"max_hp_gain":0.0,"max_hp_loss":0.0,"gold_gain":0.0,"event_name":"Accursed Blacksmith","player_choice":"Rummage","floor":7.0,"gold_loss":0.0,"damage_taken":0.0,"relics_obtained":["WarpedTongs"],"cards_obtained":["Pain"]},{"damage_healed":0.0,"max_hp_gain":0.0,"max_hp_loss":0.0,"gold_gain":0.0,"event_name":"The Mausoleum","player_choice":"Ignored","floor":21.0,"gold_loss":0.0,"damage_taken":0.0},{"damage_healed":18.0,"max_hp_gain":0.0,"max_hp_loss":0.0,"gold_gain":0.0,"event_name":"The Library","player_choice":"Heal","floor":25.0,"gold_loss":0.0,"damage_taken":0.0}],"is_beta":true,"boss_relics":[{"not_picked":["Runic Dome","Pandora\u0027s Box"],"picked":"Astrolabe"}],"items_purged_floors":[2,10,19],"is_endless":false,"potions_floor_spawned":[1,3,4,11,14,20,24,27],"killed_by":"Automaton","ascension_level":20}}