{"host":"08nxni9rwzvm98vp","time":1608720064,"event":{"mods":["AchievementEnabler","BaseMod","Better Third Choice","Card Forge","Colored Powertips","Gold Saver","Googly Eyes","Highlight Path","Marisa£¨Ùöéë¡¡Øª×âÞÞ£©","Minty Spire (QoL Compilation)","Quick Restart","Rare Cards Sparkle","Shop Mod","StSLib","SuperFastMode"],"gold_per_floor":[111,129,144,158,158,183,183,218,218,236,236,264,274,237,237,335,335,351,351,369,389,409,442,442,469,516,528,550,597,619,631,643,750,762,790,802,864,876,137,164,164,176,176,201,77,112,131,141,141,141],"floor_reached":51,"playtime":2315,"items_purged":[],"score":1578,"play_id":"0891631f-add4-446f-b379-c22c1198f560","local_time":"20201223194104","is_ascension_mode":true,"campfire_choices":[{"data":"Echo Form","floor":7.0,"key":"SMITH"},{"data":"Leap","floor":15.0,"key":"SMITH"},{"data":"Defend_B","floor":24.0,"key":"PURGE"},{"data":"Static Discharge+1","floor":32,"key":"PURGE"},{"data":"Defragment","floor":41,"key":"SMITH"},{"floor":49,"key":"DIG"}],"circlet_count":0,"master_deck":["Gash+1","Gash+1","Gash+1","Gash+1","Gash+1","Gash+1","Leap+1","Echo Form+1","Glacier+1","Self Repair+1","Chill+1","Leap+1","Leap+1","Genetic Algorithm+1","Defragment+1","Capacitor+1"],"relics":["Hammer of Thor","Seething Fire","Anvil of the Gods","Empty Cage","Toxic Egg 2","Thread and Needle","Gambling Chip","Peace Pipe","SlaversCollar","Oddly Smooth Stone","Lantern","MawBank","Regal Pillow","betterThird:NestCultRelic","Sozu","Calipers","Shovel","Unceasing Top","The Courier","DataDisk","FossilizedHelix","Medical Kit","Sundial","MerchantsRug","Pen Nib","Blue Candle","Orichalcum","Whetstone","Ice Cream"],"acts_visited":["TheBeyond"],"potions_floor_usage":[],"damage_taken":[{"damage":5.0,"enemies":"2 Louse","floor":1.0,"turns":3.0},{"damage":0.0,"enemies":"Small Slimes","floor":2.0,"turns":3.0},{"damage":0.0,"enemies":"Jaw Worm","floor":3.0,"turns":3.0},{"damage":8.0,"enemies":"Blue Slaver","floor":4.0,"turns":3.0},{"damage":1.0,"enemies":"Lagavulin","floor":6.0,"turns":5.0},{"damage":0.0,"enemies":"Gremlin Nob","floor":8.0,"turns":3.0},{"damage":9.0,"enemies":"Gremlin Gang","floor":10.0,"turns":4.0},{"damage":0.0,"enemies":"Lagavulin","floor":12.0,"turns":4.0},{"damage":0.0,"enemies":"3 Louse","floor":13.0,"turns":3.0},{"damage":1.0,"enemies":"Hexaghost","floor":16.0,"turns":6.0},{"damage":11.0,"enemies":"Spheric Guardian","floor":18.0,"turns":4.0},{"damage":8.0,"enemies":"2 Thieves","floor":20.0,"turns":5.0},{"damage":12.0,"enemies":"Shelled Parasite and Fungi","floor":21.0,"turns":5.0},{"damage":10.0,"enemies":"3 Cultists","floor":22.0,"turns":5.0},{"damage":16.0,"enemies":"Gremlin Leader","floor":23.0,"turns":7.0},{"damage":0,"enemies":"Book of Stabbing","floor":25,"turns":5},{"damage":2,"enemies":"Chosen and Byrds","floor":28,"turns":4},{"damage":6,"enemies":"Gremlin Leader","floor":29,"turns":5},{"damage":14,"enemies":"Cultist and Chosen","floor":30,"turns":5},{"damage":8,"enemies":"Champ","floor":33,"turns":9},{"damage":8,"enemies":"3 Shapes","floor":35,"turns":7},{"damage":0,"enemies":"Mind Bloom Boss Battle","floor":37,"turns":7},{"damage":0,"enemies":"Reptomancer","floor":40,"turns":4},{"damage":0,"enemies":"3 Darklings","floor":42,"turns":6},{"damage":0,"enemies":"Giant Head","floor":44,"turns":7},{"damage":0,"enemies":"Reptomancer","floor":46,"turns":6},{"damage":0,"enemies":"Maw","floor":47,"turns":6},{"damage":0,"enemies":"Transient","floor":48,"turns":5},{"damage":27,"enemies":"Donu and Deca","floor":50,"turns":12}],"seed_played":"3840006515746321604","potions_obtained":[{"floor":2.0,"key":"ColorlessPotion"},{"floor":3.0,"key":"BlessingOfTheForge"},{"floor":6.0,"key":"FocusPotion"},{"floor":12.0,"key":"GamblersBrew"},{"floor":13.0,"key":"Regen Potion"},{"floor":20.0,"key":"DistilledChaos"}],"is_trial":false,"path_per_floor":["M","M","M","M","?","E","R","E","T","M","?","E","M","$","R","B",null,"M","?","M","M","M","E","R","E","T","?","M","E","M","?","R","B",null,"M","?","?","T","$","E","R","M","T","E","$","E","M","M","R","B",null],"character_chosen":"DEFECT","items_purchased":["Chill+1","Defragment","DataDisk","FossilizedHelix","Medical Kit","Sundial","MerchantsRug","Orichalcum"],"campfire_rested":0,"item_purchase_floors":[14,39,39,39,39,39,39,45],"current_hp_per_floor":[70,70,70,62,62,61,61,61,61,52,37,37,44,44,44,57,71,74,74,73,75,65,69,69,75,75,75,73,75,61,61,61,63,72,74,74,75,75,75,75,75,75,75,75,75,75,75,75,75,58],"gold":141,"neow_bonus":"BOSS_RELIC","is_daily":false,"chose_seed":false,"campfire_upgraded":3,"win_rate":0.0,"timestamp":1608720064,"path_taken":["M","M","M","M","?","E","R","E","T","M","?","E","M","?","R","BOSS","M","?","M","M","?","E","R","E","T","?","M","E","?","?","R","BOSS","M","?","?","?","$","E","R","?","T","E","$","E","M","M","R","BOSS"],"items_purchased_type":["Card","Card","Relic","Relic","Relic","Relic","Relic","Relic"],"build_version":"2020-12-22","purchased_purges":0,"victory":true,"max_hp_per_floor":[75,75,75,75,75,75,75,75,75,75,75,75,75,75,75,75,75,75,75,75,75,75,75,75,75,75,75,75,75,75,75,75,75,75,75,75,75,75,75,75,75,75,75,75,75,75,75,75,75,75],"card_choices":[{"not_picked":["Go for the Eyes","Blizzard","Consume"],"picked":"SKIP","floor":1.0},{"not_picked":["FTL","Gash","Heatsinks"],"picked":"SKIP","floor":2.0},{"not_picked":["Melter","Stack"],"picked":"Gash","floor":3.0},{"not_picked":["Cold Snap","Coolheaded"],"picked":"Leap","floor":4.0},{"not_picked":["Lockon","Barrage"],"picked":"Echo Form","floor":6.0},{"not_picked":["Chaos+1","Rebound"],"picked":"Glacier+1","floor":8.0},{"not_picked":["Ball Lightning","Auto Shields+1","Leap+1"],"picked":"SKIP","floor":10.0},{"not_picked":["Compile Driver","Coolheaded+1"],"picked":"Self Repair","floor":12.0},{"not_picked":["Rip and Tear","Sweeping Beam","Steam+1"],"picked":"SKIP","floor":13.0},{"not_picked":["Buffer","Echo Form"],"picked":"Creative AI","floor":16.0},{"not_picked":["Go for the Eyes","Turbo+1","Lockon"],"picked":"SKIP","floor":18.0},{"not_picked":["Compile Driver","Beam Cell","Barrage+1"],"picked":"SKIP","floor":20.0},{"not_picked":["Barrage","Leap+1","Loop"],"picked":"SKIP","floor":21.0},{"not_picked":["Aggregate+1","White Noise+1"],"picked":"Static Discharge","floor":22.0},{"not_picked":["Coolheaded+1","Ball Lightning"],"picked":"Leap+1","floor":23.0},{"not_picked":["Sweeping Beam","Consume+1","Thunder Strike"],"picked":"SKIP","floor":25},{"not_picked":["Coolheaded+1","Hologram+1","Sweeping Beam"],"picked":"SKIP","floor":28},{"not_picked":["Double Energy+1","Ball Lightning","Hologram+1"],"picked":"SKIP","floor":29},{"not_picked":["Leap+1","Fission+1"],"picked":"Genetic Algorithm+1","floor":30},{"not_picked":["Double Energy+1","Go for the Eyes+1","Beam Cell"],"picked":"SKIP","floor":35},{"not_picked":["Redo+1","Streamline+1","Go for the Eyes"],"picked":"SKIP","floor":40},{"not_picked":["Blizzard+1","Turbo+1","Loop+1"],"picked":"SKIP","floor":42},{"not_picked":["Doom and Gloom+1","Go for the Eyes"],"picked":"Capacitor+1","floor":44},{"not_picked":["Fission+1","Skim+1","Steam+1"],"picked":"SKIP","floor":46},{"not_picked":["Tempest+1","Leap+1","Sweeping Beam"],"picked":"SKIP","floor":47},{"not_picked":["Gash","Aggregate+1","Steam+1"],"picked":"SKIP","floor":48}],"player_experience":622198,"relics_obtained":[{"floor":6.0,"key":"Toxic Egg 2"},{"floor":8.0,"key":"Thread and Needle"},{"floor":9.0,"key":"Gambling Chip"},{"floor":12.0,"key":"Peace Pipe"},{"floor":23.0,"key":"Oddly Smooth Stone"},{"floor":25,"key":"Lantern"},{"floor":26,"key":"MawBank"},{"floor":29,"key":"Regal Pillow"},{"floor":37,"key":"Shovel"},{"floor":38,"key":"The Courier"},{"floor":40,"key":"Pen Nib"},{"floor":44,"key":"Blue Candle"},{"floor":46,"key":"Whetstone"},{"floor":49,"key":"Ice Cream"}],"event_choices":[{"damage_healed":0.0,"max_hp_gain":0.0,"max_hp_loss":0.0,"gold_gain":0.0,"event_name":"Living Wall","player_choice":"Grow","floor":5.0,"gold_loss":0.0,"damage_taken":0.0,"cards_upgraded":["Gash"]},{"damage_healed":52.0,"max_hp_gain":0.0,"max_hp_loss":75.0,"gold_gain":0.0,"event_name":"betterThird:BetterShining","player_choice":"Upgrade","floor":11.0,"gold_loss":0.0,"damage_taken":15.0,"cards_upgraded":["Gash","Gash"]},{"damage_healed":0.0,"max_hp_gain":0.0,"max_hp_loss":0.0,"gold_gain":0.0,"event_name":"Accursed Blacksmith","player_choice":"Forge","floor":19.0,"gold_loss":0.0,"damage_taken":0.0,"cards_upgraded":["Gash"]},{"damage_healed":0,"gold_gain":0,"player_choice":"Copied","damage_taken":0,"max_hp_gain":0,"max_hp_loss":0,"event_name":"Duplicator","floor":27,"gold_loss":0,"cards_obtained":["Leap"]},{"damage_healed":0,"gold_gain":0,"player_choice":"Madness","damage_taken":0,"relics_obtained":["betterThird:NestCultRelic"],"max_hp_gain":0,"max_hp_loss":0,"event_name":"betterThird:BetterNest","floor":31,"gold_loss":0},{"damage_healed":0,"gold_gain":0,"player_choice":"Ignored","damage_taken":0,"max_hp_gain":0,"max_hp_loss":0,"event_name":"Tomb of Lord Red Mask","floor":36,"gold_loss":0},{"damage_healed":0,"gold_gain":0,"player_choice":"Fight","damage_taken":0,"max_hp_gain":0,"max_hp_loss":0,"event_name":"MindBloom","floor":37,"gold_loss":0}],"is_beta":false,"boss_relics":[{"not_picked":["Runic Dome","Fusion Hammer"],"picked":"SlaversCollar"},{"not_picked":["Tiny House","SacredBark"],"picked":"Sozu"}],"items_purged_floors":[],"is_endless":false,"potions_floor_spawned":[2,3,6,12,13,16,20,22,23,30,33,35,40,42],"ascension_level":5}}