{"host":"wwt2ezt6nhdbor27","time":1608714506,"event":{"mods":["Act Like it!","Bard","BaseMod","Beaked The Cultist","Colored Map","Downfall","Glutton Mod","Hermit","Highlight Path","Jorbs\u0027s Wanderer Trilogy","Koishi","Mad Scientist","Marisa????????","Minty Spire (QoL Compilation)","Relic Stats","StSLib","The Administrix","The Bug Knight","The Construct","The Cursed","The Marked","The Mystic","The Servant 0.9.4","The Witch"],"gold_per_floor":[113,133,143,189,208,248,248,268,268,290,28,66,91,142,142,247,247,266,289,303,21,46,46,84,99,122,169,181,193,8,8,8,103,103,114,114,114,130,159,159,183,202,226,226,260,260,306,329,329,336],"floor_reached":51,"playtime":4642,"items_purged":[],"score":832,"play_id":"e592f65d-de79-4be9-ad4a-b9c96f8ce8d4","local_time":"20201223010826","is_ascension_mode":false,"campfire_choices":[{"data":"hermit:Maintenance","floor":7,"key":"SMITH"},{"data":"hermit:Showdown","floor":15,"key":"SMITH"},{"data":"hermit:Scavenge","floor":23,"key":"SMITH"},{"data":"hermit:Vantage","floor":29,"key":"SMITH"},{"data":"hermit:Scavenge","floor":32,"key":"SMITH"},{"data":"hermit:Scavenge","floor":40,"key":"SMITH"},{"data":"hermit:HighNoon","floor":49,"key":"SMITH"}],"circlet_count":0,"master_deck":["hermit:Strike_Hermit","hermit:Strike_Hermit","hermit:Strike_Hermit","hermit:Strike_Hermit","hermit:Defend_Hermit","hermit:Defend_Hermit","hermit:Defend_Hermit","hermit:Defend_Hermit","hermit:Snapshot","hermit:Covet","hermit:Scavenge+1","hermit:Showdown+1","hermit:Scavenge+1","hermit:Glare","hermit:Maintenance+1","hermit:Horror","hermit:HoleUp","hermit:Manifest","hermit:Spite","hermit:Gambit","hermit:ItchyTrigger+1","hermit:Dissolve","hermit:Brawl+1","hermit:Enervate","hermit:Shortfuse","hermit:Vantage+1","hermit:HighCaliber","hermit:Scavenge+1","Decay","hermit:HighNoon+1","hermit:HighCaliber+1","expansioncontent:PrepareCrush","hermit:CalledShot+1","hermit:GoldenBullet+1","hermit:Grudge","hermit:HoleUp+1","stsjorbsmod:Withering","Regret","hermit:Dive+1","hermit:Deadeye+1"],"relics":["hermit:Momento","Tiny Chest","Orichalcum","Mercury Hourglass","Pantograph","Vajra","Odd Mushroom","Coffee Dripper","Anchor","Membership Card","Oddly Smooth Stone","Ginger","MawBank","FossilizedHelix","Bottled Lightning","Lee\u0027s Waffle","Centennial Puzzle","Cursed Key","Strawberry","White Beast Statue","Toxic Egg 2","construct:FoamFinger"],"acts_visited":["Exordium","TheCity","TheBeyond"],"potions_floor_usage":[6,12,16,24,33,47,50],"damage_taken":[{"damage":0,"enemies":"Cultist","floor":1,"turns":5},{"damage":0,"enemies":"Small Slimes","floor":2,"turns":4},{"damage":1,"enemies":"Jaw Worm","floor":3,"turns":3},{"damage":0,"enemies":"Blue Slaver","floor":5,"turns":4},{"damage":1,"enemies":"HollowMod:MossKnight","floor":6,"turns":8},{"damage":0,"enemies":"2 Fungi Beasts","floor":8,"turns":5},{"damage":0,"enemies":"Exordium Wildlife","floor":10,"turns":2},{"damage":9,"enemies":"Gremlin Nob","floor":12,"turns":4},{"damage":0,"enemies":"The Mushroom Lair","floor":13,"turns":4},{"damage":22,"enemies":"Hexaghost","floor":16,"turns":9},{"damage":0,"enemies":"Shell Parasite","floor":18,"turns":5},{"damage":6,"enemies":"Spheric Guardian","floor":20,"turns":6},{"damage":0,"enemies":"Shelled Parasite and Fungi","floor":22,"turns":5},{"damage":24,"enemies":"Gremlin Leader","floor":24,"turns":6},{"damage":0,"enemies":"Cultist and Chosen","floor":25,"turns":6},{"damage":6,"enemies":"Book of Stabbing","floor":27,"turns":5},{"damage":0,"enemies":"Automaton","floor":33,"turns":10},{"damage":0,"enemies":"Orb Walker","floor":35,"turns":4},{"damage":0,"enemies":"3 Shapes","floor":38,"turns":7},{"damage":0,"enemies":"3 Darklings","floor":39,"turns":6},{"damage":3,"enemies":"Spire Growth","floor":41,"turns":5},{"damage":0,"enemies":"Maw","floor":42,"turns":6},{"damage":0,"enemies":"Reptomancer","floor":45,"turns":6},{"damage":12,"enemies":"Giant Head","floor":47,"turns":8},{"damage":0,"enemies":"4 Shapes","floor":48,"turns":5},{"damage":33,"enemies":"Time Eater","floor":50,"turns":14}],"seed_played":"8965042155036514828","potions_obtained":[{"floor":2,"key":"hermit:Eclipse"},{"floor":3,"key":"hermit:Tonic"},{"floor":5,"key":"SteroidPotion"},{"floor":8,"key":"Strength Potion"},{"floor":10,"key":"Energy Potion"},{"floor":13,"key":"hermit:BlackBile"},{"floor":22,"key":"champ:CounterPotion"},{"floor":24,"key":"Fire Potion"},{"floor":39,"key":"Slimebound:ThreeZeroPotion"},{"floor":47,"key":"DistilledChaos"},{"floor":48,"key":"Explosive Potion"}],"is_trial":false,"path_per_floor":["M","M","M","T","M","E","R","M","T","M","$","E","?","?","R","B",null,"M","T","M","$","M","R","E","M","T","E","?","R","$","T","R","B",null,"M","?","?","M","M","R","M","M","T","?","E","T","E","M","R","B",null],"character_chosen":"HERMIT","items_purchased":["Pantograph","Membership Card","Oddly Smooth Stone","hermit:Brawl","hermit:Enervate","Bottled Lightning","Lee\u0027s Waffle"],"campfire_rested":0,"item_purchase_floors":[11,21,21,21,21,30,30],"current_hp_per_floor":[82,82,81,81,81,80,80,80,80,80,80,71,71,71,71,60,82,82,82,76,76,76,76,52,52,52,46,46,46,89,89,89,89,89,89,89,85,85,85,85,82,82,89,89,89,89,77,77,77,59],"gold":336,"neow_bonus":"TEN_PERCENT_HP_BONUS","is_daily":false,"chose_seed":false,"campfire_upgraded":7,"win_rate":0.0,"timestamp":1608714506,"path_taken":["M","M","M","?","M","E","R","M","T","?","$","E","?","?","R","BOSS","M","?","M","$","?","R","E","M","T","E","?","R","?","?","R","BOSS","M","?","?","M","M","R","M","M","T","?","E","?","E","?","R","BOSS"],"items_purchased_type":["Relic","Relic","Relic","Card","Card","Relic","Relic"],"build_version":"2020-12-22","purchased_purges":0,"victory":true,"max_hp_per_floor":[82,82,82,82,82,82,82,82,82,82,82,82,82,82,82,82,82,82,82,82,82,82,82,82,82,82,82,82,82,89,89,89,89,89,89,89,85,85,85,85,85,85,92,92,92,92,92,92,92,92],"relic_stats":{"Lee\u0027s Waffle":43,"Centennial Puzzle":[9],"counters":[26,150],"Pantograph":26,"Tiny Chest":3,"Ginger":[39],"Orichalcum":[126],"MawBank":48,"Cursed Key":2,"obtain_stats":[{"Lee\u0027s Waffle":30,"construct:FoamFinger":47,"Vajra":12,"Oddly Smooth Stone":21,"Ginger":24,"Orichalcum":6,"Odd Mushroom":13,"MawBank":26,"Cursed Key":34,"White Beast Statue":45,"Mercury Hourglass":9,"Anchor":19,"Centennial Puzzle":31,"Pantograph":11,"Strawberry":43,"Tiny Chest":4,"Coffee Dripper":17,"Membership Card":21,"Bottled Lightning":30,"Toxic Egg 2":46,"hermit:Momento":0,"FossilizedHelix":27},{"Lee\u0027s Waffle":16,"construct:FoamFinger":24,"Vajra":8,"Oddly Smooth Stone":12,"Ginger":14,"Orichalcum":5,"Odd Mushroom":9,"MawBank":15,"Cursed Key":17,"White Beast Statue":23,"Mercury Hourglass":6,"Anchor":11,"Centennial Puzzle":16,"Pantograph":7,"Strawberry":22,"Tiny Chest":3,"Coffee Dripper":10,"Membership Card":12,"Bottled Lightning":16,"Toxic Egg 2":23,"hermit:Momento":0,"FossilizedHelix":16},{"Lee\u0027s Waffle":79,"construct:FoamFinger":131,"Vajra":35,"Oddly Smooth Stone":58,"Ginger":68,"Orichalcum":24,"Odd Mushroom":39,"MawBank":74,"Cursed Key":89,"White Beast Statue":123,"Mercury Hourglass":29,"Anchor":53,"Centennial Puzzle":79,"Pantograph":31,"Strawberry":117,"Tiny Chest":12,"Coffee Dripper":48,"Membership Card":58,"Bottled Lightning":79,"Toxic Egg 2":123,"hermit:Momento":0,"FossilizedHelix":79}],"Mercury Hourglass":[447]},"card_choices":[{"not_picked":["hermit:Misfire","hermit:ItchyTrigger"],"picked":"hermit:Scavenge","floor":1},{"not_picked":["hermit:ItchyTrigger","hermit:Deadeye"],"picked":"hermit:Showdown","floor":2},{"not_picked":["hermit:Deadeye","hermit:DeadMansHand"],"picked":"hermit:Scavenge","floor":3},{"not_picked":["hermit:FullyLoaded","hermit:Snipe"],"picked":"hermit:Glare","floor":5},{"not_picked":["hermit:BodyArmor","hermit:HighCaliber"],"picked":"hermit:Maintenance","floor":6},{"not_picked":["hermit:CalledShot","hermit:Adapt"],"picked":"hermit:Horror","floor":8},{"not_picked":["hermit:Spite","hermit:LowProfile"],"picked":"hermit:HoleUp","floor":10},{"not_picked":["hermit:Glare","hermit:Quickdraw"],"picked":"hermit:Manifest","floor":12},{"not_picked":["hermit:Glare","hermit:ItchyTrigger"],"picked":"hermit:Spite","floor":13},{"not_picked":["hermit:Magnum","hermit:FinalCanter"],"picked":"hermit:Gambit","floor":16},{"not_picked":["hermit:Desperado+1","hermit:CalledShot"],"picked":"hermit:ItchyTrigger+1","floor":18},{"not_picked":["hermit:Misfire+1","hermit:Feint+1"],"picked":"hermit:Dissolve","floor":20},{"not_picked":["hermit:Roulette+1","hermit:LuckOfTheDraw"],"picked":"hermit:Shortfuse","floor":22},{"not_picked":["hermit:Desperado+1","hermit:Shortfuse"],"picked":"hermit:Vantage","floor":24},{"not_picked":["hermit:Desperado","hermit:PistolWhip+1"],"picked":"hermit:HighCaliber","floor":25},{"not_picked":["hermit:SprayPray","hermit:LoneWolf"],"picked":"hermit:Scavenge","floor":27},{"not_picked":["hermit:Purgatory","hermit:OverwhelmingPower"],"picked":"hermit:HighNoon","floor":33},{"not_picked":["hermit:Grudge","hermit:Headshot+1"],"picked":"hermit:HighCaliber+1","floor":35},{"not_picked":["expansioncontent:LastStand","expansioncontent:SlimeTackle"],"picked":"expansioncontent:PrepareCrush","floor":36},{"not_picked":["hermit:Gestalt","hermit:Roulette+1"],"picked":"hermit:CalledShot+1","floor":38},{"not_picked":["hermit:Vantage+1","hermit:Desperado"],"picked":"hermit:GoldenBullet+1","floor":39},{"not_picked":["hermit:Desperado","hermit:PistolWhip+1"],"picked":"hermit:Grudge","floor":41},{"not_picked":["hermit:Vantage","hermit:Misfire+1"],"picked":"hermit:HoleUp+1","floor":42},{"not_picked":["hermit:Ricochet+1","hermit:ItchyTrigger","hermit:Feint"],"picked":"SKIP","floor":45},{"not_picked":["hermit:CalledShot","hermit:Ricochet+1"],"picked":"hermit:Dive+1","floor":47},{"not_picked":["hermit:TrackingShot","hermit:HeroicBravado+1"],"picked":"hermit:Deadeye+1","floor":48}],"player_experience":167428,"relics_obtained":[{"floor":4,"key":"Tiny Chest"},{"floor":6,"key":"Orichalcum"},{"floor":9,"key":"Mercury Hourglass"},{"floor":12,"key":"Vajra"},{"floor":13,"key":"Odd Mushroom"},{"floor":19,"key":"Anchor"},{"floor":24,"key":"Ginger"},{"floor":26,"key":"MawBank"},{"floor":27,"key":"FossilizedHelix"},{"floor":31,"key":"Centennial Puzzle"},{"floor":43,"key":"Strawberry"},{"floor":45,"key":"White Beast Statue"},{"floor":46,"key":"Toxic Egg 2"},{"floor":47,"key":"construct:FoamFinger"}],"event_choices":[{"damage_healed":0,"gold_gain":0,"player_choice":"Fought Mushrooms","damage_taken":0,"max_hp_gain":0,"max_hp_loss":0,"event_name":"Mushrooms","floor":13,"gold_loss":0},{"damage_healed":0,"gold_gain":51,"player_choice":"Gained Gold","damage_taken":0,"max_hp_gain":0,"max_hp_loss":0,"event_name":"Golden Wing","floor":14,"gold_loss":0},{"damage_healed":0,"gold_gain":0,"player_choice":"Smashed Altar","damage_taken":0,"max_hp_gain":0,"max_hp_loss":0,"event_name":"Forgotten Altar","floor":28,"gold_loss":0,"cards_obtained":["Decay"]},{"damage_healed":0,"gold_gain":0,"player_choice":"Memory 1","damage_taken":0,"max_hp_gain":0,"max_hp_loss":0,"event_name":"SensoryStone","floor":36,"gold_loss":0},{"damage_healed":0,"gold_gain":0,"player_choice":"Max HP","damage_taken":0,"max_hp_gain":0,"max_hp_loss":4,"event_name":"Winding Halls","floor":37,"gold_loss":0},{"damage_healed":0,"gold_gain":0,"player_choice":"Upgraded","damage_taken":0,"max_hp_gain":0,"max_hp_loss":0,"event_name":"Upgrade Shrine","floor":44,"gold_loss":0,"cards_upgraded":["hermit:Brawl"]}],"is_beta":false,"boss_relics":[{"not_picked":["Ectoplasm","Snecko Eye"],"picked":"Coffee Dripper"},{"not_picked":["Runic Dome","hermit:DentedPlate"],"picked":"Cursed Key"}],"items_purged_floors":[],"is_endless":false,"potions_floor_spawned":[2,3,5,8,10,13,22,24,25,39,41,47,48],"ascension_level":0}}