{"host":"hg4d4z00zcdsq8kr","time":1608746895,"event":{"mods":["BaseMod","Downfall","Hubris","Infinite Spire","Minty Spire (QoL Compilation)","Replay The Spire","StSLib"],"gold_per_floor":[117,117,132,146,18,51,51,71,125,125,157,175,175,194,194,291,341,314,314,333,358,369,369,369],"floor_reached":23,"playtime":1560,"items_purged":[],"score":203,"play_id":"1673527b-c121-4852-837a-ceeb7de02b33","local_time":"20201223210815","is_ascension_mode":false,"campfire_choices":[{"floor":7,"key":"REST"},{"floor":15,"key":"REST"}],"circlet_count":0,"master_deck":["Strike_G","Strike_G","Strike_G","Strike_G","Strike_G","Defend_G","Defend_G","Defend_G","Defend_G","Defend_G","Survivor","Neutralize","Outmaneuver","Dagger Throw","Deflect","Underhanded Strike","ReplayTheSpireMod:Scrap Shanks","hubris:SlightOfHand","Infinite Blades","Dagger Throw","Pain","Finisher","Quick Slash","Tactician","Adrenaline+1","ReplayTheSpireMod:Speed Training","Endless Agony","Reflex+1","Cloak And Dagger"],"relics":["Ring of the Snake","Replay:Rubber Ducky","hubris:Towel","Unceasing Top","Lantern","WarpedTongs","Meat on the Bone","Tiny House","Red Mask"],"acts_visited":["Exordium","TheCity"],"potions_floor_usage":[8,11,11,14,16,16,18,22,23],"damage_taken":[{"damage":0,"enemies":"Small Slimes","floor":1,"turns":4},{"damage":0,"enemies":"Jaw Worm","floor":3,"turns":5},{"damage":3,"enemies":"Cultist","floor":4,"turns":5},{"damage":9,"enemies":"Gremlin Nob","floor":6,"turns":4},{"damage":3,"enemies":"3 Louse","floor":8,"turns":4},{"damage":10,"enemies":"Lagavulin","floor":11,"turns":5},{"damage":2,"enemies":"Exordium Thugs","floor":12,"turns":4},{"damage":2,"enemies":"Exordium Wildlife","floor":14,"turns":3},{"damage":40,"enemies":"Fading Forest","floor":16,"turns":11},{"damage":13,"enemies":"2 Thieves","floor":18,"turns":5},{"damage":15,"enemies":"Spheric Guardian","floor":20,"turns":4},{"damage":11,"enemies":"Masked Bandits","floor":21,"turns":5},{"damage":37,"enemies":"Snecko","floor":22,"turns":5},{"damage":46,"enemies":"Nightmare","floor":23,"turns":9}],"seed_played":"-805937576316707106","potions_obtained":[{"floor":1,"key":"Elixir"},{"floor":6,"key":"Fire Potion"},{"floor":8,"key":"Fruit Juice"},{"floor":12,"key":"infinitespire:BlackPotion"},{"floor":13,"key":"Block Potion"},{"floor":13,"key":"Energy Potion"},{"floor":16,"key":"GamblersBrew"},{"floor":17,"key":"FairyPotion"},{"floor":20,"key":"Block Potion"},{"floor":22,"key":"hexamod:EctoCoolerPotion"}],"is_trial":false,"path_per_floor":["M","?","M","M","$","E","R","M","T","?","E","M","?","M","R","B",null,"M","?","M","?","M","NM"],"character_chosen":"THE_SILENT","items_purchased":["Underhanded Strike","ReplayTheSpireMod:Scrap Shanks","hubris:SlightOfHand"],"campfire_rested":2,"item_purchase_floors":[5,5,5],"current_hp_per_floor":[70,70,70,67,67,58,70,72,72,72,62,60,60,58,75,52,80,67,67,52,41,16,0,0],"gold":369,"neow_bonus":"RANDOM_COMMON_RELIC","is_daily":false,"chose_seed":false,"campfire_upgraded":0,"win_rate":0.0,"timestamp":1608746895,"path_taken":["M","?","M","M","$","E","R","M","T","?","E","?","?","M","R","BOSS","M","?","M","?","M","NM"],"items_purchased_type":["Card","Card","Card"],"build_version":"2020-12-22","purchased_purges":0,"victory":false,"max_hp_per_floor":[70,70,70,70,70,70,70,75,75,75,75,75,75,75,75,75,80,80,80,80,80,80,80,80],"card_choices":[{"not_picked":["Bane","Predator"],"picked":"Outmaneuver","floor":1},{"not_picked":["Outmaneuver","Heel Hook"],"picked":"Dagger Throw","floor":3},{"not_picked":["Dagger Throw","Dodge and Roll"],"picked":"Deflect","floor":4},{"not_picked":["hubris:SlightOfHand","Sneak Up"],"picked":"Infinite Blades","floor":6},{"not_picked":["Bane","Outmaneuver"],"picked":"Dagger Throw","floor":8},{"not_picked":["Replay:Poison Smokescreen","Calculated Gamble"],"picked":"Finisher","floor":11},{"not_picked":["Deflect","Backflip"],"picked":"Quick Slash","floor":12},{"not_picked":["All Out Attack","Deadly Poison"],"picked":"Tactician","floor":14},{"not_picked":["Grand Finale","Phantasmal Killer"],"picked":"Adrenaline","floor":16},{"not_picked":["Quick Slash","Deflect"],"picked":"ReplayTheSpireMod:Speed Training","floor":17},{"not_picked":["Bouncing Flask+1","Deadly Poison"],"picked":"Endless Agony","floor":18},{"not_picked":["Endless Agony","Skewer"],"picked":"Reflex+1","floor":20},{"not_picked":["Deadly Poison","Poisoned Stab"],"picked":"Cloak And Dagger","floor":21},{"not_picked":["Slice","Flechettes","Deflect"],"picked":"SKIP","floor":22}],"player_experience":603842,"relics_obtained":[{"floor":6,"key":"Unceasing Top"},{"floor":9,"key":"Lantern"},{"floor":11,"key":"Meat on the Bone"},{"floor":21,"key":"Red Mask"}],"event_choices":[{"damage_healed":0,"gold_gain":0,"player_choice":"Rummage","damage_taken":0,"relics_obtained":["WarpedTongs"],"max_hp_gain":0,"max_hp_loss":0,"event_name":"Accursed Blacksmith","floor":10,"gold_loss":0,"cards_obtained":["Pain"]},{"damage_healed":0,"gold_gain":0,"player_choice":"Got Potions","damage_taken":0,"max_hp_gain":0,"max_hp_loss":0,"event_name":"Lab","floor":13,"gold_loss":0},{"damage_healed":0,"gold_gain":0,"player_choice":"Ignored","damage_taken":0,"max_hp_gain":0,"max_hp_loss":0,"event_name":"Vampires","floor":19,"gold_loss":0},{"damage_healed":0,"gold_gain":0,"player_choice":"Fought Bandits","damage_taken":0,"max_hp_gain":0,"max_hp_loss":0,"event_name":"Masked Bandits","floor":21,"gold_loss":0}],"is_beta":false,"boss_relics":[{"not_picked":["Painkiller Herb","Ring of Chaos"],"picked":"Tiny House"}],"items_purged_floors":[],"is_endless":false,"potions_floor_spawned":[1,6,8,12,16,20,22],"killed_by":"Nightmare","ascension_level":0}}