{"host":"f08kpr20kj92d76t","time":1608716922,"event":{"mods":["AchievementEnabler","BaseMod","Colored Map","Colored Powertips","Downfall","Googly Eyes","Minty Spire (QoL Compilation)","Relic Stats","StSLib"],"gold_per_floor":[0,30,15,52,52,106,166,217,289,151,196,208,220,302,345,357,357,357],"floor_reached":16,"playtime":1190,"items_purged":[],"score":121,"play_id":"5d7e6244-4557-4ff3-b600-8b1ee92e3cc9","local_time":"20201223034842","is_ascension_mode":true,"campfire_choices":[{"floor":1,"key":"RECALL"},{"floor":10,"key":"REST"},{"data":"champ:Taunt","floor":12,"key":"SMITH"}],"circlet_count":0,"master_deck":["champ:Strike","champ:Strike","champ:Strike","champ:Strike","champ:Defend","champ:Defend","champ:Defend","champ:Defend","champ:Execute","champ:Taunt+1","HandOfGreed","champ:CrookedStrike","champ:RageSigil","champ:BringItOn","champ:PerfectForm","Panacea","champ:CrownThrow","champ:IronFortress","champ:Balance","champ:IronFortress","champ:FaceSlap"],"relics":["champ:ChampionCrown","MawBank","downfall:HeartBlessingBlue","downfall:HeartBlessingRed","Meat on the Bone","WingedGreaves","Odd Mushroom"],"acts_visited":["Exordium"],"potions_floor_usage":[14,14],"damage_taken":[{"damage":0,"enemies":"Cultist","floor":2,"turns":4},{"damage":5,"enemies":"downfall:FleeingMerchant","floor":3,"turns":4},{"damage":8,"enemies":"Small Slimes","floor":4,"turns":3},{"damage":51,"enemies":"3 Sentries","floor":6,"turns":12},{"damage":0,"enemies":"Jaw Worm","floor":8,"turns":3},{"damage":12,"enemies":"Exordium Thugs","floor":9,"turns":4},{"damage":8,"enemies":"Gremlin Nob","floor":11,"turns":3},{"damage":11,"enemies":"The Mushroom Lair","floor":14,"turns":4},{"damage":10,"enemies":"Lots of Slimes","floor":15,"turns":4},{"damage":59,"enemies":"downfall:Defect","floor":16,"turns":6}],"seed_played":"-4857042882151934426","potions_obtained":[{"floor":8,"key":"Fire Potion"},{"floor":9,"key":"SmokeBomb"},{"floor":11,"key":"SpeedPotion"}],"is_trial":false,"path_per_floor":["R","M","$","M","?","E","T","M","M","R","E","R","T","?","M","B"],"character_chosen":"THE_CHAMP","items_purchased":[],"campfire_rested":1,"item_purchase_floors":[],"current_hp_per_floor":[90,90,90,87,87,47,47,47,35,75,67,67,67,56,58,0,0,0],"gold":357,"neow_bonus":"RANDOM_COLORLESS_2","is_daily":false,"chose_seed":false,"campfire_upgraded":1,"win_rate":0.0,"timestamp":1608716922,"path_taken":["R","M","?","M","?","E","T","?","M","R","E","R","?","?","M","BOSS"],"items_purchased_type":[],"build_version":"2020-12-22","purchased_purges":0,"victory":false,"max_hp_per_floor":[90,90,90,90,90,90,90,90,90,100,100,100,100,100,100,100,100,100],"relic_stats":{"counters":[10,47],"MawBank":120,"obtain_stats":[{"downfall:HeartBlessingRed":10,"downfall:HeartBlessingBlue":10,"champ:ChampionCrown":0,"WingedGreaves":13,"Odd Mushroom":14,"MawBank":6,"Meat on the Bone":11},{"downfall:HeartBlessingRed":6,"downfall:HeartBlessingBlue":6,"champ:ChampionCrown":0,"WingedGreaves":7,"Odd Mushroom":8,"MawBank":4,"Meat on the Bone":7},{"downfall:HeartBlessingRed":30,"downfall:HeartBlessingBlue":30,"champ:ChampionCrown":0,"WingedGreaves":33,"Odd Mushroom":37,"MawBank":23,"Meat on the Bone":33}],"Meat on the Bone":12},"card_choices":[{"not_picked":["Secret Technique","Secret Weapon"],"picked":"HandOfGreed","floor":0},{"not_picked":["champ:FightOn","champ:RapidStrikes"],"picked":"champ:CrookedStrike","floor":2},{"not_picked":["champ:Haymaker","champ:BladeFlurry"],"picked":"champ:RageSigil","floor":3},{"not_picked":["champ:FlashCut","champ:SkillfulDodge"],"picked":"champ:BringItOn","floor":4},{"not_picked":["champ:BerserkersShout","champ:AdrenalArmor"],"picked":"champ:CrownThrow","floor":6},{"not_picked":["champ:FlashCut","champ:Aggression"],"picked":"champ:IronFortress","floor":8},{"not_picked":["champ:AdrenalArmor","champ:EndlessRage"],"picked":"champ:Balance","floor":9},{"not_picked":["champ:GladiatorsShout","champ:BerserkersShout"],"picked":"champ:IronFortress","floor":11},{"not_picked":["champ:FightOn","champ:PerfectedStrike"],"picked":"champ:FaceSlap","floor":14},{"not_picked":["champ:BerserkersShout","champ:DefensiveShout","champ:Backstep"],"picked":"SKIP","floor":15}],"player_experience":512626,"relics_obtained":[{"floor":6,"key":"MawBank"},{"floor":11,"key":"Meat on the Bone"},{"floor":13,"key":"WingedGreaves"},{"floor":14,"key":"Odd Mushroom"}],"event_choices":[{"damage_healed":0,"gold_gain":0,"player_choice":"Fought Mushrooms","damage_taken":0,"max_hp_gain":0,"max_hp_loss":0,"event_name":"Mushrooms","floor":14,"gold_loss":0}],"is_beta":false,"boss_relics":[],"items_purged_floors":[],"is_endless":false,"potions_floor_spawned":[8,9,11],"killed_by":"downfall:Defect","ascension_level":2}}