{"host":"txisuftzfyypgs93","time":1608737807,"event":{"mods":["Aspiration","BaseMod","Colored Powertips","Duelist Mod","GifTheSpireLib","Hubris","Infinite Spire","Minty Spire (QoL Compilation)","Replay The Spire","Shop Mod","StSLib","The Cursed","The Jungle","vexMod"],"gold_per_floor":[99999,98845,98863,98882,98900,98900,98920,98931,98931,98942,98942,98120,98137,98163,98163,98262,98262,98280,98280,98280,98293,98307,98307,98324,98357,98357,98357,98357],"floor_reached":27,"playtime":4207,"items_purged":["Defend_B","Strike_B"],"score":254,"play_id":"d3865dec-2b4c-44ec-8574-d32469d392ae","local_time":"20201223233647","is_ascension_mode":false,"campfire_choices":[{"data":"Crystallizer","floor":6,"key":"SMITH"},{"data":"White Noise","floor":15,"key":"SMITH"},{"data":"BasicCrystalCard","floor":23,"key":"SMITH"}],"circlet_count":0,"master_deck":["Strike_B","Strike_B","Strike_B","Defend_B","Defend_B","Defend_B","Zap","Dualcast","BasicCrystalCard+1","Capacitor","Conserve Battery","Sweeping Beam","Swift Strike","Leap","Leap","Time Bomb","FTL","Crystallizer+1","Buffer","Doom and Gloom","Panic Button","Darkness","Cold Snap","FIFO Queue","Steam","White Noise+1","ReplayTheSpireMod:Omega Cannon","Darkness+1","Redo","Force Field","Gash+1","Static Discharge"],"relics":["Cracked Core","MealTicket","Raider\u0027s Mask","aspiration:DSix","Prayer Wheel","ReplayTheSpireMod:Shallot","ReplayTheSpireMod:Ring of Collecting","Ring of Hypnosis","Gremlin Food","infinitespire:Magic Flask","Replay:Frozen Program","hubris:OldNail","Matryoshka","vexMod:MysteryBossChallenge","theDuelist:MillenniumKey","Replay:Towering Pillar of Hats","Happy Flower","hubris:SoftwareUpdate","Bottled Lightning"],"acts_visited":["Exordium","theJungle:Jungle"],"potions_floor_usage":[5,5,13,16,16,25,25,25],"damage_taken":[{"damage":0,"enemies":"Small Slimes","floor":1,"turns":3},{"damage":0,"enemies":"Cultist","floor":3,"turns":3},{"damage":0,"enemies":"infinitespire:Voidling","floor":4,"turns":2},{"damage":17,"enemies":"Exordium Thugs","floor":5,"turns":5},{"damage":0,"enemies":"Large Slime","floor":7,"turns":3},{"damage":4,"enemies":"Red Slaver","floor":8,"turns":3},{"damage":0,"enemies":"Blue Slaver","floor":10,"turns":4},{"damage":0,"enemies":"Large Slime","floor":13,"turns":4},{"damage":42,"enemies":"Hexaghost","floor":16,"turns":10},{"damage":33,"enemies":"theJungle:Flameango_and_Byrd","floor":18,"turns":4},{"damage":0,"enemies":"theJungle:GiantWrat","floor":21,"turns":3},{"damage":10,"enemies":"theJungle:Lyon","floor":22,"turns":4},{"damage":9,"enemies":"theJungle:JungleHuntersEncounter","floor":24,"turns":5},{"damage":18,"enemies":"theJungle:Cassacara","floor":25,"turns":6},{"damage":16,"enemies":"theJungle:2_Flameangoes","floor":27,"turns":2}],"seed_played":"-2655448253221643699","potions_obtained":[{"floor":3,"key":"SkillPotion"},{"floor":7,"key":"FocusPotion"},{"floor":8,"key":"SkillPotion"},{"floor":16,"key":"FearPotion"},{"floor":22,"key":"Strength Potion"},{"floor":24,"key":"Languid Potion"},{"floor":25,"key":"Elixir"}],"is_trial":false,"path_per_floor":["M","$","M","M","M","R","M","M","T","M","?","$","M","T","R","B",null,"M","?","?","M","M","R","M","E","T","M"],"character_chosen":"DEFECT","items_purchased":["MealTicket","Capacitor","Conserve Battery","Sweeping Beam","Swift Strike","Leap","Raider\u0027s Mask","aspiration:DSix","BlessingOfTheForge","Dexterity Potion","LiquidMemories","Gremlin Food","infinitespire:Magic Flask","Replay:Frozen Program","FIFO Queue","Steam"],"campfire_rested":0,"item_purchase_floors":[2,2,2,2,2,2,2,2,2,2,2,12,12,12,12,12],"current_hp_per_floor":[82,82,82,82,65,65,65,61,61,61,61,76,76,76,76,34,82,49,51,51,51,41,41,32,14,14,0,0],"gold":98357,"neow_bonus":"TEN_PERCENT_HP_BONUS","is_daily":false,"chose_seed":false,"campfire_upgraded":3,"win_rate":0.0,"timestamp":1608737807,"path_taken":["M","$","M","M","M","R","M","M","T","M","?","$","M","?","R","BOSS","M","?","?","?","M","R","M","E","T","M"],"items_purchased_type":["Relic","Card","Card","Card","Card","Card","Relic","Relic","Potion","Potion","Potion","Relic","Relic","Relic","Card","Card"],"build_version":"2020-12-22","purchased_purges":2,"victory":false,"max_hp_per_floor":[82,82,82,82,82,82,82,82,82,82,82,82,82,82,82,82,82,82,82,82,82,82,82,82,82,82,82,82],"card_choices":[{"not_picked":["Stack","Auto Shields"],"picked":"BasicCrystalCard","floor":1},{"not_picked":["Sweeping Beam","Hello World"],"picked":"Time Bomb","floor":3},{"not_picked":["Redo","Compile Driver"],"picked":"FTL","floor":4},{"not_picked":["Reprogram","Ball Lightning"],"picked":"Crystallizer","floor":5},{"not_picked":["Heatsinks","Beam Cell"],"picked":"Buffer","floor":5},{"not_picked":["Reprogram","Sweeping Beam"],"picked":"Doom and Gloom","floor":7},{"not_picked":["Self Repair","Streamline"],"picked":"Panic Button","floor":7},{"not_picked":["Hologram","Ball Lightning"],"picked":"Darkness","floor":8},{"not_picked":["Blizzard","Lockon"],"picked":"Cold Snap","floor":8},{"not_picked":["Leap","Panic Button","Blizzard"],"picked":"SKIP","floor":10},{"not_picked":["Streamline","Compile Driver","ReplayTheSpireMod:Reroute Power"],"picked":"SKIP","floor":10},{"not_picked":["Leap","Redo"],"picked":"White Noise","floor":13},{"not_picked":["Barrage","Cold Snap","Scrape"],"picked":"SKIP","floor":13},{"not_picked":["All For One","Machine Learning"],"picked":"ReplayTheSpireMod:Omega Cannon","floor":16},{"not_picked":["Sweeping Beam","Leap"],"picked":"Darkness+1","floor":18},{"not_picked":["Sweeping Beam","ReplaySolidLightProjector","Melter"],"picked":"SKIP","floor":18},{"not_picked":["Leap","Barrage"],"picked":"Redo","floor":21},{"not_picked":["Streamline+1","Leap+1","Hello World"],"picked":"SKIP","floor":21},{"not_picked":["ReplayGash","Stack"],"picked":"Force Field","floor":22},{"not_picked":["Capacitor","Ball Lightning","Gash+1"],"picked":"SKIP","floor":22},{"not_picked":["ReplayTheSpireMod:Calculation Training","Capacitor"],"picked":"Gash+1","floor":24},{"not_picked":["Panic Button+1","Rip and Tear","Sweeping Beam"],"picked":"SKIP","floor":24},{"not_picked":["Capacitor+1","Reprogram"],"picked":"Static Discharge","floor":25}],"player_experience":23750,"relics_obtained":[{"floor":9,"key":"ReplayTheSpireMod:Shallot"},{"floor":11,"key":"ReplayTheSpireMod:Ring of Collecting"},{"floor":11,"key":"Ring of Hypnosis"},{"floor":14,"key":"hubris:OldNail"},{"floor":14,"key":"Matryoshka"},{"floor":25,"key":"Replay:Towering Pillar of Hats"},{"floor":26,"key":"Happy Flower"},{"floor":26,"key":"hubris:SoftwareUpdate"},{"floor":26,"key":"Bottled Lightning"}],"event_choices":[{"cards_removed":["Normality"],"damage_healed":0,"gold_gain":0,"player_choice":"Removed Curses","damage_taken":0,"max_hp_gain":0,"max_hp_loss":0,"event_name":"Fountain of Cleansing","floor":20,"gold_loss":0}],"is_beta":false,"boss_relics":[{"not_picked":["hubris:RunicObelisk","SlaversCollar"],"picked":"vexMod:MysteryBossChallenge"}],"items_purged_floors":[2,12],"is_endless":false,"potions_floor_spawned":[3,7,8,16,22,24,25],"killed_by":"theJungle:2_Flameangoes","ascension_level":0}}