{"host":"g3bty4prdobmknyh","time":1608690391,"event":{"mods":["Act Like it!","Aspiration","BaseMod","Hermit","Minty Spire (QoL Compilation)","Pale of the Ancients","Replay The Spire","StSLib","The Blackbeard","The Hierophant","The Jungle"],"gold_per_floor":[114,114,94,109,124,154,169,211,211,226,134,149,164,194,194,294,294,309,9,9,24,54,84,99,114,164,194,209,239,254,269,269,329,329,344,344,359,359,374,408,427,427,427,446,446,71,90,124,124,124,143,162,366,216,216,235,235,310,310,281],"floor_reached":61,"playtime":6604,"items_purged":["Normality"],"score":1306,"play_id":"1bb5ba54-6e32-493a-bc46-cab18c111c06","local_time":"20201222212631","daily_mods":["Allstar","Diverse","DeadlyEvents"],"is_ascension_mode":false,"campfire_choices":[{"floor":15.0,"key":"REST"},{"floor":32.0,"key":"REST"},{"floor":42.0,"key":"REST"},{"floor":45.0,"key":"REST"},{"data":"hermit:Glare","floor":49.0,"key":"SMITH"},{"data":"blackbeard:GoldenRain","floor":55.0,"key":"SMITH"},{"data":"Midas Touch","floor":57.0,"key":"SMITH"}],"circlet_count":0,"master_deck":["Strike_B","Strike_B","Strike_B","Strike_B","Defend_B","Defend_B","Defend_B","Defend_B","Zap","Dualcast","Secret Weapon","Enlightenment","Replay:Parry","ReplayTheSpireMod:Brewmster","Thinking Ahead","blackbeard:WoodenLeg","hierophant:DisplayOfPower","hermit:LoneWolf","blackbeard:PiratesWill","Unload","Hologram","hermit:Glare+1","ReplayTheSpireMod:Private Reserves","Dagger Spray","ReplayTheSpireMod:Calculation Training","ReachHeaven","blackbeard:GoldenRain+1","hermit:CalledShot+1","Riddle With Holes","Amplify","Spot Weakness+1","ReplayTheSpireMod:Limb From Limb","Regret","hierophant:Racketeering","blackbeard:TacticalRetreat+1","Rip and Tear","Tempest+1","Inflame","ReplayTheSpireMod:From All Sides","Life Link+1","Discovery","BootSequence+1","Apotheosis","Midas Touch+1","hierophant:OrnateBuckler+1","BattleHymn+1","Replay:ManipulateFuture","hierophant:MirrorShield+1","Replay:BluntJabs+1","Iron Wave+1","Endless Agony+1","blackbeard:Spear+1","hermit:Dive+1","blackbeard:Spear+1","Parasite"],"relics":["Cracked Core","Ring of Misfortune","Orichalcum","Blood Vial","Matryoshka","Lizard Tail","Cursed Key","Dead Branch","ReplayFunnel","Oddly Smooth Stone","Gremlin Horn","Ancient Tea Set","Vajra","Pear","ChewingGum","aspiration:ChemicalBlood","Toy Ornithopter","Molten Egg 2","aspiration:MysteriousAuxiliaryCore","MealTicket","paleoftheancients:Timepiece","paleoftheancients:SoulOfTheSilent","Replay:Rubber Ducky","Mirror"],"acts_visited":["Exordium","TheCity","TheBeyond","TheBeyond"],"potions_floor_usage":[60,60,60,60,60,60,60],"damage_taken":[{"damage":1.0,"enemies":"Jaw Worm","floor":1.0,"turns":4.0},{"damage":6.0,"enemies":"2 Louse","floor":4.0,"turns":3.0},{"damage":6.0,"enemies":"Cultist","floor":5.0,"turns":4.0},{"damage":14.0,"enemies":"Gremlin Nob","floor":6.0,"turns":4.0},{"damage":7.0,"enemies":"2 Fungi Beasts","floor":7.0,"turns":3.0},{"damage":24.0,"enemies":"Lagavulin Event","floor":8.0,"turns":5.0},{"damage":9.0,"enemies":"3 Louse","floor":10.0,"turns":3.0},{"damage":0.0,"enemies":"Looter","floor":12.0,"turns":2.0},{"damage":3.0,"enemies":"2 Fungi Beasts","floor":13.0,"turns":2.0},{"damage":24.0,"enemies":"Lagavulin","floor":14.0,"turns":5.0},{"damage":41.0,"enemies":"The Guardian","floor":16.0,"turns":9.0},{"damage":24.0,"enemies":"Spheric Guardian","floor":18.0,"turns":5.0},{"damage":8.0,"enemies":"Chosen","floor":21.0,"turns":4.0},{"damage":35.0,"enemies":"Replay:Snechameleon","floor":22.0,"turns":6.0},{"damage":21.0,"enemies":"Slavers","floor":23.0,"turns":3.0},{"damage":16.0,"enemies":"Sentry and Sphere","floor":24.0,"turns":5.0},{"damage":12.0,"enemies":"Shelled Parasite and Fungi","floor":25.0,"turns":3.0},{"damage":6.0,"enemies":"Book of Stabbing","floor":27.0,"turns":3.0},{"damage":1.0,"enemies":"Centurion and Healer","floor":28.0,"turns":4.0},{"damage":10.0,"enemies":"Replay:Snechameleon","floor":29.0,"turns":3.0},{"damage":5.0,"enemies":"Snecko","floor":30.0,"turns":3.0},{"damage":4.0,"enemies":"Snake Plant","floor":31.0,"turns":3.0},{"damage":0.0,"enemies":"Automaton","floor":33.0,"turns":6.0},{"damage":0.0,"enemies":"Orb Walker","floor":35.0,"turns":3.0},{"damage":13.0,"enemies":"3 Shapes","floor":37.0,"turns":3.0},{"damage":11.0,"enemies":"Writhing Mass","floor":39.0,"turns":5.0},{"damage":15.0,"enemies":"Giant Head","floor":40.0,"turns":6.0},{"damage":4.0,"enemies":"4 Shapes","floor":41.0,"turns":4.0},{"damage":40.0,"enemies":"Maw","floor":44.0,"turns":6.0},{"damage":0.0,"enemies":"Transient","floor":47.0,"turns":5.0},{"damage":12.0,"enemies":"Nemesis","floor":48.0,"turns":5.0},{"damage":26.0,"enemies":"Replay:Hell Engine","floor":50.0,"turns":9.0},{"damage":85.0,"enemies":"Replay:Hell Engine","floor":51.0,"turns":6.0},{"damage":19.0,"enemies":"Replay:Hell Engine","floor":52.0,"turns":8.0},{"damage":43.0,"enemies":"Replay:Hell Engine","floor":56.0,"turns":8.0},{"damage":92,"enemies":"paleoftheancients:N","floor":60,"turns":10}],"seed_played":"-7682526130134428503","potions_obtained":[{"floor":3.0,"key":"SkillPotion"},{"floor":4.0,"key":"Explosive Potion"},{"floor":7.0,"key":"Reflective Coating"},{"floor":13.0,"key":"Swift Potion"},{"floor":22.0,"key":"Explosive Potion"},{"floor":27.0,"key":"DuplicationPotion"},{"floor":28.0,"key":"FocusPotion"},{"floor":29.0,"key":"DuplicationPotion"},{"floor":35.0,"key":"EssenceOfDarkness"},{"floor":40.0,"key":"BlessingOfTheForge"},{"floor":44.0,"key":"Languid Potion"},{"floor":51.0,"key":"PowerPotion"},{"floor":51.0,"key":"Strength Potion"},{"floor":51.0,"key":"Reflective Coating"},{"floor":56.0,"key":"AttackPotion"},{"floor":60,"key":"Strength Potion"},{"floor":60,"key":"Flashbang"}],"is_trial":false,"path_per_floor":["M","?","?","M","M","E","M","?","T","M","$","M","M","E","R","B",null,"M","$","?","M","E","E","M","M","T","E","M","E","M","M","R","B",null,"M","?","M","?","M","E","M","R","T","M","R","$","M","E","R","B","M","M","?","$","R","M","R","T","?","B",null],"character_chosen":"DEFECT","items_purchased":["ReplayTheSpireMod:Private Reserves","Dead Branch","aspiration:MysteriousAuxiliaryCore","Replay:Rubber Ducky"],"campfire_rested":4,"item_purchase_floors":[11,19,46,54],"current_hp_per_floor":[74,74,74,68,62,48,41,19,19,12,12,14,13,22,44,5,75,51,51,51,54,21,2,26,16,16,12,13,15,12,10,35,37,85,85,85,72,67,58,45,43,68,68,35,60,60,62,57,57,85,50,64,64,79,79,69,69,69,69,14],"gold":281,"neow_bonus":"","is_daily":true,"chose_seed":false,"campfire_upgraded":3,"win_rate":0.0,"timestamp":1608690391,"path_taken":["M","?","?","M","?","E","M","?","T","M","$","M","?","?","R","BOSS","M","$","?","?","?","E","M","?","T","E","M","?","M","M","R","BOSS","M","?","?","?","?","E","M","R","T","M","R","$","?","?","R","BOSS","M","M","?","$","R","M","R","T","?","BOSS"],"items_purchased_type":["Card","Relic","Relic","Relic"],"build_version":"2020-12-13","purchased_purges":1,"victory":true,"max_hp_per_floor":[75,75,75,75,75,75,75,75,75,75,75,75,75,75,75,75,75,75,75,75,75,75,75,75,75,75,75,75,85,85,85,85,85,85,85,85,85,85,85,85,85,85,85,85,85,85,85,85,85,85,85,85,85,85,85,85,85,85,85,85],"card_choices":[{"not_picked":["Body Slam","blackbeard:DelayedPain"],"picked":"blackbeard:WoodenLeg","floor":1.0},{"not_picked":["Anger","Evaluate"],"picked":"hierophant:DisplayOfPower","floor":4.0},{"not_picked":["hierophant:AuricForm","hierophant:PristineSoul"],"picked":"hermit:LoneWolf","floor":5.0},{"not_picked":["Heavy Blade","Panic Button"],"picked":"blackbeard:PiratesWill","floor":6.0},{"not_picked":["Leap","Whirlwind"],"picked":"Unload","floor":7.0},{"not_picked":["Sword Boomerang","Dagger Throw"],"picked":"Hologram","floor":8.0},{"not_picked":["FlyingSleeves","hierophant:HolyVerse"],"picked":"hermit:Glare","floor":10.0},{"not_picked":["Replay:Poison Smokescreen","Study"],"picked":"Dagger Spray","floor":12.0},{"not_picked":["aspiration:Polymerization","hermit:Manifest"],"picked":"ReplayTheSpireMod:Calculation Training","floor":13.0},{"not_picked":["Cold Snap","Twin Strike"],"picked":"ReachHeaven","floor":14.0},{"not_picked":["SpiritShield","Multi-Cast"],"picked":"blackbeard:GoldenRain","floor":16.0},{"not_picked":["hierophant:Remorse","Burning Pact"],"picked":"hermit:CalledShot+1","floor":18.0},{"not_picked":["hierophant:SealAway","Evaluate","hierophant:Zeal"],"picked":"SKIP","floor":21.0},{"not_picked":["Battle Trance","Flex"],"picked":"Riddle With Holes","floor":22.0},{"not_picked":["Wallop","hierophant:SealAway"],"picked":"Amplify","floor":23.0},{"not_picked":["CutThroughFate","True Grit+1"],"picked":"Spot Weakness+1","floor":24.0},{"not_picked":["Flex","Caltrops"],"picked":"ReplayTheSpireMod:Limb From Limb","floor":25.0},{"not_picked":["All Out Attack","Riddle With Holes"],"picked":"hierophant:Racketeering","floor":27.0},{"not_picked":["Gash","Reckless Charge"],"picked":"blackbeard:TacticalRetreat+1","floor":28.0},{"not_picked":["hierophant:Rebuild","ReplaySort"],"picked":"Rip and Tear","floor":29.0},{"not_picked":["Uppercut","Creative AI"],"picked":"Tempest+1","floor":30.0},{"not_picked":["hierophant:Doubloon","Draining Mist"],"picked":"Inflame","floor":31.0},{"not_picked":["Creative AI","Berserk"],"picked":"ReplayTheSpireMod:From All Sides","floor":33.0},{"not_picked":["hermit:Cheat","blackbeard:Sword"],"picked":"Life Link+1","floor":35.0},{"not_picked":["Cold Snap","Escape Plan+1"],"picked":"BootSequence+1","floor":37.0},{"not_picked":["Specialist","Secret Technique"],"picked":"Apotheosis","floor":38.0},{"not_picked":["Madness","Deep Breath"],"picked":"Midas Touch","floor":38.0},{"not_picked":["PiercingWail","Loop"],"picked":"hierophant:OrnateBuckler+1","floor":39.0},{"not_picked":["Scrape+1","hermit:Spite+1"],"picked":"BattleHymn+1","floor":40.0},{"not_picked":["Ball Lightning+1","blackbeard:GoldenRain"],"picked":"Replay:ManipulateFuture","floor":41.0},{"not_picked":["SashWhip+1","FollowUp+1"],"picked":"hierophant:MirrorShield+1","floor":44.0},{"not_picked":["Replay:Cycle+1","Bane+1"],"picked":"Replay:BluntJabs+1","floor":47.0},{"not_picked":["hierophant:Repentance+1","blackbeard:SmithingHammer+1"],"picked":"Iron Wave+1","floor":48.0},{"not_picked":["hermit:BodyArmor+1","Evaluate"],"picked":"Endless Agony+1","floor":51.0},{"not_picked":["Loop","Dropkick+1"],"picked":"blackbeard:Spear+1","floor":52.0},{"not_picked":["Dagger Throw+1","hierophant:MintersHammer+1"],"picked":"hermit:Dive+1","floor":53.0},{"not_picked":["hermit:HighCaliber+1","Hidden Blade"],"picked":"blackbeard:Spear+1","floor":56.0}],"player_experience":910416,"relics_obtained":[{"floor":2.0,"key":"Ring of Misfortune"},{"floor":6.0,"key":"Orichalcum"},{"floor":9.0,"key":"Matryoshka"},{"floor":14.0,"key":"Lizard Tail"},{"floor":22.0,"key":"ReplayFunnel"},{"floor":23.0,"key":"Oddly Smooth Stone"},{"floor":26.0,"key":"Gremlin Horn"},{"floor":26.0,"key":"Ancient Tea Set"},{"floor":27.0,"key":"Vajra"},{"floor":29.0,"key":"Pear"},{"floor":40.0,"key":"aspiration:ChemicalBlood"},{"floor":43.0,"key":"Toy Ornithopter"},{"floor":43.0,"key":"Molten Egg 2"},{"floor":48.0,"key":"MealTicket"},{"floor":51.0,"key":"paleoftheancients:SoulOfTheSilent"},{"floor":58,"key":"Mirror"}],"event_choices":[{"damage_healed":0.0,"max_hp_gain":0.0,"max_hp_loss":0.0,"gold_gain":0.0,"event_name":"The Woman in Blue","player_choice":"Bought 1 Potion","floor":3.0,"gold_loss":0.0,"damage_taken":0.0},{"damage_healed":0.0,"max_hp_gain":0.0,"max_hp_loss":0.0,"gold_gain":0.0,"event_name":"Dead Adventurer","player_choice":"Searched \u00273\u0027 times","floor":8.0,"gold_loss":0.0,"damage_taken":0.0,"relics_obtained":["Blood Vial"]},{"damage_healed":0.0,"max_hp_gain":0.0,"max_hp_loss":0.0,"gold_gain":0.0,"event_name":"Ghosts","player_choice":"Ignored","floor":20.0,"gold_loss":0.0,"damage_taken":0.0},{"damage_healed":0.0,"max_hp_gain":0.0,"max_hp_loss":0.0,"gold_gain":0.0,"event_name":"Match and Keep!","player_choice":"1 cards matched","floor":36.0,"gold_loss":0.0,"damage_taken":0.0,"cards_obtained":["Discovery"]},{"damage_healed":0.0,"max_hp_gain":0.0,"max_hp_loss":0.0,"gold_gain":0.0,"event_name":"SensoryStone","player_choice":"Memory 2","floor":38.0,"gold_loss":0.0,"damage_taken":5.0}],"is_beta":false,"boss_relics":[{"not_picked":["aspiration:Stellarator","Empty Cage"],"picked":"Cursed Key"},{"not_picked":["aspiration:BursterCore","Replay:Wanted Poster"],"picked":"ChewingGum"}],"items_purged_floors":[46],"is_endless":false,"potions_floor_spawned":[4,5,7,13,21,22,27,28,29,35,40,41,51],"ascension_level":0}}