{"host":"szp1d6dso4pv7ddl","time":1608699174,"event":{"mods":["AchievementEnabler","Alarm Clock","BaseMod","Bestiary","Block Reminder","Colored Map","Colored Powertips","Curses Come First","Displayed Cursed Tome","Highlight Path","Minty Spire (QoL Compilation)","Permanent Neow","Quick Restart","Relic Sorter","Relic Stats","StSLib","Synergy Search"],"gold_per_floor":[111,128,128,203,228,269,283,283,283],"floor_reached":8,"playtime":408,"items_purged":[],"score":84,"play_id":"be378da4-f810-4b0e-aa49-d26fa9e9520f","local_time":"20201222205254","is_ascension_mode":true,"campfire_choices":[],"circlet_count":0,"master_deck":["Strike_G","Strike_G","Strike_G","Strike_G","Strike_G","Defend_G","Defend_G","Defend_G","Defend_G","Defend_G","Survivor","Neutralize","Flying Knee","Escape Plan","Heel Hook","Adrenaline","Backflip"],"relics":["Ring of the Snake","NeowsBlessing","Golden Idol","Snake Skull"],"acts_visited":["Exordium"],"potions_floor_usage":[6,8],"damage_taken":[{"damage":0,"enemies":"Jaw Worm","floor":1,"turns":1},{"damage":0,"enemies":"2 Louse","floor":2,"turns":1},{"damage":0,"enemies":"Cultist","floor":5,"turns":1},{"damage":28,"enemies":"3 Sentries","floor":6,"turns":9},{"damage":3,"enemies":"Looter","floor":7,"turns":4},{"damage":6,"enemies":"Gremlin Nob","floor":8,"turns":2}],"seed_played":"-3898479709527022302","potions_obtained":[{"floor":2,"key":"CultistPotion"},{"floor":7,"key":"SkillPotion"}],"is_trial":false,"path_per_floor":["M","M","?","?","M","E","M","E"],"character_chosen":"THE_SILENT","items_purchased":[],"campfire_rested":0,"item_purchase_floors":[],"current_hp_per_floor":[63,63,46,35,35,7,4,0,0],"gold":283,"neow_bonus":"THREE_ENEMY_KILL","is_daily":false,"chose_seed":false,"campfire_upgraded":0,"win_rate":0.0,"timestamp":1608699174,"path_taken":["M","M","?","?","?","E","M","E"],"items_purchased_type":[],"build_version":"2020-12-22","purchased_purges":0,"victory":false,"max_hp_per_floor":[70,70,70,70,70,70,70,70,70],"relic_stats":{"counters":[6,18],"Golden Idol":16,"Snake Skull":[0],"obtain_stats":[{"NeowsBlessing":0,"Golden Idol":3,"Snake Skull":6,"Ring of the Snake":0},{"NeowsBlessing":0,"Golden Idol":2,"Snake Skull":4,"Ring of the Snake":0},{"NeowsBlessing":0,"Golden Idol":2,"Snake Skull":12,"Ring of the Snake":0}],"Ring of the Snake":[12]},"card_choices":[{"not_picked":["Bane","Slice"],"picked":"Flying Knee","floor":1},{"not_picked":["Slice","Acrobatics"],"picked":"Escape Plan","floor":2},{"not_picked":["Prepared","Choke"],"picked":"Heel Hook","floor":5},{"not_picked":["Grand Finale","Dagger Throw"],"picked":"Adrenaline","floor":6},{"not_picked":["Dagger Spray","Blade Dance"],"picked":"Backflip","floor":7}],"player_experience":985250,"relics_obtained":[{"floor":6,"key":"Snake Skull"}],"event_choices":[{"damage_healed":0,"gold_gain":0,"player_choice":"Take Damage","damage_taken":17,"relics_obtained":["Golden Idol"],"max_hp_gain":0,"max_hp_loss":0,"event_name":"Golden Idol","floor":3,"gold_loss":0},{"damage_healed":0,"gold_gain":75,"player_choice":"Gather Gold","damage_taken":11,"max_hp_gain":0,"max_hp_loss":0,"event_name":"World of Goop","floor":4,"gold_loss":0}],"is_beta":false,"boss_relics":[],"items_purged_floors":[],"is_endless":false,"potions_floor_spawned":[2,7],"killed_by":"Gremlin Nob","ascension_level":9}}