{"host":"6pgtslebjnyv5xmi","time":1608721193,"event":{"mods":["AchievementEnabler","BaseMod","Colored Map","Minty Spire (QoL Compilation)","Rare Cards Sparkle","StSLib","SuperFastMode","The Dragon Tamer","everything is the same but u backflip on backflip"],"gold_per_floor":[110,127,127,202,212,239,256,256,256,160,180,30,30,43,43,139,139,150,150,161,111,111,111,144,144,171,184,199,175,26,26,26,130,130,147,147,164,164,17,17,17],"floor_reached":40,"playtime":2065,"items_purged":[],"score":515,"play_id":"674a78d8-edad-4263-8bd0-faf08bf2e804","local_time":"20201223195953","is_ascension_mode":true,"campfire_choices":[{"floor":8,"key":"REST"},{"data":"Rainbow","floor":15,"key":"SMITH"},{"data":"Aggregate","floor":23,"key":"SMITH"},{"data":"Stack","floor":25,"key":"SMITH"},{"data":"Chaos","floor":32,"key":"SMITH"}],"circlet_count":0,"master_deck":["Strike_B+1","Strike_B+1","Strike_B+1","Strike_B+1","Defend_B+1","Defend_B+1","Defend_B+1","Defend_B+1","Zap+1","Dualcast","Scrape","Stack","Turbo","Rip and Tear","Rebound","Steam","Rainbow+1","Gash","Stack+1","Self Repair","Aggregate+1","All For One+1","Hologram+1","Ghostly","Ghostly","Ghostly","Ghostly","Ghostly","Rip and Tear","Beam Cell","Beam Cell","Chaos+1","Ball Lightning","Gash","Reboot","CurseOfTheBell","Hologram","Gash+1"],"relics":["Cracked Core","NeowsBlessing","Potion Belt","Ornamental Fan","War Paint","Matryoshka","Runic Dome","Happy Flower","Anchor","Art of War","Pen Nib","Calling Bell","Omamori","Letter Opener","Prayer Wheel","Membership Card"],"acts_visited":["Exordium","TheCity","TheBeyond"],"potions_floor_usage":[6,6,16,16,24,33,33,40],"damage_taken":[{"damage":0,"enemies":"Small Slimes","floor":1,"turns":1},{"damage":0,"enemies":"Jaw Worm","floor":2,"turns":1},{"damage":0,"enemies":"Cultist","floor":5,"turns":1},{"damage":24,"enemies":"Lagavulin","floor":6,"turns":5},{"damage":22,"enemies":"Exordium Thugs","floor":7,"turns":5},{"damage":5,"enemies":"Gremlin Gang","floor":11,"turns":5},{"damage":1,"enemies":"Large Slime","floor":14,"turns":4},{"damage":23,"enemies":"Hexaghost","floor":16,"turns":10},{"damage":11,"enemies":"Shell Parasite","floor":18,"turns":4},{"damage":2,"enemies":"Chosen","floor":20,"turns":6},{"damage":17,"enemies":"Book of Stabbing","floor":24,"turns":7},{"damage":0,"enemies":"Snecko","floor":27,"turns":2},{"damage":0,"enemies":"3 Cultists","floor":28,"turns":5},{"damage":28,"enemies":"Collector","floor":33,"turns":11},{"damage":2,"enemies":"3 Shapes","floor":35,"turns":5},{"damage":32,"enemies":"3 Darklings","floor":37,"turns":6},{"damage":24,"enemies":"Reptomancer","floor":40,"turns":6}],"seed_played":"-2950859597408813285","potions_obtained":[{"floor":2,"key":"SteroidPotion"},{"floor":5,"key":"DistilledChaos"},{"floor":11,"key":"Fire Potion"},{"floor":14,"key":"Dexterity Potion"},{"floor":18,"key":"PowerPotion"},{"floor":24,"key":"EssenceOfDarkness"},{"floor":28,"key":"Dexterity Potion"},{"floor":35,"key":"SpeedPotion"}],"is_trial":false,"path_per_floor":["M","M","?","?","M","E","M","R","T","$","M","$","T","M","R","B",null,"M","?","M","$","?","R","E","R","T","M","M","$","$","?","R","B",null,"M","?","M","?","$","E"],"character_chosen":"DEFECT","items_purchased":["Rebound","Steam","Gash","Stack","Self Repair","Beam Cell","Gash","Pen Nib","Membership Card"],"campfire_rested":1,"item_purchase_floors":[10,10,12,12,12,21,29,30,39],"current_hp_per_floor":[75,75,63,52,52,28,6,28,28,28,23,23,23,29,29,13,75,64,37,37,37,37,37,27,27,27,27,34,34,34,34,34,13,37,35,35,10,10,10,0,0],"gold":17,"neow_bonus":"THREE_ENEMY_KILL","is_daily":false,"chose_seed":false,"campfire_upgraded":4,"win_rate":0.0,"timestamp":1608721193,"path_taken":["M","M","?","?","?","E","M","R","T","?","M","$","?","?","R","BOSS","M","?","M","$","?","R","E","R","T","M","?","?","$","?","R","BOSS","M","?","M","?","$","E"],"items_purchased_type":["Card","Card","Card","Card","Card","Card","Card","Relic","Relic"],"build_version":"2020-12-22","purchased_purges":0,"victory":false,"max_hp_per_floor":[75,75,75,75,75,75,75,75,75,75,75,75,75,75,75,75,75,75,37,37,37,37,37,37,37,37,37,37,37,37,37,37,37,37,37,37,37,35,35,35,35],"card_choices":[{"not_picked":["Streamline","Storm"],"picked":"Scrape","floor":1},{"not_picked":["Turbo","Auto Shields"],"picked":"Stack","floor":2},{"not_picked":["Streamline","Barrage"],"picked":"Turbo","floor":5},{"not_picked":["Barrage","Storm","Reprogram"],"picked":"SKIP","floor":6},{"not_picked":["Ball Lightning","Coolheaded"],"picked":"Rip and Tear","floor":7},{"not_picked":["Redo","Sunder"],"picked":"Rainbow","floor":11},{"not_picked":["Compile Driver","Streamline"],"picked":"Aggregate","floor":14},{"not_picked":["Fission","Machine Learning"],"picked":"All For One","floor":16},{"not_picked":["Stack","Compile Driver"],"picked":"Hologram+1","floor":18},{"not_picked":["Ball Lightning","Glacier"],"picked":"Rip and Tear","floor":20},{"not_picked":["Ball Lightning","Lockon"],"picked":"Beam Cell","floor":24},{"not_picked":["Coolheaded+1","Cold Snap"],"picked":"Chaos","floor":27},{"not_picked":["Recycle","Coolheaded"],"picked":"Ball Lightning","floor":28},{"not_picked":["Multi-Cast","Fission"],"picked":"Reboot","floor":33},{"not_picked":["Capacitor","Redo"],"picked":"Hologram","floor":35},{"not_picked":["Glacier+1","Blizzard","Hologram"],"picked":"SKIP","floor":35},{"not_picked":["Redo+1","Cold Snap"],"picked":"Gash+1","floor":37},{"not_picked":["Fusion","Barrage","Cold Snap+1"],"picked":"SKIP","floor":37}],"player_experience":406142,"relics_obtained":[{"floor":6,"key":"Ornamental Fan"},{"floor":9,"key":"War Paint"},{"floor":13,"key":"Matryoshka"},{"floor":24,"key":"Happy Flower"},{"floor":26,"key":"Anchor"},{"floor":26,"key":"Art of War"},{"floor":34,"key":"Omamori"},{"floor":34,"key":"Letter Opener"},{"floor":34,"key":"Prayer Wheel"}],"event_choices":[{"damage_healed":0,"gold_gain":0,"player_choice":"Success","damage_taken":12,"relics_obtained":["Potion Belt"],"max_hp_gain":0,"max_hp_loss":0,"event_name":"Scrap Ooze","floor":3,"gold_loss":0},{"damage_healed":0,"gold_gain":75,"player_choice":"Gather Gold","damage_taken":11,"max_hp_gain":0,"max_hp_loss":0,"event_name":"World of Goop","floor":4,"gold_loss":0},{"damage_healed":0,"gold_gain":0,"player_choice":"Became a Ghost","damage_taken":0,"max_hp_gain":0,"max_hp_loss":38,"event_name":"Ghosts","floor":19,"gold_loss":0,"cards_obtained":["Ghostly","Ghostly","Ghostly","Ghostly","Ghostly"]},{"damage_healed":0,"gold_gain":0,"player_choice":"Forge","damage_taken":0,"max_hp_gain":0,"max_hp_loss":0,"event_name":"Accursed Blacksmith","floor":22,"gold_loss":0,"cards_upgraded":["All For One"]},{"damage_healed":0,"gold_gain":0,"player_choice":"Simplicity","damage_taken":0,"max_hp_gain":0,"max_hp_loss":0,"event_name":"Back to Basics","floor":31,"gold_loss":0,"cards_upgraded":["Strike_B","Strike_B","Strike_B","Strike_B","Defend_B","Defend_B","Defend_B"]},{"damage_healed":0,"gold_gain":0,"player_choice":"Ignored","damage_taken":0,"max_hp_gain":0,"max_hp_loss":0,"event_name":"Tomb of Lord Red Mask","floor":36,"gold_loss":0},{"damage_healed":0,"gold_gain":0,"player_choice":"Max HP","damage_taken":0,"max_hp_gain":0,"max_hp_loss":2,"event_name":"Winding Halls","floor":38,"gold_loss":0}],"is_beta":false,"boss_relics":[{"not_picked":["Snecko Eye","Sozu"],"picked":"Runic Dome"},{"not_picked":["SacredBark","Philosopher\u0027s Stone"],"picked":"Calling Bell"}],"items_purged_floors":[],"is_endless":false,"potions_floor_spawned":[2,5,11,14,18,24,28,35],"killed_by":"Reptomancer","ascension_level":3}}