{"host":"63yhhrjweyj22b0v","time":1608716137,"event":{"mods":["BaseMod","Minty Spire (QoL Compilation)","Quick Restart"],"gold_per_floor":[112,112,77,90,265,265,298,311,311,311,328,346,362,375,375,471,471,482,482,392,381,381,381,106,132,186,186,196,53,53,68,68,68,68],"floor_reached":33,"playtime":1482,"items_purged":["Doubt"],"score":319,"play_id":"2e21d3aa-5430-47a1-8971-8b680f1cffd6","local_time":"20201223033537","is_ascension_mode":false,"campfire_choices":[{"data":"Eruption","floor":6,"key":"SMITH"},{"data":"CrushJoints","floor":10,"key":"SMITH"},{"floor":15,"key":"REST"},{"floor":23,"key":"REST"},{"floor":27,"key":"REST"},{"floor":30,"key":"REST"},{"floor":32,"key":"REST"}],"circlet_count":0,"master_deck":["Strike_P","Strike_P","Strike_P","Defend_P","Defend_P","Defend_P","Eruption+1","Vigilance","Prostrate","DeusExMachina+1","CrushJoints+1","Prostrate","Prostrate","ClearTheMind","Ragnarok","Consecrate","Adaptation+1","Prostrate","Crescendo+1","Halt"],"relics":["PureWater","NeowsBlessing","Kunai","Singing Bowl","SacredBark","Lee\u0027s Waffle","Damaru","Akabeko","Bag of Marbles"],"acts_visited":["Exordium","TheCity"],"potions_floor_usage":[11,11,11,12,16,22,25,25,33],"damage_taken":[{"damage":0,"enemies":"Jaw Worm","floor":1,"turns":1},{"damage":0,"enemies":"2 Louse","floor":4,"turns":1},{"damage":0,"enemies":"Lagavulin","floor":7,"turns":2},{"damage":0,"enemies":"Cultist","floor":8,"turns":4},{"damage":3,"enemies":"Large Slime","floor":11,"turns":6},{"damage":0,"enemies":"Blue Slaver","floor":12,"turns":3},{"damage":18,"enemies":"Gremlin Gang","floor":13,"turns":5},{"damage":10,"enemies":"Exordium Thugs","floor":14,"turns":5},{"damage":12,"enemies":"Slime Boss","floor":16,"turns":10},{"damage":10,"enemies":"Shell Parasite","floor":18,"turns":2},{"damage":20,"enemies":"2 Thieves","floor":21,"turns":4},{"damage":0,"enemies":"3 Cultists","floor":22,"turns":1},{"damage":23,"enemies":"Gremlin Leader","floor":25,"turns":3},{"damage":46,"enemies":"Snake Plant","floor":28,"turns":3},{"damage":32,"enemies":"Cultist and Chosen","floor":31,"turns":5},{"damage":58,"enemies":"Collector","floor":33,"turns":6}],"seed_played":"822505252191774551","potions_obtained":[{"floor":4,"key":"EssenceOfSteel"},{"floor":7,"key":"EntropicBrew"},{"floor":12,"key":"DuplicationPotion"},{"floor":18,"key":"SmokeBomb"},{"floor":21,"key":"Swift Potion"},{"floor":31,"key":"SteroidPotion"}],"is_trial":false,"path_per_floor":["M","?","?","M","?","R","E","M","T","R","M","M","M","M","R","B",null,"M","?","?","M","M","R","$","E","T","R","M","$","R","M","R","B"],"character_chosen":"WATCHER","items_purchased":["Prostrate","Lee\u0027s Waffle","Bag of Marbles"],"campfire_rested":5,"item_purchase_floors":[24,24,29],"current_hp_per_floor":[72,65,72,72,72,72,72,72,72,72,69,69,53,43,65,53,74,64,64,64,44,44,66,81,58,58,81,35,35,59,29,53,0,0],"gold":68,"neow_bonus":"THREE_ENEMY_KILL","is_daily":false,"chose_seed":false,"campfire_upgraded":2,"win_rate":0.0,"timestamp":1608716137,"path_taken":["M","?","?","M","?","R","E","?","T","R","M","?","M","M","R","BOSS","M","?","?","?","M","R","$","E","T","R","M","?","R","M","R","BOSS"],"items_purchased_type":["Card","Relic","Relic"],"build_version":"2020-12-22","purchased_purges":1,"victory":false,"max_hp_per_floor":[72,72,72,72,72,72,72,72,72,72,72,72,74,74,74,74,74,74,74,74,74,74,74,81,81,81,81,81,81,81,83,83,83,83],"card_choices":[{"not_picked":["PathToVictory","ClearTheMind"],"picked":"Prostrate","floor":1},{"not_picked":["FlyingSleeves","InnerPeace","WreathOfFlame"],"picked":"SKIP","floor":4},{"not_picked":["InnerPeace","LikeWater"],"picked":"DeusExMachina","floor":7},{"not_picked":["ThirdEye","Weave"],"picked":"CrushJoints","floor":8},{"not_picked":["EmptyFist","Study"],"picked":"Prostrate","floor":11},{"not_picked":["ClearTheMind","ForeignInfluence"],"picked":"Prostrate","floor":12},{"not_picked":["ThirdEye","SashWhip","Wireheading"],"picked":"Singing Bowl","floor":13},{"not_picked":["TalkToTheHand","BattleHymn"],"picked":"ClearTheMind","floor":14},{"not_picked":["Vault","LessonLearned"],"picked":"Ragnarok","floor":16},{"not_picked":["Nirvana","CutThroughFate"],"picked":"Consecrate","floor":18},{"not_picked":["EmptyBody","ClearTheMind"],"picked":"Adaptation+1","floor":21},{"not_picked":["LikeWater","FlurryOfBlows"],"picked":"Crescendo+1","floor":25},{"not_picked":["EmptyBody","Fasting2"],"picked":"Halt","floor":28},{"not_picked":["ForeignInfluence","Meditate","CrushJoints+1"],"picked":"Singing Bowl","floor":31}],"player_experience":637765,"relics_obtained":[{"floor":7,"key":"Kunai"},{"floor":9,"key":"Singing Bowl"},{"floor":25,"key":"Damaru"},{"floor":26,"key":"Akabeko"}],"event_choices":[{"cards_removed":["Defend_P"],"damage_healed":0,"gold_gain":0,"player_choice":"Card Removal","damage_taken":7,"max_hp_gain":0,"max_hp_loss":0,"event_name":"Golden Wing","floor":2,"gold_loss":0},{"damage_healed":18,"gold_gain":0,"player_choice":"Healed","damage_taken":0,"max_hp_gain":0,"max_hp_loss":0,"event_name":"The Cleric","floor":3,"gold_loss":35},{"damage_healed":0,"gold_gain":175,"player_choice":"AGREE","damage_taken":0,"max_hp_gain":0,"max_hp_loss":0,"event_name":"Liars Game","floor":5,"gold_loss":0,"cards_obtained":["Doubt"]},{"damage_healed":0,"gold_gain":0,"player_choice":"Ignored","damage_taken":0,"max_hp_gain":0,"max_hp_loss":0,"event_name":"Vampires","floor":19,"gold_loss":0},{"cards_removed":["Strike_P"],"damage_healed":0,"gold_gain":0,"player_choice":"Upgrade and Remove","damage_taken":0,"max_hp_gain":0,"max_hp_loss":0,"event_name":"Designer","floor":20,"gold_loss":90,"cards_upgraded":["DeusExMachina"]}],"is_beta":false,"boss_relics":[{"not_picked":["Cursed Key","Ectoplasm"],"picked":"SacredBark"}],"items_purged_floors":[24],"is_endless":false,"potions_floor_spawned":[4,7,12,14,18,21,31],"killed_by":"Collector","ascension_level":0}}