{"host":"vc42n08di9czm3e7","time":1608740751,"event":{"mods":["AchievementEnabler","Act Like it!","BaseMod","Colored Powertips","Downfall","Friendly Minions","GifTheSpireLib","Jorbs\u0027s Wanderer Trilogy","Minty Spire (QoL Compilation)","Rare Cards Sparkle","StSLib","The Bug Knight"],"gold_per_floor":[99,99,117,131,146,173,173,273,308,37,53,53,103,113,130,233,233,233,248,248,267,13,13,38,58,70,70,86,86,99,9,19,19,19,19],"floor_reached":33,"playtime":2505,"items_purged":["Slimebound:MinionMaster"],"score":311,"play_id":"39456537-996a-45e8-99b7-4c42f0956659","local_time":"20201223112551","is_ascension_mode":false,"campfire_choices":[{"data":"Slimebound:Split","floor":1,"key":"SMITH"},{"floor":12,"key":"REST"},{"data":"Slimebound:Teamwork","floor":18,"key":"SMITH"},{"data":"Slimebound:ProtectTheBoss","floor":23,"key":"SMITH"}],"circlet_count":0,"master_deck":["Slimebound:Tackle","Slimebound:Defend_Slimebound","Slimebound:Split+1","Slimebound:CorrosiveSpit","Slimebound:Grow+1","Slimebound:ViciousTackle","Slimebound:Teamwork+1","Slimebound:RainOfGoop","Slimebound:FlameTackle","Slimebound:PressTheAttack","Slimebound:RollThrough","Finesse","Slimebound:SlimeSpikes","Slimebound:LeadByExample","Slimebound:Schlurp","Slimebound:FinishingTackle","Slimebound:LeechEnergy","Slimebound:SlimeSlap","Slimebound:MegaLick+1","Slimebound:Overexert+1","Slimebound:SlimeSpikes","Slimebound:FinishingTackle","Slimebound:RollThrough+1","Slimebound:ProtectTheBoss+1","Slimebound:SamplingLick","Slimebound:Grow+1","Slimebound:RejuvenatingLick","Slimebound:SamplingLick","Slimebound:RallyTheTroops","Slimebound:FlameTackle+1","Slimebound:Dissolve+1","Slimebound:RollThrough","Slimebound:GrowthPunch","Slimebound:GrowthPunch","Slimebound:GoopTackle","Slimebound:RejuvenatingLick+1"],"relics":["Slimebound:AbsorbEndCombat","Incense Burner","Kunai","Membership Card","HollowMod:PaleOreRelic","Astrolabe","downfall:RedIOU","Blood Vial","Centennial Puzzle","Oddly Smooth Stone","NlothsMask","Orrery"],"acts_visited":["Exordium","TheCity"],"potions_floor_usage":[8,8,16,25,32,33,33],"damage_taken":[{"damage":8,"enemies":"Cultist","floor":3,"turns":4},{"damage":16,"enemies":"Small Slimes","floor":4,"turns":4},{"damage":16,"enemies":"Jaw Worm","floor":5,"turns":4},{"damage":24,"enemies":"HollowMod:MossKnight","floor":6,"turns":12},{"damage":38,"enemies":"downfall:Heads","floor":8,"turns":7},{"damage":35,"enemies":"Gremlin Nob","floor":9,"turns":5},{"damage":12,"enemies":"downfall:FleeingMerchant","floor":10,"turns":4},{"damage":8,"enemies":"Blue Slaver","floor":11,"turns":4},{"damage":15,"enemies":"2 Fungi Beasts","floor":14,"turns":4},{"damage":18,"enemies":"Gremlin Gang","floor":15,"turns":3},{"damage":36,"enemies":"downfall:Watcher","floor":16,"turns":9},{"damage":14,"enemies":"Shell Parasite","floor":19,"turns":5},{"damage":17,"enemies":"Snake Plant","floor":21,"turns":6},{"damage":16,"enemies":"downfall:FleeingMerchant","floor":22,"turns":4},{"damage":29,"enemies":"Cultist and Chosen","floor":25,"turns":5},{"damage":22,"enemies":"Sentry and Sphere","floor":26,"turns":6},{"damage":33,"enemies":"Snake Plant","floor":28,"turns":6},{"damage":52,"enemies":"Centurion and Healer","floor":30,"turns":9},{"damage":2,"enemies":"downfall:FleeingMerchant","floor":31,"turns":4},{"damage":8,"enemies":"Shelled Parasite and Fungi","floor":32,"turns":4},{"damage":107,"enemies":"downfall:Defect","floor":33,"turns":13}],"seed_played":"-6354375293099073827","potions_obtained":[{"floor":4,"key":"Explosive Potion"},{"floor":5,"key":"CultistPotion"},{"floor":9,"key":"SteroidPotion"},{"floor":11,"key":"Swift Potion"},{"floor":16,"key":"sneckomod:MuddlingPotion"},{"floor":21,"key":"Slimebound:SlimyTonguePotion"},{"floor":25,"key":"SpeedPotion"},{"floor":32,"key":"DuplicationPotion"}],"is_trial":false,"path_per_floor":["R","?","M","M","M","E","T","?","E","$","M","R","T","M","M","B",null,"R","M","?","M","$","R","T","M","M","?","M","?","M","$","M","B"],"character_chosen":"SLIMEBOUND","items_purchased":["Membership Card","Finesse","Slimebound:SlimeSpikes","Slimebound:LeadByExample","Slimebound:ProtectTheBoss","Slimebound:SamplingLick","Blood Vial","Centennial Puzzle","Orrery"],"campfire_rested":1,"item_purchase_floors":[10,10,10,10,22,22,22,22,31],"current_hp_per_floor":[66,66,66,64,60,56,56,38,15,13,15,34,34,31,29,15,66,66,64,64,59,55,55,55,42,40,40,23,76,36,54,64,0,0,0],"gold":19,"neow_bonus":"TEN_PERCENT_HP_BONUS","is_daily":false,"chose_seed":false,"campfire_upgraded":3,"win_rate":0.0,"timestamp":1608740751,"path_taken":["R","?","M","M","?","E","T","?","E","$","M","R","?","M","M","BOSS","R","M","?","M","$","R","T","M","M","?","?","?","M","$","M","BOSS"],"items_purchased_type":["Relic","Card","Card","Card","Card","Card","Relic","Relic","Relic"],"build_version":"2020-12-13","purchased_purges":1,"victory":false,"max_hp_per_floor":[66,66,66,66,66,66,66,66,66,66,66,66,66,66,66,66,66,66,66,66,66,66,66,66,66,66,66,66,76,76,76,76,76,76,76],"card_choices":[{"not_picked":["Slimebound:ComboTackle","Slimebound:Repurpose"],"picked":"Slimebound:Grow","floor":3},{"not_picked":["Slimebound:AcidTongue","Slimebound:SplitLeeching"],"picked":"Slimebound:ViciousTackle","floor":4},{"not_picked":["Slimebound:Replication","Slimebound:Equalize"],"picked":"Slimebound:Teamwork","floor":5},{"not_picked":["Slimebound:Repurpose","Slimebound:LeechingTouch"],"picked":"Slimebound:RainOfGoop","floor":6},{"not_picked":["Slimebound:FormOfPuddle","Slimebound:ViciousTackle"],"picked":"Slimebound:FlameTackle","floor":8},{"not_picked":["Slimebound:GoopSpray","Slimebound:ViciousTackle"],"picked":"Slimebound:PressTheAttack","floor":9},{"not_picked":["Slimebound:SplitBruiser","Slimebound:LivingWall"],"picked":"Slimebound:RollThrough","floor":10},{"not_picked":["Slimebound:AcidTongue","Slimebound:SplitMire"],"picked":"Slimebound:Schlurp","floor":11},{"not_picked":["Slimebound:SlimeBarrage","Slimebound:SplitAcid"],"picked":"Slimebound:FinishingTackle","floor":14},{"not_picked":["Slimebound:DuplicatedForm","Slimebound:RollThrough"],"picked":"Slimebound:LeechEnergy","floor":15},{"not_picked":["Slimebound:MinionMaster","Slimebound:CheckThePlaybook"],"picked":"Slimebound:SlimeSlap","floor":16},{"not_picked":["Slimebound:SplitLeeching+1","Slimebound:LeechingTouch+1"],"picked":"Slimebound:SlimeSpikes","floor":19},{"not_picked":["Slimebound:SplitAcid","Slimebound:SlimeSlap"],"picked":"Slimebound:FinishingTackle","floor":21},{"not_picked":["Slimebound:SplitLeeching","Slimebound:SlimeBrawl"],"picked":"Slimebound:RollThrough+1","floor":22},{"not_picked":["Slimebound:SplitLeeching","Slimebound:SplitBruiser+1"],"picked":"Slimebound:Grow+1","floor":25},{"not_picked":["Slimebound:Schlurp","Slimebound:GoopSpray"],"picked":"Slimebound:RejuvenatingLick","floor":26},{"not_picked":["Slimebound:LeechingTouch","Slimebound:LeechEnergy+1"],"picked":"Slimebound:SamplingLick","floor":28},{"not_picked":["Slimebound:RollThrough","Slimebound:Schlurp"],"picked":"Slimebound:RallyTheTroops","floor":30},{"not_picked":["Slimebound:Schlurp","Slimebound:SlimeBrawl+1"],"picked":"Slimebound:FlameTackle+1","floor":31},{"not_picked":["Slimebound:FlameTackle","Slimebound:CheckThePlaybook"],"picked":"Slimebound:Dissolve+1","floor":31},{"not_picked":["Slimebound:SplitBruiser","Slimebound:ItLooksTasty"],"picked":"Slimebound:RollThrough","floor":31},{"not_picked":["Slimebound:PressTheAttack","Slimebound:SplitAcid"],"picked":"Slimebound:GrowthPunch","floor":31},{"not_picked":["Slimebound:SplitMire","Slimebound:SamplingLick"],"picked":"Slimebound:GrowthPunch","floor":31},{"not_picked":["Slimebound:PrepareCrush","Slimebound:SplitLeeching"],"picked":"Slimebound:GoopTackle","floor":31},{"not_picked":["Slimebound:LeechEnergy","Slimebound:SlimeBrawl"],"picked":"Slimebound:RejuvenatingLick+1","floor":32}],"player_experience":160805,"relics_obtained":[{"floor":6,"key":"Incense Burner"},{"floor":7,"key":"Kunai"},{"floor":9,"key":"Potion Belt"},{"floor":13,"key":"HollowMod:PaleOreRelic"},{"floor":24,"key":"Oddly Smooth Stone"}],"event_choices":[{"cards_removed":["Slimebound:Defend_Slimebound"],"damage_healed":0,"gold_gain":0,"player_choice":"Purged","damage_taken":0,"max_hp_gain":0,"max_hp_loss":0,"event_name":"Purifier","floor":2,"gold_loss":0},{"damage_healed":0,"gold_gain":0,"player_choice":"Trade","damage_taken":0,"relics_obtained":["NlothsMask"],"max_hp_gain":0,"max_hp_loss":0,"event_name":"FaceTrader","floor":27,"gold_loss":0},{"cards_removed":["Slimebound:DuplicatedForm"],"damage_healed":43,"gold_gain":0,"player_choice":"Offered Rare","damage_taken":0,"max_hp_gain":10,"max_hp_loss":0,"event_name":"Bonfire Elementals","floor":29,"gold_loss":0}],"is_beta":false,"boss_relics":[{"not_picked":["downfall:Hecktoplasm","Slimebound:TarBlob"],"picked":"Astrolabe"}],"items_purged_floors":[22],"is_endless":false,"potions_floor_spawned":[4,5,9,11,16,21,25,32],"killed_by":"downfall:Defect","ascension_level":0}}