{"host":"6kpik4p6m02tzjjt","time":1608705743,"event":{"mods":["BaseMod","Colored Map","Minty Spire (QoL Compilation)","Quick Restart","Relic Stats"],"gold_per_floor":[110,110,127,127,146,171,171,202,248,263,263,280,305,316,316,420,420,438,438,4,4,104,135,150,150,150,71,105,120,154,79,79,184,234,246,246,266,317,336,336,336,336,336,336,336,351,363,176,176,176],"floor_reached":51,"playtime":2791,"items_purged":[],"score":773,"play_id":"4e4d3e76-2cba-4a58-bd72-bb2caece7ef6","local_time":"20201223014223","is_ascension_mode":false,"campfire_choices":[{"data":"Zap","floor":7,"key":"SMITH"},{"floor":15,"key":"REST"},{"floor":25,"key":"REST"},{"floor":32,"key":"REST"},{"data":"Lockon","floor":42,"key":"SMITH"},{"floor":44,"key":"REST"},{"data":"Thunder Strike","floor":49,"key":"SMITH"}],"circlet_count":0,"master_deck":["Strike_B+1","Strike_B","Strike_B","Defend_B","Defend_B","Defend_B+1","Defend_B","Zap+1","Dualcast","Ball Lightning+1","Biased Cognition+1","Go for the Eyes","Lockon+1","Skim+1","Streamline","FTL","Electrodynamics+1","Redo","Loop+1","FTL","Barrage","Self Repair+1","Defragment+1","Reboot","Go for the Eyes","Genetic Algorithm+1","Static Discharge+1","Machine Learning+1","Sweeping Beam","Storm+1","BootSequence","Conserve Battery","Jack Of All Trades","Flash of Steel","Jack Of All Trades","Thunder Strike+1","Storm+1"],"relics":["Cracked Core","Frozen Egg 2","Ginger","Mummified Hand","Dream Catcher","Bottled Flame","Nuclear Battery","Bag of Preparation","Bag of Marbles","Bird Faced Urn","War Paint","Pantograph","Centennial Puzzle","PreservedInsect","Tiny House","Gambling Chip","Gremlin Horn"],"acts_visited":["Exordium","TheCity","TheBeyond"],"potions_floor_usage":[13,33,33,34,46,47,50,50],"damage_taken":[{"damage":2,"enemies":"2 Louse","floor":1,"turns":3},{"damage":6,"enemies":"Cultist","floor":3,"turns":3},{"damage":11,"enemies":"Jaw Worm","floor":5,"turns":2},{"damage":8,"enemies":"Gremlin Nob","floor":6,"turns":3},{"damage":16,"enemies":"Lagavulin","floor":8,"turns":4},{"damage":0,"enemies":"Large Slime","floor":10,"turns":3},{"damage":14,"enemies":"Lots of Slimes","floor":12,"turns":3},{"damage":6,"enemies":"Gremlin Nob","floor":13,"turns":3},{"damage":9,"enemies":"Gremlin Gang","floor":14,"turns":3},{"damage":11,"enemies":"Slime Boss","floor":16,"turns":5},{"damage":5,"enemies":"Chosen","floor":18,"turns":3},{"damage":25,"enemies":"Book of Stabbing","floor":23,"turns":3},{"damage":0,"enemies":"Spheric Guardian","floor":24,"turns":1},{"damage":12,"enemies":"Gremlin Leader","floor":28,"turns":3},{"damage":0,"enemies":"Snake Plant","floor":29,"turns":2},{"damage":25,"enemies":"Book of Stabbing","floor":30,"turns":3},{"damage":23,"enemies":"Automaton","floor":33,"turns":4},{"damage":0,"enemies":"Orb Walker","floor":35,"turns":1},{"damage":0,"enemies":"3 Shapes","floor":37,"turns":1},{"damage":18,"enemies":"2 Orb Walkers","floor":38,"turns":2},{"damage":0,"enemies":"Transient","floor":39,"turns":5},{"damage":17,"enemies":"Spire Growth","floor":46,"turns":2},{"damage":8,"enemies":"3 Darklings","floor":47,"turns":3},{"damage":54,"enemies":"Donu and Deca","floor":50,"turns":4}],"seed_played":"141822482775019933","potions_obtained":[{"floor":3,"key":"GamblersBrew"},{"floor":8,"key":"Energy Potion"},{"floor":10,"key":"Strength Potion"},{"floor":16,"key":"DistilledChaos"},{"floor":29,"key":"GamblersBrew"},{"floor":33,"key":"BlessingOfTheForge"},{"floor":34,"key":"Fruit Juice"},{"floor":38,"key":"CultistPotion"},{"floor":45,"key":"FairyPotion"},{"floor":46,"key":"Swift Potion"},{"floor":47,"key":"Fire Potion"}],"is_trial":false,"path_per_floor":["M","?","M","T","M","E","R","E","T","M","?","M","E","M","R","B",null,"M","?","$","T","?","E","M","R","T","$","E","M","E","?","R","B",null,"M","?","M","?","M","?","?","R","T","R","?","M","M","$","R","B",null],"character_chosen":"DEFECT","items_purchased":["Loop+1","FTL","Bag of Preparation","Bag of Marbles","Defragment+1","Thunder Strike","Storm+1"],"campfire_rested":4,"item_purchase_floors":[20,20,20,20,27,48,48],"current_hp_per_floor":[80,80,74,74,63,55,55,39,39,39,44,30,24,15,39,28,82,77,77,77,77,77,58,60,82,82,82,82,82,73,73,82,73,92,92,83,89,85,92,82,82,82,82,92,92,85,92,92,92,46],"gold":176,"neow_bonus":"TEN_PERCENT_HP_BONUS","is_daily":false,"chose_seed":false,"campfire_upgraded":3,"win_rate":0.0,"timestamp":1608705743,"path_taken":["M","?","?","?","M","E","R","E","T","M","?","?","E","M","R","BOSS","M","?","?","?","?","E","?","R","T","$","E","?","E","?","R","BOSS","M","?","?","?","M","?","?","R","T","R","?","M","M","$","R","BOSS"],"items_purchased_type":["Card","Card","Relic","Relic","Card","Card","Card"],"build_version":"2020-12-22","purchased_purges":0,"victory":true,"max_hp_per_floor":[82,82,82,82,82,82,82,82,82,82,82,82,82,82,82,82,82,82,82,82,82,82,82,82,82,82,82,82,82,82,82,82,82,92,92,92,92,92,92,92,92,92,92,92,92,92,92,92,92,92],"relic_stats":{"Gremlin Horn":[3,3],"counters":[24,69],"PreservedInsect":0,"Bag of Preparation":[26],"Ginger":[6],"War Paint":["Defend_B","Skim"],"Dream Catcher":4,"Centennial Puzzle":[18],"Mummified Hand":[65],"Bird Faced Urn":[64],"Pantograph":0,"Gambling Chip":[11],"obtain_stats":[{"Tiny House":34,"Gremlin Horn":43,"PreservedInsect":30,"Bag of Preparation":20,"Ginger":6,"Frozen Egg 2":4,"War Paint":23,"Nuclear Battery":17,"Dream Catcher":9,"Bottled Flame":13,"Centennial Puzzle":28,"Mummified Hand":8,"Bird Faced Urn":21,"Pantograph":26,"Gambling Chip":38,"Bag of Marbles":20,"Cracked Core":0},{"Tiny House":17,"Gremlin Horn":21,"PreservedInsect":16,"Bag of Preparation":11,"Ginger":4,"Frozen Egg 2":2,"War Paint":12,"Nuclear Battery":10,"Dream Catcher":5,"Bottled Flame":8,"Centennial Puzzle":14,"Mummified Hand":5,"Bird Faced Urn":11,"Pantograph":13,"Gambling Chip":20,"Bag of Marbles":11,"Cracked Core":0},{"Tiny House":51,"Gremlin Horn":60,"PreservedInsect":47,"Bag of Preparation":35,"Ginger":11,"Frozen Egg 2":6,"War Paint":38,"Nuclear Battery":32,"Dream Catcher":15,"Bottled Flame":24,"Centennial Puzzle":42,"Mummified Hand":15,"Bird Faced Urn":35,"Pantograph":39,"Gambling Chip":55,"Bag of Marbles":35,"Cracked Core":0}]},"card_choices":[{"not_picked":["Beam Cell","Double Energy"],"picked":"Sweeping Beam","floor":1},{"not_picked":["Consume","Storm"],"picked":"Ball Lightning","floor":3},{"not_picked":["Beam Cell","Stack"],"picked":"Biased Cognition+1","floor":5},{"not_picked":["Coolheaded","Steam"],"picked":"Go for the Eyes","floor":6},{"not_picked":["Steam","Skim"],"picked":"Lockon","floor":8},{"not_picked":["Sweeping Beam","Beam Cell"],"picked":"Skim","floor":10},{"not_picked":["Cold Snap","Stack"],"picked":"Streamline","floor":12},{"not_picked":["Blizzard","Steam Power","Darkness"],"picked":"SKIP","floor":13},{"not_picked":["Sweeping Beam","Ball Lightning"],"picked":"FTL","floor":14},{"not_picked":["Compile Driver","Hologram"],"picked":"Glacier","floor":15},{"not_picked":["Biased Cognition+1","Thunder Strike"],"picked":"Electrodynamics+1","floor":16},{"not_picked":["Steam","Stack"],"picked":"Redo","floor":18},{"not_picked":["Steam","Beam Cell+1"],"picked":"Barrage","floor":23},{"not_picked":["Streamline","Reprogram","Darkness"],"picked":"SKIP","floor":24},{"not_picked":["Double Energy","Streamline"],"picked":"Self Repair+1","floor":25},{"not_picked":["Fusion","FTL+1"],"picked":"Reboot","floor":28},{"not_picked":["Compile Driver+1","Chaos"],"picked":"Go for the Eyes","floor":29},{"not_picked":["Streamline+1","Beam Cell"],"picked":"Genetic Algorithm+1","floor":30},{"not_picked":["White Noise","Chill"],"picked":"Static Discharge+1","floor":32},{"not_picked":["Seek","Reboot"],"picked":"Machine Learning+1","floor":33},{"not_picked":["Cold Snap","Consume"],"picked":"Sweeping Beam","floor":34},{"not_picked":["Hello World+1","Reprogram+1"],"picked":"Storm+1","floor":35},{"not_picked":["Ball Lightning+1","Heatsinks+1"],"picked":"BootSequence","floor":37},{"not_picked":["Glacier+1","Beam Cell+1"],"picked":"Conserve Battery","floor":38},{"not_picked":["Conserve Battery","Streamline","Fusion"],"picked":"SKIP","floor":39},{"not_picked":["Trip","Panacea"],"picked":"Jack Of All Trades","floor":40},{"not_picked":["Swift Strike","Violence"],"picked":"Flash of Steel","floor":40},{"not_picked":["Discovery","Deep Breath"],"picked":"Jack Of All Trades","floor":40},{"not_picked":["Blizzard","Rip and Tear+1","Gash"],"picked":"SKIP","floor":46},{"not_picked":["Hologram+1","Skim","Beam Cell"],"picked":"SKIP","floor":47}],"player_experience":6013,"relics_obtained":[{"floor":4,"key":"Frozen Egg 2"},{"floor":6,"key":"Ginger"},{"floor":8,"key":"Mummified Hand"},{"floor":9,"key":"Dream Catcher"},{"floor":13,"key":"Bottled Flame"},{"floor":21,"key":"Bird Faced Urn"},{"floor":23,"key":"War Paint"},{"floor":26,"key":"Pantograph"},{"floor":28,"key":"Centennial Puzzle"},{"floor":30,"key":"PreservedInsect"},{"floor":38,"key":"Gambling Chip"},{"floor":43,"key":"Gremlin Horn"}],"event_choices":[{"cards_removed":["Sweeping Beam"],"damage_healed":0,"gold_gain":0,"player_choice":"Took Card","damage_taken":0,"max_hp_gain":0,"max_hp_loss":0,"event_name":"NoteForYourself","floor":2,"gold_loss":0,"cards_obtained":["Iron Wave"]},{"cards_removed":["Iron Wave"],"damage_healed":5,"gold_gain":0,"player_choice":"Offered Common","damage_taken":0,"max_hp_gain":0,"max_hp_loss":0,"event_name":"Bonfire Elementals","floor":11,"gold_loss":0},{"cards_removed":["Iron Wave"],"damage_healed":5,"gold_gain":0,"player_choice":"Offered Special","damage_taken":0,"max_hp_gain":0,"max_hp_loss":0,"event_name":"Bonfire Elementals","floor":11,"gold_loss":0},{"damage_healed":0,"gold_gain":0,"player_choice":"Upgraded","damage_taken":0,"max_hp_gain":0,"max_hp_loss":0,"event_name":"Upgrade Shrine","floor":19,"gold_loss":0,"cards_upgraded":["Ball Lightning"]},{"damage_healed":0,"gold_gain":100,"player_choice":"Pray","damage_taken":0,"max_hp_gain":0,"max_hp_loss":0,"event_name":"Golden Shrine","floor":22,"gold_loss":0},{"cards_removed":["Glacier"],"damage_healed":0,"gold_gain":0,"player_choice":"Gave Gold","damage_taken":0,"max_hp_gain":0,"max_hp_loss":0,"event_name":"Beggar","floor":31,"gold_loss":75},{"damage_healed":0,"gold_gain":0,"player_choice":"Damaged","damage_taken":9,"max_hp_gain":0,"max_hp_loss":0,"event_name":"Wheel of Change","floor":36,"gold_loss":0},{"damage_healed":0,"gold_gain":0,"player_choice":"Fight","damage_taken":0,"max_hp_gain":0,"max_hp_loss":0,"event_name":"Mysterious Sphere","floor":38,"gold_loss":0},{"damage_healed":0,"gold_gain":0,"player_choice":"Memory 3","damage_taken":10,"max_hp_gain":0,"max_hp_loss":0,"event_name":"SensoryStone","floor":40,"gold_loss":0},{"cards_removed":["Strike_B"],"damage_healed":0,"gold_gain":0,"player_choice":"Removed Attack","damage_taken":0,"max_hp_gain":0,"max_hp_loss":0,"event_name":"Falling","floor":41,"gold_loss":0},{"damage_healed":0,"gold_gain":0,"player_choice":"Got Potions","damage_taken":0,"max_hp_gain":0,"max_hp_loss":0,"event_name":"Lab","floor":45,"gold_loss":0}],"is_beta":false,"boss_relics":[{"not_picked":["Empty Cage","Fusion Hammer"],"picked":"Nuclear Battery"},{"not_picked":["Philosopher\u0027s Stone","Sozu"],"picked":"Tiny House"}],"items_purged_floors":[],"is_endless":false,"potions_floor_spawned":[3,8,10,16,29,33,38,46,47],"ascension_level":0}}