{"host":"gww6ffkzfofersck","time":1608767360,"event":{"mods":["Astrologer","BaseMod","ChefMod","Colored Powertips","Conspire","Downfall","Ekko","Fiend Mod","Hermit","Highlight Path","Infinite Spire","Ironclad Rager","Minty Spire (QoL Compilation)","Pikachu Mod","Potionbrewer","Quick Restart","Replay The Spire","Shedinja","Shop Mod","StSLib","The Blackbeard","The Hierophant","The Necromancer","TheVacant","Wandering Minibosses"],"gold_per_floor":[99,117,117,134,134,150,150,250,250,37,48,48,68,97,117,117,117,117],"floor_reached":16,"playtime":997,"items_purged":[],"score":102,"play_id":"4964de3b-1cc1-4213-b7f3-f90a91c7645c","local_time":"20201223184920","is_ascension_mode":false,"campfire_choices":[{"data":"Slimebound:CorrosiveSpit","floor":1,"key":"SMITH"},{"data":"Slimebound:SplitBruiser","floor":9,"key":"SMITH"},{"data":"Slimebound:SlimeBarrage","floor":12,"key":"SMITH"}],"circlet_count":0,"master_deck":["Slimebound:Strike_Slimebound","Slimebound:Strike_Slimebound","Slimebound:Strike_Slimebound","Slimebound:Tackle","Slimebound:Defend_Slimebound","Slimebound:Defend_Slimebound+1","Slimebound:Defend_Slimebound","Slimebound:Defend_Slimebound","Slimebound:Split+1","Slimebound:CorrosiveSpit+1","Slimebound:SlimeBarrage+1","Slimebound:RollThrough","Slimebound:Prepare","Slimebound:SplitBruiser+1","Slimebound:GrowthPunch","Slimebound:SplitSpecialist","Slimebound:LevelUp","Slimebound:SlimeSpikes+1","Slimebound:Gluttony","Slimebound:Recycling","Slimebound:LeadByExample"],"relics":["Slimebound:AbsorbEndCombat","infinitespire:FocusingShard","White Beast Statue","MerchantsRug","War Paint"],"acts_visited":["Exordium"],"potions_floor_usage":[],"damage_taken":[{"damage":11,"enemies":"Small Slimes","floor":2,"turns":3},{"damage":8,"enemies":"2 Louse","floor":4,"turns":2},{"damage":9,"enemies":"Cultist","floor":6,"turns":3},{"damage":66,"enemies":"downfall:LadyInBlue","floor":8,"turns":10},{"damage":15,"enemies":"downfall:FleeingMerchant","floor":10,"turns":4},{"damage":22,"enemies":"Exordium Wildlife","floor":11,"turns":3},{"damage":23,"enemies":"Large Slime","floor":13,"turns":2},{"damage":26,"enemies":"3 Sentries","floor":14,"turns":4},{"damage":13,"enemies":"3 Louse","floor":15,"turns":3},{"damage":51,"enemies":"downfall:Silent","floor":16,"turns":4}],"seed_played":"-6030592027064448264","potions_obtained":[{"floor":6,"key":"Ancient Potion"},{"floor":8,"key":"Dexterity Potion"},{"floor":8,"key":"potionbrewer:QuicksilverPotion"},{"floor":11,"key":"Adrenaline Potion"},{"floor":13,"key":"Weak Potion"},{"floor":14,"key":"Reflective Coating"}],"is_trial":false,"path_per_floor":["R","M","?","M","?","M","T","?","R","$","M","R","M","E","M","B"],"character_chosen":"SLIMEBOUND","items_purchased":["MerchantsRug","Slimebound:SplitSpecialist","Slimebound:LevelUp"],"campfire_rested":0,"item_purchase_floors":[10,10,10],"current_hp_per_floor":[60,60,60,60,60,60,60,41,41,58,56,56,53,47,42,0,0,0],"gold":117,"neow_bonus":"UPGRADE_CARD","is_daily":false,"chose_seed":false,"campfire_upgraded":3,"win_rate":0.0,"timestamp":1608767360,"path_taken":["R","M","?","M","?","M","T","?","R","$","M","R","M","E","M","BOSS"],"items_purchased_type":["Relic","Card","Card"],"build_version":"2020-12-22","purchased_purges":0,"victory":false,"max_hp_per_floor":[60,60,60,60,60,60,60,60,60,60,60,60,60,60,60,60,60,60],"card_choices":[{"not_picked":["Slimebound:BestDefense","Slimebound:ProtectTheBoss"],"picked":"Slimebound:SlimeBarrage","floor":2},{"not_picked":["Slimebound:Schlurp","Slimebound:Dissolve"],"picked":"Slimebound:RollThrough","floor":4},{"not_picked":["Slimebound:Replication","Slimebound:Chomp"],"picked":"Slimebound:Prepare","floor":6},{"not_picked":["Slimebound:Equalize","Slimebound:LeechEnergy"],"picked":"Slimebound:SplitBruiser","floor":8},{"not_picked":["Slimebound:Schlurp","Slimebound:DouseInSlime"],"picked":"Slimebound:GrowthPunch","floor":10},{"not_picked":["Slimebound:ServeAndProtect","Slimebound:GoopSpray"],"picked":"Slimebound:SlimeSpikes","floor":11},{"not_picked":["Slimebound:Nibble","Slimebound:ViciousTackle"],"picked":"Slimebound:Gluttony","floor":13},{"not_picked":["Slimebound:Replication","Slimebound:LeechEnergy"],"picked":"Slimebound:Recycling","floor":14},{"not_picked":["Slimebound:SplitAcid","Slimebound:SamplingLick"],"picked":"Slimebound:LeadByExample","floor":15}],"player_experience":225459,"relics_obtained":[{"floor":7,"key":"infinitespire:FocusingShard"},{"floor":8,"key":"White Beast Statue"},{"floor":14,"key":"War Paint"}],"event_choices":[{"damage_healed":0,"gold_gain":0,"player_choice":"Disagree","damage_taken":0,"max_hp_gain":0,"max_hp_loss":0,"event_name":"conspire:LoneGhost","floor":3,"gold_loss":0}],"is_beta":false,"boss_relics":[],"items_purged_floors":[],"is_endless":false,"potions_floor_spawned":[6,10,11,13,14,15],"killed_by":"downfall:Silent","ascension_level":0}}