{"host":"jpyc2kczef5p02oc","time":1608719920,"event":{"mods":["ATMod(阿瑾Mod)","BaseMod","Friendly Minions","Hubris","Marisa（F雨　魔理沙）","Minty Spire (QoL Compilation)","StSLib","Td1madao Mod","The Servant 0.9.4","【功能Mod】聪明的最终Boss"],"gold_per_floor":[115,132,132,177,13,46,46,72,72,72,72,106,106,116,116,116,116],"floor_reached":16,"playtime":273,"items_purged":[],"score":268,"play_id":"0aad29e1-9bbd-4fc6-a732-824648fe0658","local_time":"20201223183840","is_ascension_mode":true,"campfire_choices":[{"data":"Bash","floor":7,"key":"SMITH"},{"floor":15,"key":"REST"}],"circlet_count":0,"master_deck":["AscendersBane","Strike_R","Strike_R","Strike_R","Strike_R","Strike_R","Defend_R","Defend_R","Defend_R","Defend_R","Bash+1","Heavy Blade","AT_CaressingTears","Twin Strike","Pain","AT_IchimonjiDouble"],"relics":["Burning Blood","AT_ATBox","NeowsBlessing","hubris:Towel","AT_SpeedBoots","Sling","hubris:SlimyHat","Darkstone Periapt","WarpedTongs","Eternal Feather"],"acts_visited":["Exordium"],"potions_floor_usage":[8],"damage_taken":[{"damage":0,"enemies":"2 Louse","floor":1,"turns":1},{"damage":0,"enemies":"Jaw Worm","floor":2,"turns":1},{"damage":0,"enemies":"Gremlin Nob","floor":6,"turns":1},{"damage":35,"enemies":"Lagavulin","floor":8,"turns":5},{"damage":42,"enemies":"Gremlin Nob","floor":12,"turns":4},{"damage":8,"enemies":"Cultist","floor":14,"turns":3},{"damage":0,"enemies":"Hexaghost","floor":16,"turns":1}],"seed_played":"3862605602014479809","potions_obtained":[{"floor":2,"key":"LiquidBronze"},{"floor":6,"key":"Ancient Potion"}],"is_trial":false,"path_per_floor":["M","M","?","T","$","E","R","E","T","?","$","E","$","M","R","B"],"character_chosen":"IRONCLAD","items_purchased":["Sling"],"campfire_rested":1,"item_purchase_floors":[5],"current_hp_per_floor":[74,75,75,75,75,75,75,46,46,52,52,16,16,14,47,47,47],"gold":116,"neow_bonus":"THREE_ENEMY_KILL","is_daily":false,"chose_seed":false,"campfire_upgraded":1,"win_rate":0.0,"timestamp":1608719920,"path_taken":["M","M","?","?","$","E","R","E","T","?","$","E","$","M","R","BOSS"],"items_purchased_type":["Relic"],"build_version":"2020-12-22","purchased_purges":0,"victory":false,"max_hp_per_floor":[75,75,75,75,75,75,75,75,75,81,81,81,81,81,81,81,81],"card_choices":[{"not_picked":["Warcry","Perfected Strike"],"picked":"Heavy Blade","floor":1},{"not_picked":["Armaments","Cleave"],"picked":"AT_CaressingTears","floor":2},{"not_picked":["Headbutt","Flex"],"picked":"Twin Strike","floor":6},{"not_picked":["Headbutt","Warcry","hubris:ReadiedAction"],"picked":"SKIP","floor":8},{"not_picked":["Heavy Blade","Searing Blow"],"picked":"AT_IchimonjiDouble","floor":12},{"not_picked":["Intimidate","Thunderclap","Perfected Strike"],"picked":"SKIP","floor":14}],"player_experience":262885,"relics_obtained":[{"floor":4,"key":"AT_SpeedBoots"},{"floor":6,"key":"hubris:SlimyHat"},{"floor":8,"key":"Darkstone Periapt"},{"floor":12,"key":"Eternal Feather"}],"event_choices":[{"damage_healed":0,"gold_gain":0,"player_choice":"Rummage","damage_taken":0,"relics_obtained":["WarpedTongs"],"max_hp_gain":0,"max_hp_loss":0,"event_name":"Accursed Blacksmith","floor":10,"gold_loss":0,"cards_obtained":["Pain"]}],"is_beta":false,"boss_relics":[],"items_purged_floors":[],"is_endless":false,"potions_floor_spawned":[2,6],"killed_by":"Hexaghost","ascension_level":18}}