{"host":"709gjpjg43u3i5a8","time":1608681718,"event":{"mods":["BaseMod","Colored Map","Colored Powertips","Downfall","Hermit","Hubris","Infinite Spire","Marisa????????","Minty Spire (QoL Compilation)","Remilia??????","StSLib","Td1madao Mod","The Animator","The Bug Knight","The Cursed","The Disciple","The Hierophant","The Jungle","The Servant 0.9.4"],"gold_per_floor":[118,118,68,68,80,107,118,152,177,177,193,206,206,56,56,159,159,174,174,191,210,226,261,294,304,355,388,388,402,402,420,420,420,420],"floor_reached":33,"playtime":3542,"items_purged":[],"score":349,"play_id":"727c59dc-d2f9-40eb-971b-bcfd8c142604","local_time":"20201222170158","is_ascension_mode":false,"campfire_choices":[{"data":"HollowMod:CloakDash","floor":10,"key":"SMITH"},{"data":"HollowMod:Hiveblood","floor":15,"key":"SMITH"},{"data":"HollowMod:Weaversong","floor":32,"key":"SMITH"}],"circlet_count":0,"master_deck":["HollowMod:NailStrikeStart","HollowMod:NailStrikeStart","HollowMod:NailStrikeStart","HollowMod:QuickDashStart","HollowMod:QuickDashStart","HollowMod:QuickDashStart","HollowMod:FocusHealStart","HollowMod:PogoStrike","HollowMod:DashSlash","HollowMod:CloakDash+1","HollowMod:VengefulSpirit","HollowMod:CornifersMapStart","HollowMod:SiblingsSouls","HollowMod:HuntersJournal","HollowMod:ChannelNail","HollowMod:Hiveblood+1","HollowMod:Weaversong+1","HollowMod:PerfectDash","HollowMod:FastStrike","HollowMod:MonarchWings","HollowMod:PureNailStrike"],"relics":["HollowMod:VesselMask","infinitespire:Bottled Soul","infinitespire:CheckeredPen","hubris:SlimyHat","PreservedInsect","infinitespire:Satchel","HollowMod:StagPassRelic","Busted Crown","FaceOfCleric","Vajra","Red Mask","HollowMod:StagPassRelic","hubris:Metronome"],"acts_visited":["Exordium","TheCity"],"potions_floor_usage":[23,29,29,33,33],"damage_taken":[{"damage":4,"enemies":"Jaw Worm","floor":1,"turns":4},{"damage":0,"enemies":"Cultist","floor":5,"turns":3},{"damage":4,"enemies":"3 Sentries","floor":6,"turns":11},{"damage":0,"enemies":"Small Slimes","floor":7,"turns":2},{"damage":0,"enemies":"Lagavulin","floor":8,"turns":5},{"damage":0,"enemies":"Blue Slaver","floor":11,"turns":2},{"damage":7,"enemies":"3 Louse","floor":12,"turns":3},{"damage":33,"enemies":"The Guardian","floor":16,"turns":10},{"damage":16,"enemies":"2 Thieves","floor":18,"turns":3},{"damage":20,"enemies":"Spheric Guardian","floor":20,"turns":4},{"damage":36,"enemies":"3 Cultists","floor":21,"turns":6},{"damage":29,"enemies":"Snake Plant","floor":22,"turns":5},{"damage":14,"enemies":"Gremlin Leader","floor":23,"turns":4},{"damage":47,"enemies":"Masked Bandits","floor":24,"turns":5},{"damage":24,"enemies":"Sentry and Sphere","floor":25,"turns":4},{"damage":30,"enemies":"Nightmare","floor":27,"turns":7},{"damage":17,"enemies":"Snecko","floor":29,"turns":5},{"damage":31,"enemies":"Centurion and Healer","floor":31,"turns":6},{"damage":72,"enemies":"Collector","floor":33,"turns":6}],"seed_played":"-8053911049676387104","potions_obtained":[{"floor":6,"key":"SkillPotion"},{"floor":7,"key":"sneckomod:MuddlingPotion"},{"floor":8,"key":"DuplicationPotion"},{"floor":11,"key":"Regen Potion"},{"floor":18,"key":"Guardian:BlockOnCardUsePotion"},{"floor":20,"key":"infinitespire:BlackPotion"},{"floor":25,"key":"GamblersBrew"},{"floor":31,"key":"LiquidMemories"}],"is_trial":false,"path_per_floor":["M","?","$","T","M","E","M","E","T","R","M","M","?","?","R","B",null,"M","?","M","M","M","E","?","M","T","NM","?","M","T","M","R","B"],"character_chosen":"THE_BUGKNIGHT","items_purchased":["HollowMod:CloakDash"],"campfire_rested":0,"item_purchase_floors":[3],"current_hp_per_floor":[68,68,68,68,68,68,68,68,68,68,68,67,42,42,42,37,68,58,58,58,58,62,67,49,50,50,49,49,51,51,45,45,0,0],"gold":420,"neow_bonus":"REMOVE_TWO","is_daily":false,"chose_seed":false,"campfire_upgraded":3,"win_rate":0.0,"timestamp":1608681718,"path_taken":["M","?","$","?","M","E","M","E","T","R","?","M","?","?","R","BOSS","M","?","M","M","?","E","?","M","T","NM","?","M","?","M","R","BOSS"],"items_purchased_type":["Card"],"build_version":"2020-12-13","purchased_purges":0,"victory":false,"max_hp_per_floor":[68,68,68,68,68,68,68,68,68,68,68,68,68,68,68,68,68,68,68,69,70,71,72,73,74,74,75,75,76,76,77,77,77,77],"card_choices":[{"not_picked":["HollowMod:InfectionAssault","HollowMod:CloakDash"],"picked":"HollowMod:DashSlash","floor":1},{"not_picked":["HollowMod:QuirrelsAssistance","HollowMod:ChannelNail"],"picked":"HollowMod:VengefulSpirit","floor":5},{"not_picked":["HollowMod:CoiledNail","HollowMod:Grubsong"],"picked":"HollowMod:CornifersMapStart","floor":6},{"not_picked":["HollowMod:SharpenedNail","HollowMod:SiblingsShadow"],"picked":"HollowMod:SiblingsSouls","floor":7},{"not_picked":["HollowMod:HeavyBlow","HollowMod:CornifersMapStart"],"picked":"HollowMod:HuntersJournal","floor":8},{"not_picked":["HollowMod:NewLittleFool","HollowMod:GreatSlash"],"picked":"HollowMod:ChannelNail","floor":11},{"not_picked":["HollowMod:SoulEater","HollowMod:CornifersMapStart"],"picked":"HollowMod:Hiveblood","floor":12},{"not_picked":["HollowMod:SoulMaster","HollowMod:theNailsmith"],"picked":"HollowMod:Weaversong","floor":16},{"not_picked":["HollowMod:TaintedHusks"],"picked":"SKIP","floor":18},{"not_picked":[],"picked":"HollowMod:PerfectDash","floor":20},{"not_picked":["HollowMod:DescendingDark"],"picked":"SKIP","floor":21},{"not_picked":["HollowMod:BlackTendrils"],"picked":"SKIP","floor":22},{"not_picked":["HollowMod:ShadowDash"],"picked":"SKIP","floor":23},{"not_picked":[],"picked":"HollowMod:FastStrike","floor":24},{"not_picked":["HollowMod:InfectionAssault"],"picked":"SKIP","floor":25},{"not_picked":[],"picked":"HollowMod:MonarchWings","floor":27},{"not_picked":["HollowMod:HeavyBlow"],"picked":"SKIP","floor":29},{"not_picked":["HollowMod:HeavyBlow"],"picked":"SKIP","floor":29},{"not_picked":[],"picked":"HollowMod:PureNailStrike","floor":31}],"player_experience":379371,"relics_obtained":[{"floor":4,"key":"infinitespire:Bottled Soul"},{"floor":6,"key":"infinitespire:CheckeredPen"},{"floor":8,"key":"hubris:SlimyHat"},{"floor":9,"key":"PreservedInsect"},{"floor":23,"key":"Vajra"},{"floor":24,"key":"Red Mask"},{"floor":27,"key":"HollowMod:StagPassRelic"},{"floor":30,"key":"hubris:Metronome"}],"event_choices":[{"damage_healed":0,"gold_gain":0,"player_choice":"Ignored","damage_taken":0,"max_hp_gain":0,"max_hp_loss":0,"event_name":"NoteForYourself","floor":2,"gold_loss":0},{"damage_healed":0,"gold_gain":0,"player_choice":"Success","damage_taken":25,"relics_obtained":["infinitespire:Satchel"],"max_hp_gain":0,"max_hp_loss":0,"event_name":"Scrap Ooze","floor":13,"gold_loss":0},{"damage_healed":0,"gold_gain":0,"player_choice":"Trade","damage_taken":0,"relics_obtained":["FaceOfCleric"],"max_hp_gain":0,"max_hp_loss":0,"event_name":"FaceTrader","floor":19,"gold_loss":0},{"damage_healed":0,"gold_gain":0,"player_choice":"Fought Bandits","damage_taken":0,"max_hp_gain":0,"max_hp_loss":0,"event_name":"Masked Bandits","floor":24,"gold_loss":0}],"is_beta":false,"boss_relics":[{"not_picked":["hubris:HollowSoul","Runic Pyramid"],"picked":"Busted Crown"}],"items_purged_floors":[],"is_endless":true,"potions_floor_spawned":[6,7,8,11,18,20,25,31],"killed_by":"Collector","ascension_level":0}}