{"host":"63o2iqaaus9jfjk5","time":1608702654,"event":{"mods":["Astrologer","BaseMod","Beaked The Cultist","Better Altar","Better Match","Better Note","Better Sensory Stone","Better Skull","Better Third Choice","Better Vampires","Better-Laid Plans","BetterRewards","Block Reminder","Colored Powertips","Curses Come First","Displayed Cursed Tome","Glutton Mod","Gremlin Mod","Hermit","JesterMod","Jorbs\u0027s Wanderer Trilogy","Mad Scientist","Marked Mod","Minty Spire (QoL Compilation)","RNG Fix","Red Circlet Mod","Retaliation","Shade Mod","Somnambulant","StSLib","The Blackbeard","The Bladedancer","The Construct","The Cursed","The Florist","The Hierophant","The Necromancer","The Runesmith","The Sage","The Servant 0.9.4","The Showman","The Trickster","TheArtist","TheHeartMod","Unceasing Turn Reminder"],"gold_per_floor":[116,116,116,116,37,55,73,73,141,6,25,60,60,79,79,180,180,190,209,134,104,107,107,120,120,171,171,171,182,182,182],"floor_reached":30,"playtime":1967,"items_purged":[],"score":230,"play_id":"ff7d287e-997b-4f0f-957d-3b109b32459c","local_time":"20201222235054","is_ascension_mode":false,"campfire_choices":[{"data":"astrologer:CrystalBall","floor":8,"key":"SMITH"},{"floor":13,"key":"REST"},{"floor":15,"key":"REST"},{"floor":23,"key":"REST"},{"floor":27,"key":"REST"}],"circlet_count":0,"master_deck":["astrologer:Strike","astrologer:Strike","astrologer:Strike","astrologer:Strike","astrologer:Defend","astrologer:Defend","astrologer:Defend","astrologer:Defend","astrologer:NorthStar","astrologer:TheFool","astrologer:Prismatic","Pain","astrologer:Radiance","astrologer:StarOfRegret","astrologer:CrystalBall+1","astrologer:Eclipse","astrologer:TheStar","astrologer:Opposition","astrologer:Conjunction","astrologer:MeteorShower","astrologer:TheWorld","astrologer:Moonlight","astrologer:WheelofFortune","astrologer:Sunrise","astrologer:Strength","Blind+1","astrologer:Moonlight","astrologer:Cataclysm+1","astrologer:Opposition"],"relics":["astrologer:SkyMirror","WarpedTongs","astrologer:Telescope","Toy Ornithopter","SlaversCollar","Boot","Mummified Hand"],"acts_visited":["Exordium","TheCity"],"potions_floor_usage":[16,16,16,22,29,30],"damage_taken":[{"damage":1,"enemies":"Cultist","floor":1,"turns":4},{"damage":10,"enemies":"Jaw Worm","floor":6,"turns":3},{"damage":4,"enemies":"2 Louse","floor":7,"turns":2},{"damage":12,"enemies":"2 Fungi Beasts","floor":11,"turns":3},{"damage":18,"enemies":"Lagavulin","floor":12,"turns":5},{"damage":16,"enemies":"Large Slime","floor":14,"turns":4},{"damage":27,"enemies":"The Guardian","floor":16,"turns":9},{"damage":12,"enemies":"3 Byrds","floor":18,"turns":4},{"damage":19,"enemies":"Shell Parasite","floor":19,"turns":6},{"damage":10,"enemies":"Cultist and Chosen","floor":22,"turns":6},{"damage":48,"enemies":"3 Cultists","floor":24,"turns":6},{"damage":39,"enemies":"Shelled Parasite and Fungi","floor":29,"turns":5},{"damage":10,"enemies":"Sentry and Sphere","floor":30,"turns":3}],"seed_played":"3934244007375485854","potions_obtained":[{"floor":6,"key":"Explosive Potion"},{"floor":12,"key":"PowerPotion"},{"floor":14,"key":"FearPotion"},{"floor":16,"key":"SpeedPotion"},{"floor":21,"key":"Ancient Potion"},{"floor":21,"key":"FearPotion"},{"floor":24,"key":"Energy Potion"},{"floor":29,"key":"LiquidBronze"}],"is_trial":false,"path_per_floor":["M","?","?","?","$","M","M","R","T","$","M","E","R","M","R","B",null,"M","M","?","?","M","R","M","?","T","R","T","M","M"],"character_chosen":"ASTROLOGER","items_purchased":["astrologer:Radiance","astrologer:StarOfRegret","astrologer:TheStar","astrologer:Opposition","astrologer:Conjunction"],"campfire_rested":4,"item_purchase_floors":[5,5,10,10,10],"current_hp_per_floor":[76,76,76,76,76,66,62,62,62,62,50,32,55,39,62,50,77,65,46,46,46,41,64,16,16,16,39,39,5,0,0],"gold":182,"neow_bonus":"TEN_PERCENT_HP_BONUS","is_daily":false,"chose_seed":false,"campfire_upgraded":1,"win_rate":0.0,"timestamp":1608702654,"path_taken":["M","?","?","?","?","?","M","R","T","$","M","E","R","M","R","BOSS","M","M","?","?","M","R","?","?","T","R","?","?","M"],"items_purchased_type":["Card","Card","Card","Card","Card"],"build_version":"2020-12-22","purchased_purges":0,"victory":false,"max_hp_per_floor":[77,77,77,77,77,77,77,77,77,77,77,77,77,77,77,77,77,77,77,77,77,77,77,77,77,77,77,77,77,77,77],"card_choices":[{"not_picked":["astrologer:StarOfRegret","astrologer:FrozenStar"],"picked":"astrologer:Prismatic","floor":1},{"not_picked":["astrologer:MeteorShower","astrologer:Cataclysm"],"picked":"astrologer:CrystalBall","floor":6},{"not_picked":["astrologer:FrozenStar","astrologer:Sunrise"],"picked":"astrologer:Eclipse","floor":7},{"not_picked":["astrologer:Prismatic","astrologer:Still"],"picked":"astrologer:MeteorShower","floor":11},{"not_picked":["astrologer:FrozenStar","astrologer:Glimpse"],"picked":"astrologer:TheWorld","floor":12},{"not_picked":["astrologer:Opposition","astrologer:Stardust"],"picked":"astrologer:Moonlight","floor":14},{"not_picked":["astrologer:TheWorld","astrologer:Starfield"],"picked":"astrologer:WheelofFortune","floor":16},{"not_picked":["astrologer:FrozenStar","astrologer:TheMoon"],"picked":"astrologer:Sunrise","floor":18},{"not_picked":["astrologer:Still+1","astrologer:Radiance"],"picked":"astrologer:Strength","floor":19},{"not_picked":["PanicButton+1","Purity+1"],"picked":"Blind+1","floor":20},{"not_picked":["astrologer:Strength","astrologer:StarOfCourage"],"picked":"astrologer:Moonlight","floor":22},{"not_picked":["astrologer:ReadTheStars","astrologer:SpaceDust"],"picked":"astrologer:Cataclysm","floor":24},{"not_picked":["astrologer:Eclipse","astrologer:Still"],"picked":"astrologer:Opposition","floor":29}],"player_experience":122276,"relics_obtained":[{"floor":9,"key":"astrologer:Telescope"},{"floor":12,"key":"Toy Ornithopter"},{"floor":26,"key":"Boot"},{"floor":28,"key":"Mummified Hand"}],"event_choices":[{"damage_healed":0,"gold_gain":0,"player_choice":"Leave","damage_taken":0,"max_hp_gain":0,"max_hp_loss":0,"event_name":"The Cleric","floor":2,"gold_loss":0},{"damage_healed":0,"gold_gain":0,"player_choice":"Ignored","damage_taken":116,"max_hp_gain":0,"max_hp_loss":0,"event_name":"betterThird:BetterSerpent","floor":3,"gold_loss":0},{"damage_healed":0,"gold_gain":0,"player_choice":"Rummage","damage_taken":0,"relics_obtained":["WarpedTongs"],"max_hp_gain":0,"max_hp_loss":0,"event_name":"Accursed Blacksmith","floor":4,"gold_loss":0,"cards_obtained":["Pain"]},{"damage_healed":0,"gold_gain":0,"player_choice":"2","damage_taken":0,"max_hp_gain":0,"max_hp_loss":0,"event_name":"betterMatch:BetterMatch","floor":20,"gold_loss":0,"cards_obtained":["betterMatch:ColorlessUncommonCard"]},{"damage_healed":0,"gold_gain":0,"player_choice":"Bought 2 Potions","damage_taken":0,"max_hp_gain":0,"max_hp_loss":0,"event_name":"The Woman in Blue","floor":21,"gold_loss":0},{"damage_healed":0,"gold_gain":0,"player_choice":"Upgraded","damage_taken":0,"max_hp_gain":0,"max_hp_loss":0,"event_name":"Upgrade Shrine","floor":25,"gold_loss":0,"cards_upgraded":["astrologer:Cataclysm"]}],"is_beta":false,"boss_relics":[{"not_picked":["sagemod:Falmels_Amulet","Coffee Dripper"],"picked":"SlaversCollar"}],"items_purged_floors":[],"is_endless":false,"potions_floor_spawned":[6,12,14,16,24,29],"killed_by":"Sentry and Sphere","ascension_level":0}}