{"host":"li2oyy8xcjugrjw6","time":1608706029,"event":{"mods":["AchievementEnabler","BaseMod","Colored Map","Minty Spire (QoL Compilation)","Permanent Neow","Replay The Spire","StSLib"],"gold_per_floor":[14,28,28,40,56,56,68,68,68,95,111,137,152,184,184,184,184],"floor_reached":16,"playtime":1313,"items_purged":[],"score":186,"play_id":"251ec96d-be38-45f1-81f7-553e4111ae81","local_time":"20201222224709","is_ascension_mode":true,"campfire_choices":[{"data":"Gash","floor":6,"key":"SMITH"},{"data":"Dualcast","floor":8,"key":"SMITH"},{"data":"Looming Evil","floor":15,"key":"PURGE"}],"circlet_count":0,"master_deck":["AscendersBane","Strike_B+1","Strike_B+1","Strike_B+1","Strike_B+1","Defend_B","Defend_B","Defend_B","Defend_B","Zap","Dualcast+1","Gash+1","Coolheaded","Hologram","Turbo","Conserve Battery","Panic Button","ReplayGash","Coolheaded"],"relics":["Cracked Core","Ice Cream","Ring of Fury","Ring of Shattering","Replay:WaspNest","Replay:Bottled Eggs","Juzu Bracelet","Replay:Bottled Steam"],"acts_visited":["Exordium"],"potions_floor_usage":[10,12,14,16],"damage_taken":[{"damage":7,"enemies":"Jaw Worm","floor":1,"turns":3},{"damage":0,"enemies":"Small Slimes","floor":2,"turns":3},{"damage":5,"enemies":"2 Louse","floor":4,"turns":2},{"damage":4,"enemies":"Blue Slaver","floor":5,"turns":2},{"damage":11,"enemies":"Exordium Thugs","floor":7,"turns":3},{"damage":3,"enemies":"Replay:BlueRogue","floor":10,"turns":4},{"damage":0,"enemies":"Exordium Wildlife","floor":11,"turns":2},{"damage":12,"enemies":"3 Sentries","floor":12,"turns":6},{"damage":2,"enemies":"3 Louse","floor":13,"turns":2},{"damage":6,"enemies":"Gremlin Nob","floor":14,"turns":3},{"damage":30,"enemies":"Fading Forest","floor":16,"turns":10}],"seed_played":"-1929143242289559918","potions_obtained":[{"floor":1,"key":"FearPotion"},{"floor":7,"key":"ColorlessPotion"},{"floor":10,"key":"Swift Potion"},{"floor":12,"key":"DistilledChaos"}],"is_trial":false,"path_per_floor":["M","M","?","M","M","R","M","R","T","E","M","E","M","E","R_BF","B"],"character_chosen":"DEFECT","items_purchased":[],"campfire_rested":0,"item_purchase_floors":[],"current_hp_per_floor":[61,61,61,56,52,52,41,41,41,38,38,26,24,18,18,0,0],"gold":184,"neow_bonus":"ONE_RARE_RELIC","is_daily":false,"chose_seed":false,"campfire_upgraded":2,"win_rate":0.0,"timestamp":1608706029,"path_taken":["M","M","?","M","M","R","M","R","T","E","M","E","M","E","R_BF","BOSS"],"items_purchased_type":[],"build_version":"2020-12-22","purchased_purges":0,"victory":false,"max_hp_per_floor":[75,75,75,75,75,75,75,75,75,75,75,75,75,75,75,75,75],"card_choices":[{"not_picked":["Chaos","Cold Snap"],"picked":"Gash","floor":1},{"not_picked":["Reprogram","Barrage"],"picked":"Coolheaded","floor":2},{"not_picked":["Darkness","Thunder Strike"],"picked":"Hologram","floor":4},{"not_picked":["Compile Driver","Undo"],"picked":"Turbo","floor":5},{"not_picked":["Cold Snap","Beam Cell"],"picked":"Conserve Battery","floor":7},{"not_picked":["Chill","Rebound"],"picked":"Panic Button","floor":10},{"not_picked":["Barrage","ReplayTheSpireMod:Repulse","Chaos"],"picked":"SKIP","floor":11},{"not_picked":["Machine Learning","Panic Button"],"picked":"ReplayGash","floor":12},{"not_picked":["Rebound","FTL","Ball Lightning"],"picked":"SKIP","floor":13},{"not_picked":["Leap","Steam"],"picked":"Coolheaded","floor":14}],"player_experience":959788,"relics_obtained":[{"floor":3,"key":"Ring of Fury"},{"floor":3,"key":"Ring of Shattering"},{"floor":9,"key":"Replay:WaspNest"},{"floor":10,"key":"Replay:Bottled Eggs"},{"floor":12,"key":"Juzu Bracelet"},{"floor":14,"key":"Replay:Bottled Steam"}],"event_choices":[],"is_beta":false,"boss_relics":[],"items_purged_floors":[],"is_endless":false,"potions_floor_spawned":[1,7,10,12],"killed_by":"Fading Forest","ascension_level":10}}