{"host":"tyfpg4h531zkrrpn","time":1608764680,"event":{"mods":["Act Like it!","BaseMod","CapriCore","Card Filter","Colored Map","Minty Spire (QoL Compilation)","MostiFishMod","Permanent Neow","Quick Restart","Relic Filter","StSLib","The Marked","Waifu the Spire"],"gold_per_floor":[213,224,224,243,89,120,146,146,146,146,189,413,449,300,300,426,426,446,446,446,467,173,212,235,269,351,351,372,372,395,433,433,552,552,577,597,597,339,363,407,432,465,465,509,528,561,561,580,580,580,580,580,258,293,293],"floor_reached":56,"playtime":2370,"items_purged":["theMarked:Strike+1","theMarked:ParalyzingBlade+1"],"score":1996,"play_id":"816dc0b8-e193-4e78-864e-9c7aa4541ba9","local_time":"20201223150440","is_ascension_mode":true,"campfire_choices":[{"data":"theMarked:ReduceFriction","floor":8,"key":"SMITH"},{"data":"theMarked:StartUp","floor":10,"key":"SMITH"},{"data":"1","floor":15,"key":"LIFT"},{"data":"2","floor":29,"key":"LIFT"},{"floor":32,"key":"RECALL"},{"data":"3","floor":49,"key":"LIFT"},{"data":"theMarked:ThrowWeapon","floor":52,"key":"SMITH"}],"circlet_count":0,"master_deck":["theMarked:Strike+1","theMarked:Strike+1","theMarked:Strike+1","theMarked:Defend+1","theMarked:Defend+1","theMarked:Defend+1","theMarked:Defend+1","theMarked:SoldierOfQuellstein+1","theMarked:StartUp+1","theMarked:SelfDefenseTraining+1","theMarked:ReduceFriction+1","theMarked:Reabsorb+1","theMarked:Parkour+1","theMarked:EternalStudent+1","theMarked:Overcharge+1","theMarked:Levitate+1","theMarked:ReduceFriction+1","theMarked:StartUp+1","theMarked:Polarize","theMarked:ThrowWeapon+1","theMarked:WardOff+1","theMarked:WardOff+1","theMarked:BindingBlade+1","Madness+1","theMarked:WardOff+1"],"relics":["theMarked:ArtifactOfAir","DaveBox","FeatherPendant","SynthV:TestCard","Golden Idol","Blood Vial","Odd Mushroom","Girya","Happy Flower","Membership Card","SlaversCollar","Anchor","Ying","ArrowTower","Bag of Preparation","theMarked:VonisonLock","Shuriken","OriginationStaff","Art of War","Runic Pyramid","Peace Pipe","Lee\u0027s Waffle","Toxic Egg 2","Gambling Chip","theMarked:KettuFlask","DianDianMeat","InkBottle","ThornShield","TimeFreeze","Orichalcum"],"acts_visited":["Exordium","TheCity","TheBeyond","TheEnding"],"potions_floor_usage":[55,55],"damage_taken":[{"damage":0,"enemies":"Small Slimes","floor":1,"turns":2},{"damage":0,"enemies":"2 Louse","floor":2,"turns":2},{"damage":0,"enemies":"Jaw Worm","floor":4,"turns":3},{"damage":0,"enemies":"Lagavulin","floor":6,"turns":4},{"damage":0,"enemies":"The Mushroom Lair","floor":7,"turns":3},{"damage":0,"enemies":"3 Sentries","floor":11,"turns":3},{"damage":0,"enemies":"Blue Slaver","floor":12,"turns":3},{"damage":12,"enemies":"Gremlin Nob","floor":13,"turns":3},{"damage":0,"enemies":"Hexaghost","floor":16,"turns":4},{"damage":10,"enemies":"Chosen","floor":18,"turns":2},{"damage":0,"enemies":"3 Byrds","floor":21,"turns":3},{"damage":0,"enemies":"Gremlin Leader","floor":23,"turns":3},{"damage":0,"enemies":"Snake Plant","floor":24,"turns":3},{"damage":0,"enemies":"Slavers","floor":25,"turns":2},{"damage":0,"enemies":"Shelled Parasite and Fungi","floor":28,"turns":3},{"damage":0,"enemies":"Cultist and Chosen","floor":30,"turns":3},{"damage":0,"enemies":"Gremlin Leader","floor":31,"turns":2},{"damage":0,"enemies":"Automaton","floor":33,"turns":4},{"damage":0,"enemies":"Orb Walker","floor":35,"turns":2},{"damage":0,"enemies":"3 Darklings","floor":36,"turns":2},{"damage":0,"enemies":"Transient","floor":39,"turns":5},{"damage":0,"enemies":"Reptomancer","floor":40,"turns":1},{"damage":0,"enemies":"4 Shapes","floor":41,"turns":4},{"damage":0,"enemies":"Nemesis","floor":42,"turns":3},{"damage":0,"enemies":"Giant Head","floor":44,"turns":2},{"damage":0,"enemies":"Writhing Mass","floor":45,"turns":2},{"damage":0,"enemies":"Nemesis","floor":46,"turns":3},{"damage":0,"enemies":"Sphere and 2 Shapes","floor":48,"turns":3},{"damage":0,"enemies":"Time Eater","floor":50,"turns":2},{"damage":0,"enemies":"Shield and Spear","floor":54,"turns":2},{"damage":16,"enemies":"The Heart","floor":55,"turns":5}],"seed_played":"7739987220961206318","potions_obtained":[{"floor":2,"key":"FearPotion"},{"floor":6,"key":"Regen Potion"},{"floor":11,"key":"PowerPotion"},{"floor":36,"key":"LiquidBronze"}],"is_trial":false,"path_per_floor":["M","M","?","M","$","E","?","R","T","R","E","M","E","$","R","B",null,"M","?","?","M","$","E","M","E","T","T","M","R","M","E","R","B",null,"M","M","?","$","M","E","M","E","T","E","M","E","?","M","R","B",null,"R","$","E","B",null],"character_chosen":"THE_DEFAULT","items_purchased":["SynthV","Membership Card","Anchor","Ying","ArrowTower","Peace Pipe","Lee\u0027s Waffle","ThornShield","TimeFreeze","Madness+1"],"campfire_rested":0,"item_purchase_floors":[5,14,22,22,22,38,38,53,53,53],"current_hp_per_floor":[70,70,53,53,53,53,55,55,55,55,61,63,53,53,53,55,70,60,60,60,62,62,64,66,68,68,68,70,70,70,70,70,70,70,70,70,70,77,77,77,77,77,77,77,78,78,80,83,83,83,83,83,87,92,81],"gold":293,"neow_bonus":"HUNDRED_GOLD","is_daily":false,"chose_seed":false,"campfire_upgraded":3,"win_rate":0.0,"timestamp":1608764680,"path_taken":["M","M","?","M","$","E","?","R","T","R","E","M","E","$","R","BOSS","M","?","?","M","$","E","M","E","T","?","M","R","M","E","R","BOSS","M","M","?","?","M","E","M","E","T","E","M","E","?","M","R","BOSS","R","$","E","BOSS"],"items_purchased_type":["Relic","Relic","Relic","Relic","Relic","Relic","Relic","Relic","Relic","Card"],"build_version":"2020-12-22","purchased_purges":2,"victory":true,"max_hp_per_floor":[70,70,70,70,70,70,70,70,70,70,70,70,70,70,70,70,70,70,70,70,70,70,70,70,70,70,70,70,70,70,70,70,70,70,70,70,70,77,77,77,77,77,77,77,78,78,80,83,83,83,83,83,87,92,92],"card_choices":[{"not_picked":["theMarked:Aftermath","theMarked:WastefulDefense"],"picked":"theMarked:StartUp","floor":1},{"not_picked":["theMarked:ResourceFulStrike","theMarked:Frustration","theMarked:WastefulAttack","theMarked:Aftermath"],"picked":"theMarked:SelfDefenseTraining","floor":2},{"not_picked":["theMarked:ResourceFulStrike","theMarked:Static","theMarked:Aftermath","theMarked:HeritageOfTheMarked"],"picked":"theMarked:ReduceFriction","floor":4},{"not_picked":["theMarked:EmpowerWeapon","theMarked:ShockingTouch","theMarked:Improvise","theMarked:Indomitable"],"picked":"theMarked:Reabsorb","floor":6},{"not_picked":["theMarked:Frustration","theMarked:Aftermath","theMarked:ResourceFulStrike","theMarked:StartUp"],"picked":"theMarked:TurnInvisible","floor":11},{"not_picked":["theMarked:ShockingTouch","theMarked:SelfDefenseTraining","theMarked:BanishingWave","theMarked:HeightenedSenses"],"picked":"theMarked:Parkour","floor":12},{"not_picked":["theMarked:HeritageOfTheMarked","theMarked:Polarize","theMarked:HeightenedSenses","theMarked:TakeCover","theMarked:Opportunist"],"picked":"SKIP","floor":13},{"not_picked":["theMarked:Snap","theMarked:SuspiciousRaven","theMarked:Levitate","theMarked:Challenge"],"picked":"theMarked:EternalStudent","floor":16},{"not_picked":["theMarked:BanishingStrike","theMarked:MysticalArsenal","theMarked:EmpowerWeapon+1","theMarked:TwofoldDefense"],"picked":"theMarked:Overcharge+1","floor":18},{"not_picked":["theMarked:Improvise","theMarked:EmpowerWeapon+1","theMarked:KeepCalmAndFightOn","theMarked:Electrocute","theMarked:RepellingDischarge"],"picked":"SKIP","floor":21},{"not_picked":["theMarked:WardOff+1","theMarked:EmpowerWeapon+1","theMarked:SwordAndMagic","theMarked:ComboAttacks"],"picked":"theMarked:Levitate","floor":23},{"not_picked":["theMarked:WastefulDefense","theMarked:HeritageOfTheMarked","theMarked:Electrocute","theMarked:TwofoldDefense+1"],"picked":"theMarked:ReduceFriction","floor":24},{"not_picked":["theMarked:Seal","theMarked:BanishingStrike","theMarked:MysticalArsenal+1","theMarked:BanishingWave+1","theMarked:EternalStudent"],"picked":"SKIP","floor":25},{"not_picked":["theMarked:Improvise+1","theMarked:EmpowerWeapon+1","theMarked:ChainLightning","theMarked:Electrocute+1","theMarked:Parkour"],"picked":"SKIP","floor":28},{"not_picked":["theMarked:EnhanceMovement","theMarked:Improvise","theMarked:MagicAdept","theMarked:ElectricStrings+1"],"picked":"theMarked:StartUp","floor":30},{"not_picked":["theMarked:BanishingStrike+1","theMarked:TakeCover","theMarked:HeightenedSenses","theMarked:Frustration"],"picked":"theMarked:Polarize","floor":31},{"not_picked":["theMarked:Snap","theMarked:BindingBlade","theMarked:UnarmedFury","theMarked:SuspiciousRaven"],"picked":"theMarked:ThrowWeapon","floor":33},{"not_picked":["theMarked:ElectricStrings+1","theMarked:Polarize","theMarked:SwordAndMagic+1","theMarked:DeterminationOfTheMarked","theMarked:Electrocute+1"],"picked":"SKIP","floor":35},{"not_picked":["theMarked:EmpowerWeapon+1","theMarked:ResourceFulStrike","theMarked:ChainLightning+1","theMarked:BanishingStrike","theMarked:Aftermath"],"picked":"SKIP","floor":36},{"not_picked":["theMarked:Frustration","theMarked:EmpowerWeapon+1","theMarked:Indomitable","theMarked:DeterminationOfTheMarked","theMarked:Parkour+1"],"picked":"SKIP","floor":39},{"not_picked":["theMarked:Panic+1","theMarked:ResourceFulStrike+1","theMarked:PowerFlow+1","theMarked:MagicAdept","theMarked:Static+1"],"picked":"SKIP","floor":40},{"not_picked":["theMarked:Levitate+1","theMarked:ResourceFulStrike","theMarked:GodGivenPower+1","theMarked:EmpowerWeapon+1","theMarked:WardOff+1"],"picked":"SKIP","floor":41},{"not_picked":["theMarked:TwofoldDefense+1","theMarked:LightningStrikesTwice","theMarked:SuspiciousRaven+1","theMarked:Overthink+1"],"picked":"theMarked:WardOff+1","floor":42},{"not_picked":["theMarked:ShockingTouch","theMarked:ResourceFulStrike+1","theMarked:ContemptForTheProud+1","theMarked:WastefulAttack","theMarked:CreepingChasm+1"],"picked":"SKIP","floor":44},{"not_picked":["theMarked:TwofoldDefense+1","theMarked:EmpowerWeapon+1","theMarked:MysticalArsenal","theMarked:WastefulAttack"],"picked":"theMarked:WardOff+1","floor":45},{"not_picked":["theMarked:Overthink+1","theMarked:HeritageOfTheMarked+1","theMarked:EmpowerWeapon+1","theMarked:Polarize+1","theMarked:ParalyzingBlade+1"],"picked":"SKIP","floor":46},{"not_picked":["theMarked:Improvise+1","theMarked:Electrocute+1","theMarked:WastefulAttack+1","theMarked:Static+1"],"picked":"theMarked:BindingBlade+1","floor":48},{"not_picked":["theMarked:RepellingDischarge+1","theMarked:Electrify+1","theMarked:BanishingWave","theMarked:Panic+1"],"picked":"theMarked:WardOff+1","floor":54}],"player_experience":565421,"relics_obtained":[{"floor":1,"key":"SynthV:TestCard"},{"floor":6,"key":"Blood Vial"},{"floor":7,"key":"Odd Mushroom"},{"floor":11,"key":"Girya"},{"floor":13,"key":"Happy Flower"},{"floor":23,"key":"Bag of Preparation"},{"floor":25,"key":"theMarked:VonisonLock"},{"floor":26,"key":"Shuriken"},{"floor":27,"key":"OriginationStaff"},{"floor":31,"key":"Art of War"},{"floor":40,"key":"Toxic Egg 2"},{"floor":42,"key":"Gambling Chip"},{"floor":43,"key":"theMarked:KettuFlask"},{"floor":44,"key":"DianDianMeat"},{"floor":46,"key":"InkBottle"},{"floor":54,"key":"Orichalcum"}],"event_choices":[{"damage_healed":0,"gold_gain":0,"player_choice":"Take Damage","damage_taken":17,"relics_obtained":["Golden Idol"],"max_hp_gain":0,"max_hp_loss":0,"event_name":"Golden Idol","floor":3,"gold_loss":0},{"damage_healed":0,"gold_gain":0,"player_choice":"Fought Mushrooms","damage_taken":0,"max_hp_gain":0,"max_hp_loss":0,"event_name":"Mushrooms","floor":7,"gold_loss":0},{"damage_healed":0,"gold_gain":0,"player_choice":"Ignored","damage_taken":0,"max_hp_gain":0,"max_hp_loss":0,"event_name":"Beggar","floor":19,"gold_loss":0},{"damage_healed":0,"gold_gain":0,"player_choice":"Ignored","damage_taken":0,"max_hp_gain":0,"max_hp_loss":0,"event_name":"Vampires","floor":20,"gold_loss":0},{"damage_healed":0,"gold_gain":0,"player_choice":"Bought 0 Potions","damage_taken":0,"max_hp_gain":0,"max_hp_loss":0,"event_name":"The Woman in Blue","floor":37,"gold_loss":0},{"damage_healed":0,"gold_gain":0,"cards_transformed":["theMarked:Strike"],"player_choice":"Transformed","damage_taken":0,"max_hp_gain":0,"max_hp_loss":0,"event_name":"Transmorgrifier","floor":47,"gold_loss":0,"cards_obtained":["theMarked:ParalyzingBlade"]}],"is_beta":false,"boss_relics":[{"not_picked":["SacredBark","xbg"],"picked":"SlaversCollar"},{"not_picked":["RhineCircuit","TakeMeEscape"],"picked":"Runic Pyramid"}],"items_purged_floors":[38,53],"is_endless":false,"potions_floor_spawned":[2,6,11,13,25,28,30,31,35,36,40,45,48,54],"ascension_level":1}}