{"host":"9d9dhukr2jywmy0f","time":1608729794,"event":{"mods":["2.2 Compatiblity","Alarm Clock","BaseMod","Bestiary","Block Reminder","Colored Map","Colored Powertips","Curses Come First","DeckTracker","Displayed Cursed Tome","Highlight Path","Key Reminder","Keyboard Shortcuts","Marisa£®ÏF”Í°°ƒß¿Ì…≥£©","Minty Spire (QoL Compilation)","MonsterHotkey","Potion Indicator Mod","Quick Restart","Rare Cards Sparkle","Relic Sorter","Relic Stats","Spire Birthday Party","StSLib","Synergy Search","Unceasing Turn Reminder","Unknown Chances"],"gold_per_floor":[217,246,278,310,310,352,380,380,426,426,462,462,503,559,559,682,682,718,718,753,473,473,473,473,473,500,554,568,232,232,232,232,332,332,375,250,301,336,35,95,95,136,136,136,188,227,227,262,262,262,262,262,87,147,147],"floor_reached":56,"playtime":4052,"items_purged":["Strike_MRS+1","MasterSpark+1","ShootTheMoon","Strike_MRS+1","UpSweep+1"],"score":2080,"play_id":"26068bad-dfd1-42ef-8dc3-5d0c6a9806e8","local_time":"20201223212314","is_ascension_mode":true,"campfire_choices":[{"data":"WitchOfGreed","floor":8.0,"key":"SMITH"},{"data":"MasterSpark","floor":10.0,"key":"SMITH"},{"floor":12.0,"key":"REST"},{"data":"MilkyWay","floor":15.0,"key":"SMITH"},{"data":"AbsoluteMagnitude","floor":23.0,"key":"SMITH"},{"data":"MilkyWay","floor":25.0,"key":"SMITH"},{"data":"Acceleration","floor":32.0,"key":"SMITH"},{"data":"Acceleration","floor":41.0,"key":"SMITH"},{"data":"Acceleration","floor":44.0,"key":"SMITH"},{"floor":49.0,"key":"RECALL"},{"data":"Apotheosis","floor":52.0,"key":"SMITH"}],"circlet_count":0,"master_deck":["Defend_MRS+1","Defend_MRS+1","Defend_MRS+1","Defend_MRS+1","WitchOfGreed+1","Singularity","MilkyWay+1","EnergyRecoil","SporeBomb","AbsoluteMagnitude+1","DarkMatter+1","Acceleration+1","MilkyWay+1","Acceleration+1","EventHorizon","UltimateShortwave","Acceleration+1","PulseMagic+1","Impatience+1","Ghostly","Ghostly","Ghostly","Ghostly","Ghostly","EscapeVelocity","MilkyWay+1","SprinkleStarSeal","Apotheosis+1","Acceleration+1","6A+1"],"relics":["MiniHakkero","Whetstone","Ancient Tea Set","Kunai","Sozu","Omamori","Vajra","Nunchaku","Orrery","Black Star","Turnip","Lantern","Anchor","Bag of Marbles","Art of War","PreservedInsect","Shuriken","Boot"],"acts_visited":["Exordium","TheCity","TheBeyond","TheEnding"],"potions_floor_usage":[],"damage_taken":[{"damage":6.0,"enemies":"Small Slimes","floor":1.0,"turns":3.0},{"damage":10.0,"enemies":"Cultist","floor":2.0,"turns":5.0},{"damage":1.0,"enemies":"2 Louse","floor":3.0,"turns":3.0},{"damage":4.0,"enemies":"2 Fungi Beasts","floor":4.0,"turns":3.0},{"damage":20.0,"enemies":"Lagavulin","floor":6.0,"turns":7.0},{"damage":0.0,"enemies":"Large Slime","floor":7.0,"turns":4.0},{"damage":3.0,"enemies":"Blue Slaver","floor":11.0,"turns":4.0},{"damage":0.0,"enemies":"2 Fungi Beasts","floor":13.0,"turns":3.0},{"damage":30.0,"enemies":"3 Sentries","floor":14.0,"turns":10.0},{"damage":0.0,"enemies":"Slime Boss","floor":16.0,"turns":6.0},{"damage":6.0,"enemies":"Spheric Guardian","floor":18.0,"turns":3.0},{"damage":4.0,"enemies":"2 Thieves","floor":20.0,"turns":4.0},{"damage":2.0,"enemies":"Book of Stabbing","floor":27.0,"turns":4.0},{"damage":4.0,"enemies":"Shelled Parasite and Fungi","floor":28.0,"turns":4.0},{"damage":0.0,"enemies":"Collector","floor":33.0,"turns":4.0},{"damage":2.0,"enemies":"3 Shapes","floor":35.0,"turns":6.0},{"damage":2.0,"enemies":"2 Orb Walkers","floor":37.0,"turns":5.0},{"damage":0.0,"enemies":"Orb Walker","floor":38.0,"turns":4.0},{"damage":0.0,"enemies":"Giant Head","floor":40.0,"turns":5.0},{"damage":0.0,"enemies":"Spire Growth","floor":42.0,"turns":4.0},{"damage":0.0,"enemies":"Reptomancer","floor":45.0,"turns":3.0},{"damage":10.0,"enemies":"4 Shapes","floor":46.0,"turns":6.0},{"damage":0.0,"enemies":"Maw","floor":48.0,"turns":4.0},{"damage":0.0,"enemies":"Time Eater","floor":50.0,"turns":4.0},{"damage":0.0,"enemies":"Shield and Spear","floor":54.0,"turns":6.0},{"damage":23,"enemies":"The Heart","floor":55,"turns":7}],"seed_played":"-2464117056816112578","potions_obtained":[{"floor":2.0,"key":"SteroidPotion"},{"floor":2.0,"key":"Ancient Potion"},{"floor":3.0,"key":"DistilledChaos"},{"floor":4.0,"key":"Fire Potion"},{"floor":6.0,"key":"Swift Potion"},{"floor":6.0,"key":"Block Potion"},{"floor":7.0,"key":"BlessingOfTheForge"},{"floor":7.0,"key":"ColorlessPotion"},{"floor":11.0,"key":"SpeedPotion"},{"floor":13.0,"key":"SkillPotion"},{"floor":14.0,"key":"ColorlessPotion"},{"floor":14.0,"key":"ColorlessPotion"},{"floor":16.0,"key":"Fire Potion"}],"is_trial":false,"path_per_floor":["M","M","M","M","?","E","M","R","T","R","M","R","M","E","R","B",null,"M","?","M","$","?","R","?","R","T","E","M","$","?","?","R","B",null,"M","$","?","M","$","E","R","M","T","R","E","M","?","M","R","B",null,"R","$","E","B",null],"character_chosen":"MARISA","items_purchased":["Omamori","MilkyWay","Orrery","Impatience","Lantern"],"campfire_rested":1,"item_purchase_floors":[21,21,29,29,39],"current_hp_per_floor":[62,52,51,47,47,27,27,27,27,27,24,46,46,16,16,16,60,54,54,50,50,50,50,50,50,50,48,44,44,37,37,37,37,37,35,35,33,33,33,33,33,33,33,33,33,23,23,23,23,23,34,34,34,34,11],"gold":147,"neow_bonus":"HUNDRED_GOLD","is_daily":false,"chose_seed":false,"campfire_upgraded":9,"win_rate":0.0,"timestamp":1608729794,"path_taken":["M","M","M","M","?","E","M","R","T","R","M","R","?","E","R","BOSS","M","?","M","$","?","R","?","R","T","E","M","?","?","?","R","BOSS","M","?","?","M","$","E","R","M","T","R","E","M","?","?","R","BOSS","R","$","E","BOSS"],"items_purchased_type":["Relic","Card","Relic","Card","Relic"],"build_version":"2020-11-30","purchased_purges":5,"victory":true,"max_hp_per_floor":[75,75,75,75,75,75,75,75,75,75,75,75,75,75,75,75,75,75,75,75,75,75,75,75,75,75,75,75,75,37,37,37,37,37,37,37,37,37,37,37,37,37,37,37,37,37,37,37,37,37,37,37,37,37,37],"relic_stats":{"Sozu":5,"Nunchaku":[3],"counters":[26,121],"Shuriken":[0],"Turnip":[5],"PreservedInsect":77,"Black Star":3,"Art of War":[15],"Whetstone":["Strike_MRS","UpSweep"],"Kunai":[4],"Boot":[0],"obtain_stats":[{"Lantern":39,"Vajra":26,"PreservedInsect":45,"Omamori":21,"Whetstone":6,"Ancient Tea Set":9,"Boot":54,"Sozu":17,"keyreminder:keyreminder":43,"Nunchaku":27,"Anchor":40,"Shuriken":54,"Orrery":29,"Turnip":37,"Black Star":34,"Bag of Marbles":40,"Art of War":45,"MiniHakkero":0,"Kunai":14},{"Lantern":18,"Vajra":12,"PreservedInsect":21,"Omamori":12,"Whetstone":5,"Ancient Tea Set":6,"Boot":25,"Sozu":10,"keyreminder:keyreminder":20,"Nunchaku":13,"Anchor":19,"Shuriken":25,"Orrery":14,"Turnip":17,"Black Star":15,"Bag of Marbles":19,"Art of War":21,"MiniHakkero":0,"Kunai":9},{"Lantern":82,"Vajra":55,"PreservedInsect":94,"Omamori":55,"Whetstone":21,"Ancient Tea Set":25,"Boot":114,"Sozu":48,"keyreminder:keyreminder":91,"Nunchaku":59,"Anchor":87,"Shuriken":114,"Orrery":63,"Turnip":78,"Black Star":67,"Bag of Marbles":87,"Art of War":94,"MiniHakkero":0,"Kunai":42}]},"card_choices":[{"not_picked":["SporeBomb","ShootingEcho"],"picked":"WitchOfGreed","floor":1.0},{"not_picked":["GasGiant","OrrerysSun","DoubleSpark"],"picked":"SKIP","floor":2.0},{"not_picked":["EventHorizon","DragonMeteor","WitchOfGreed"],"picked":"SKIP","floor":3.0},{"not_picked":["ChargeUpSpray","Acceleration"],"picked":"ShootTheMoon","floor":4.0},{"not_picked":["PowerUp","IllusionStar"],"picked":"Singularity","floor":6.0},{"not_picked":["GalacticHalo","GravityBeat"],"picked":"MilkyWay","floor":7.0},{"not_picked":["OneTimeOff","MysteriousBeam"],"picked":"EnergyRecoil","floor":11.0},{"not_picked":["ManaRampage","NonDirectionalLaser"],"picked":"SporeBomb","floor":13.0},{"not_picked":["WitchOfGreed","WitchLeyline","GrandCross"],"picked":"SKIP","floor":14.0},{"not_picked":["BinaryStars","FinalSpark"],"picked":"AbsoluteMagnitude","floor":16.0},{"not_picked":["Occultation","ChargeUpSpray"],"picked":"DarkMatter+1","floor":18.0},{"not_picked":["WitchOfGreed","GalacticHalo"],"picked":"Acceleration","floor":20.0},{"not_picked":["MagicAbsorber","GalacticHalo","AsteroidBelt"],"picked":"SKIP","floor":27.0},{"not_picked":["LuminesStrike","EarthLightRay","AsteroidBelt"],"picked":"SKIP","floor":28.0},{"not_picked":["PowerUp","MeteoricShower"],"picked":"UltimateShortwave","floor":29.0},{"not_picked":["ChargeUpSpray+1","OpenUniverse"],"picked":"Acceleration","floor":29.0},{"not_picked":["Acceleration","GalacticHalo"],"picked":"PulseMagic+1","floor":29.0},{"not_picked":["ManaRampage","FinalSpark"],"picked":"EscapeVelocity","floor":33.0},{"not_picked":["Occultation","UnstableBomb","IllusionStar"],"picked":"SKIP","floor":35.0},{"not_picked":["DC+1","6A"],"picked":"MilkyWay+1","floor":37.0},{"not_picked":["6A+1","GalacticHalo+1"],"picked":"SprinkleStarSeal","floor":38.0},{"not_picked":["IllusionStar+1","UnstableBomb+1","MysteriousBeam+1"],"picked":"SKIP","floor":40.0},{"not_picked":["OrrerysSun","SporeBomb","Orbital"],"picked":"SKIP","floor":42.0},{"not_picked":["FairyDestructionRay+1","BigCrunch","NonDirectionalLaser"],"picked":"SKIP","floor":45.0},{"not_picked":["LuminesStrike+1","AsteroidBelt+1","StarBarrage+1"],"picked":"SKIP","floor":46.0},{"not_picked":["Impatience","Panacea"],"picked":"Apotheosis","floor":47.0},{"not_picked":["StarlightTyphoon","EventHorizon"],"picked":"Acceleration+1","floor":48.0},{"not_picked":["ShootingEcho","GravityBeat+1"],"picked":"6A+1","floor":54.0}],"player_experience":784000,"relics_obtained":[{"floor":6.0,"key":"Whetstone"},{"floor":9.0,"key":"Ancient Tea Set"},{"floor":14.0,"key":"Kunai"},{"floor":26.0,"key":"Vajra"},{"floor":27.0,"key":"Nunchaku"},{"floor":37.0,"key":"Turnip"},{"floor":40.0,"key":"Anchor"},{"floor":40.0,"key":"Bag of Marbles"},{"floor":45.0,"key":"Art of War"},{"floor":45.0,"key":"PreservedInsect"},{"floor":54.0,"key":"Shuriken"},{"floor":54.0,"key":"Boot"}],"event_choices":[{"damage_healed":0.0,"max_hp_gain":0.0,"max_hp_loss":0.0,"gold_gain":0.0,"event_name":"Transmorgrifier","player_choice":"Ignored","floor":5.0,"gold_loss":0.0,"damage_taken":0.0},{"damage_healed":0.0,"max_hp_gain":0.0,"max_hp_loss":0.0,"gold_gain":0.0,"event_name":"Back to Basics","player_choice":"Simplicity","floor":19.0,"gold_loss":0.0,"damage_taken":0.0,"cards_upgraded":["Strike_MRS","Strike_MRS","Strike_MRS","Defend_MRS","Defend_MRS","Defend_MRS","Defend_MRS"]},{"damage_healed":0.0,"max_hp_gain":0.0,"max_hp_loss":0.0,"gold_gain":0.0,"cards_transformed":["Strike_MRS","Strike_MRS"],"event_name":"Drug Dealer","player_choice":"Became Test Subject","floor":22.0,"gold_loss":0.0,"damage_taken":0.0,"cards_obtained":["Acceleration","EventHorizon"]},{"damage_healed":0.0,"max_hp_gain":0.0,"max_hp_loss":0.0,"gold_gain":0.0,"event_name":"Vampires","player_choice":"Ignored","floor":24.0,"gold_loss":0.0,"damage_taken":0.0},{"damage_healed":0.0,"max_hp_gain":0.0,"max_hp_loss":38.0,"gold_gain":0.0,"event_name":"Ghosts","player_choice":"Became a Ghost","floor":30.0,"gold_loss":0.0,"damage_taken":0.0,"cards_obtained":["Ghostly","Ghostly","Ghostly","Ghostly","Ghostly"]},{"damage_healed":0.0,"max_hp_gain":0.0,"max_hp_loss":0.0,"gold_gain":0.0,"event_name":"Upgrade Shrine","player_choice":"Upgraded","floor":31.0,"gold_loss":0.0,"damage_taken":0.0,"cards_upgraded":["Impatience"]},{"damage_healed":0.0,"max_hp_gain":0.0,"max_hp_loss":0.0,"gold_gain":0.0,"event_name":"Mysterious Sphere","player_choice":"Fight","floor":37.0,"gold_loss":0.0,"damage_taken":0.0},{"damage_healed":0.0,"max_hp_gain":0.0,"max_hp_loss":0.0,"gold_gain":0.0,"event_name":"SensoryStone","player_choice":"Memory 1","floor":47.0,"gold_loss":0.0,"damage_taken":0.0}],"is_beta":false,"boss_relics":[{"not_picked":["SacredBark","Calling Bell"],"picked":"Sozu"},{"not_picked":["Snecko Eye","Fusion Hammer"],"picked":"Black Star"}],"items_purged_floors":[21,29,36,39,53],"is_endless":false,"potions_floor_spawned":[2,6,7,14,18,35,38],"ascension_level":9}}