{"host":"3jpwrwmmgyabjceh","time":1608730100,"event":{"mods":["AchievementEnabler","BaseMod","Colored Map","Colored Powertips","Highlight Path","Minty Spire (QoL Compilation)","Quick Restart","StSLib"],"gold_per_floor":[119,294,294,309,325,325,355,355,355,200,150,150,166,196,196,196,196],"floor_reached":16,"playtime":525,"items_purged":["Strike_R"],"score":135,"play_id":"1981b5b8-8004-4543-9edb-085a8969f1ac","local_time":"20201223162820","is_ascension_mode":true,"campfire_choices":[{"data":"Searing Blow+1","floor":6,"key":"SMITH"},{"data":"Searing Blow+2","floor":8,"key":"SMITH"},{"data":"Searing Blow+3","floor":15,"key":"SMITH"}],"circlet_count":0,"master_deck":["Strike_R","Strike_R","Defend_R","Defend_R","Defend_R","Defend_R","Bash","Searing Blow+4","Doubt","Shrug It Off","Metallicize"],"relics":["Burning Blood","Self Forming Clay","Pantograph","Bottled Lightning"],"acts_visited":["Exordium"],"potions_floor_usage":[7],"damage_taken":[{"damage":6,"enemies":"Cultist","floor":1,"turns":3},{"damage":8,"enemies":"Jaw Worm","floor":4,"turns":4},{"damage":0,"enemies":"Small Slimes","floor":5,"turns":3},{"damage":37,"enemies":"Gremlin Nob","floor":7,"turns":5},{"damage":6,"enemies":"Looter","floor":13,"turns":4},{"damage":23,"enemies":"Lagavulin","floor":14,"turns":8},{"damage":72,"enemies":"Hexaghost","floor":16,"turns":11}],"seed_played":"-3679961504288527001","potions_obtained":[{"floor":1,"key":"Regen Potion"}],"is_trial":false,"path_per_floor":["M","?","?","M","M","R","E","R","T","$","?","?","M","E","R","B"],"character_chosen":"IRONCLAD","items_purchased":["Metallicize"],"campfire_rested":0,"item_purchase_floors":[10],"current_hp_per_floor":[80,80,80,78,80,80,58,58,58,58,58,58,58,41,41,0,0],"gold":196,"neow_bonus":"REMOVE_CARD","is_daily":false,"chose_seed":false,"campfire_upgraded":3,"win_rate":0.0,"timestamp":1608730100,"path_taken":["M","?","?","M","?","R","E","R","T","?","?","?","M","E","R","BOSS"],"items_purchased_type":["Card"],"build_version":"2020-12-22","purchased_purges":1,"victory":false,"max_hp_per_floor":[80,80,80,80,80,80,80,80,80,80,80,80,80,80,80,80,80],"card_choices":[{"not_picked":["Flex","Perfected Strike"],"picked":"Searing Blow","floor":1},{"not_picked":["Havoc","Battle Trance"],"picked":"Shrug It Off","floor":4},{"not_picked":["Perfected Strike","Clothesline","Rupture"],"picked":"SKIP","floor":5},{"not_picked":["Exhume","Dark Embrace","Heavy Blade"],"picked":"SKIP","floor":7},{"not_picked":["Iron Wave","Dark Embrace","Body Slam"],"picked":"SKIP","floor":13},{"not_picked":["Twin Strike","Sentinel","Clothesline"],"picked":"SKIP","floor":14}],"player_experience":258660,"relics_obtained":[{"floor":7,"key":"Self Forming Clay"},{"floor":9,"key":"Pantograph"},{"floor":14,"key":"Bottled Lightning"}],"event_choices":[{"damage_healed":0,"gold_gain":175,"player_choice":"AGREE","damage_taken":0,"max_hp_gain":0,"max_hp_loss":0,"event_name":"Liars Game","floor":2,"gold_loss":0,"cards_obtained":["Doubt"]},{"damage_healed":0,"gold_gain":0,"player_choice":"Forge","damage_taken":0,"max_hp_gain":0,"max_hp_loss":0,"event_name":"Accursed Blacksmith","floor":3,"gold_loss":0,"cards_upgraded":["Searing Blow"]},{"cards_removed":["Strike_R"],"damage_healed":0,"gold_gain":0,"player_choice":"Card Removal","damage_taken":0,"max_hp_gain":0,"max_hp_loss":0,"event_name":"The Cleric","floor":11,"gold_loss":50},{"damage_healed":0,"gold_gain":0,"player_choice":"0 cards matched","damage_taken":0,"max_hp_gain":0,"max_hp_loss":0,"event_name":"Match and Keep!","floor":12,"gold_loss":0,"cards_obtained":[]}],"is_beta":false,"boss_relics":[],"items_purged_floors":[10],"is_endless":false,"potions_floor_spawned":[1],"killed_by":"Hexaghost","ascension_level":5}}