{"host":"w7o06k3e8uel8euj","time":1608717751,"event":{"mods":["AchievementEnabler","BaseMod","Colored Powertips","Custom Start","DeckTracker","Keyboard Shortcuts","Minty Spire (QoL Compilation)","Quick Restart","Relic Stats","StSLib","SuperFastMode","everything is the same but u backflip on backflip"],"gold_per_floor":[118,43,118,118,136,136,177,177,177,25,65,83,107,164,164,284,284,299,199,298,298,322,363,363,407,434,468,487,523,523,541,541,666,666,681,697,697,711,711,711,725,765,846,879,458,458,230,246,246,246,246,246,71,114,114],"floor_reached":56,"playtime":1487,"items_purged":["Strike_G","Bane","Leg Sweep","Expertise","Dagger Spray"],"score":1964,"play_id":"9c243dea-fd0e-43c2-9c69-fe99ba6184a3","local_time":"20201223190231","is_ascension_mode":true,"campfire_choices":[{"data":"Terror","floor":6.0,"key":"SMITH"},{"data":"Noxious Fumes","floor":8.0,"key":"SMITH"},{"floor":15.0,"key":"REST"},{"data":"Acrobatics","floor":24.0,"key":"SMITH"},{"data":"Tactician","floor":30.0,"key":"SMITH"},{"data":"Tactician","floor":32.0,"key":"SMITH"},{"floor":40.0,"key":"RECALL"},{"floor":46,"key":"REST"},{"floor":49,"key":"REST"},{"floor":52,"key":"REST"}],"circlet_count":0,"master_deck":["Survivor","Neutralize","Terror+1","Noxious Fumes+1","Acrobatics+1","Tactician+1","Predator+1","Dash+1","Blade Dance","Adrenaline","Heel Hook","Footwork","Sucker Punch","Skewer","Tactician+1","Concentrate","Cloak And Dagger+1","Heel Hook+1","After Image","Backflip","Backflip+1","Apotheosis+1","Finesse","Reflex","Escape Plan","Heel Hook"],"relics":["Ring of the Snake","NeowsBlessing","Golden Idol","Shuriken","Torii","Gremlin Horn","Pandora\u0027s Box","Meat on the Bone","Strawberry","Bottled Tornado","Whetstone","Bag of Preparation","Red Mask","Runic Pyramid","Lantern","Anchor","Turnip","Pen Nib"],"acts_visited":["Exordium","TheCity","TheBeyond","TheEnding"],"potions_floor_usage":[50,55,55],"damage_taken":[{"damage":0.0,"enemies":"Cultist","floor":1.0,"turns":1.0},{"damage":0.0,"enemies":"2 Louse","floor":5.0,"turns":1.0},{"damage":0.0,"enemies":"Lagavulin","floor":7.0,"turns":1.0},{"damage":23.0,"enemies":"3 Sentries","floor":11.0,"turns":7.0},{"damage":1.0,"enemies":"Small Slimes","floor":12.0,"turns":2.0},{"damage":1.0,"enemies":"Blue Slaver","floor":13.0,"turns":3.0},{"damage":13.0,"enemies":"Slime Boss","floor":16.0,"turns":5.0},{"damage":20.0,"enemies":"Spheric Guardian","floor":18.0,"turns":4.0},{"damage":20.0,"enemies":"Chosen","floor":22.0,"turns":5.0},{"damage":0.0,"enemies":"Gremlin Leader","floor":23.0,"turns":2.0},{"damage":12.0,"enemies":"Book of Stabbing","floor":25.0,"turns":4.0},{"damage":16.0,"enemies":"Slavers","floor":27.0,"turns":5.0},{"damage":10.0,"enemies":"Centurion and Healer","floor":28.0,"turns":4.0},{"damage":1.0,"enemies":"Masked Bandits","floor":29.0,"turns":2.0},{"damage":0.0,"enemies":"Snake Plant","floor":31.0,"turns":2.0},{"damage":0.0,"enemies":"Automaton","floor":33.0,"turns":5.0},{"damage":21.0,"enemies":"3 Shapes","floor":35.0,"turns":4.0},{"damage":7.0,"enemies":"Orb Walker","floor":36.0,"turns":3.0},{"damage":0.0,"enemies":"Jaw Worm Horde","floor":38.0,"turns":3.0},{"damage":14.0,"enemies":"Maw","floor":41.0,"turns":5.0},{"damage":7.0,"enemies":"Giant Head","floor":42.0,"turns":4.0},{"damage":0.0,"enemies":"Nemesis","floor":44.0,"turns":7.0},{"damage":0,"enemies":"Transient","floor":48,"turns":5},{"damage":0,"enemies":"Donu and Deca","floor":50,"turns":4},{"damage":0,"enemies":"Shield and Spear","floor":54,"turns":3},{"damage":4,"enemies":"The Heart","floor":55,"turns":5}],"seed_played":"-7842441842118669509","potions_obtained":[{"floor":1.0,"key":"Strength Potion"},{"floor":7.0,"key":"DuplicationPotion"},{"floor":16.0,"key":"GamblersBrew"},{"floor":18.0,"key":"Poison Potion"},{"floor":22.0,"key":"Fire Potion"},{"floor":29.0,"key":"SpeedPotion"},{"floor":36.0,"key":"LiquidMemories"},{"floor":44.0,"key":"DistilledChaos"},{"floor":54,"key":"SmokeBomb"}],"is_trial":false,"path_per_floor":["M","$","?","?","M","R","E","R","T","$","E","M","M","?","R","B",null,"M","$","?","?","M","E","R","E","T","E","M","?","R","M","R","B",null,"M","M","?","M","?","R","M","E","T","E","$","R","$","M","R","B",null,"R","$","E","B",null],"character_chosen":"THE_SILENT","items_purchased":["Tactician","Predator","Turnip","Escape Plan"],"campfire_rested":4,"item_purchase_floors":[10,10,45,47],"current_hp_per_floor":[63,63,52,35,35,35,35,35,35,35,12,11,10,10,31,18,57,37,37,37,37,29,48,48,48,48,44,46,45,45,45,45,45,69,48,41,31,43,43,43,41,46,46,46,46,69,69,69,77,77,77,77,77,77,73],"gold":114,"neow_bonus":"THREE_ENEMY_KILL","is_daily":false,"chose_seed":false,"campfire_upgraded":5,"win_rate":0.0,"timestamp":1608717751,"path_taken":["M","?","?","?","M","R","E","R","T","?","E","M","?","?","R","BOSS","M","$","?","?","M","E","R","E","T","E","M","?","R","M","R","BOSS","M","M","?","M","?","R","?","E","T","E","$","R","$","M","R","BOSS","R","$","E","BOSS"],"items_purchased_type":["Card","Card","Relic","Card"],"build_version":"2020-12-22","purchased_purges":5,"victory":true,"max_hp_per_floor":[70,70,70,70,70,70,70,70,70,70,70,70,70,70,70,70,70,70,70,70,70,70,77,77,77,77,77,77,77,77,77,77,77,77,77,77,77,77,77,77,77,77,77,77,77,77,77,77,77,77,77,77,77,77,77],"relic_stats":{"Torii":27,"Gremlin Horn":[15,16],"counters":[26,96],"Golden Idol":212,"Pen Nib":[3],"Bag of Preparation":[28],"Whetstone":["Dash","Predator"],"Shuriken":[114],"Pandora\u0027s Box":["Heel Hook","Leg Sweep","Footwork","Sucker Punch","Skewer","Tactician","Expertise","Concentrate","Bane"],"Turnip":[2],"obtain_stats":[{"Lantern":42,"NeowsBlessing":0,"Torii":9,"Gremlin Horn":11,"Golden Idol":4,"Pen Nib":54,"Bag of Preparation":27,"Whetstone":26,"Bottled Tornado":25,"Anchor":44,"Shuriken":7,"Strawberry":23,"Pandora\u0027s Box":17,"Turnip":45,"Red Mask":29,"Ring of the Snake":0,"Meat on the Bone":21,"Runic Pyramid":34},{"Lantern":21,"NeowsBlessing":0,"Torii":3,"Gremlin Horn":4,"Golden Idol":1,"Pen Nib":25,"Bag of Preparation":12,"Whetstone":11,"Bottled Tornado":11,"Anchor":22,"Shuriken":3,"Strawberry":10,"Pandora\u0027s Box":7,"Turnip":22,"Red Mask":14,"Ring of the Snake":0,"Meat on the Bone":8,"Runic Pyramid":16},{"Lantern":72,"NeowsBlessing":0,"Torii":3,"Gremlin Horn":10,"Golden Idol":1,"Pen Nib":91,"Bag of Preparation":40,"Whetstone":35,"Bottled Tornado":35,"Anchor":79,"Shuriken":3,"Strawberry":31,"Pandora\u0027s Box":20,"Turnip":79,"Red Mask":46,"Ring of the Snake":0,"Meat on the Bone":24,"Runic Pyramid":53}],"Ring of the Snake":[52],"Meat on the Bone":96},"card_choices":[{"not_picked":["Expertise","Outmaneuver"],"picked":"Terror","floor":1.0},{"not_picked":["Poisoned Stab","Leg Sweep"],"picked":"Noxious Fumes","floor":5.0},{"not_picked":["Underhanded Strike","Reflex"],"picked":"Acrobatics","floor":7.0},{"not_picked":["Underhanded Strike","Dagger Throw"],"picked":"Dagger Spray","floor":11.0},{"not_picked":["Caltrops","Slice"],"picked":"Dash","floor":12.0},{"not_picked":["Bane","Sucker Punch"],"picked":"Blade Dance","floor":13.0},{"not_picked":["Malaise","Grand Finale"],"picked":"Adrenaline","floor":16.0},{"not_picked":["Noxious Fumes","All Out Attack","Deflect"],"picked":"SKIP","floor":18.0},{"not_picked":["Underhanded Strike+1","Leg Sweep"],"picked":"Cloak And Dagger+1","floor":22.0},{"not_picked":["Slice","Deadly Poison","Tactician"],"picked":"SKIP","floor":23.0},{"not_picked":["Deadly Poison","Blade Dance"],"picked":"Heel Hook+1","floor":25.0},{"not_picked":["Deadly Poison","Noxious Fumes+1"],"picked":"After Image","floor":27.0},{"not_picked":["Deflect+1","Dagger Throw"],"picked":"Backflip","floor":28.0},{"not_picked":["Quick Slash+1","Catalyst","Doppelganger"],"picked":"SKIP","floor":31.0},{"not_picked":["Noxious Fumes+1","Quick Slash","Underhanded Strike+1"],"picked":"SKIP","floor":35.0},{"not_picked":["Sucker Punch","Quick Slash"],"picked":"Backflip+1","floor":36.0},{"not_picked":["Violence","Chrysalis"],"picked":"Apotheosis","floor":37.0},{"not_picked":["Apotheosis","Violence"],"picked":"Finesse","floor":37.0},{"not_picked":["Caltrops+1","Noxious Fumes"],"picked":"Reflex","floor":38.0},{"not_picked":["Blade Dance+1","Distraction","Cloak And Dagger"],"picked":"SKIP","floor":41.0},{"not_picked":["Backflip+1","Dodge and Roll+1","Slice+1"],"picked":"SKIP","floor":42.0},{"not_picked":["Skewer","Sucker Punch+1","Deflect+1"],"picked":"SKIP","floor":44.0},{"not_picked":["Dagger Throw+1","Sucker Punch+1"],"picked":"Heel Hook","floor":48},{"not_picked":["All Out Attack","Noxious Fumes+1","Outmaneuver+1"],"picked":"SKIP","floor":54}],"player_experience":568001,"relics_obtained":[{"floor":7.0,"key":"Shuriken"},{"floor":9.0,"key":"Torii"},{"floor":11.0,"key":"Gremlin Horn"},{"floor":23.0,"key":"Strawberry"},{"floor":25.0,"key":"Bottled Tornado"},{"floor":26.0,"key":"Whetstone"},{"floor":27.0,"key":"Bag of Preparation"},{"floor":29.0,"key":"Red Mask"},{"floor":42.0,"key":"Lantern"},{"floor":44.0,"key":"Anchor"},{"floor":54,"key":"Pen Nib"}],"event_choices":[{"damage_healed":0.0,"max_hp_gain":0.0,"max_hp_loss":0.0,"gold_gain":75.0,"event_name":"World of Goop","player_choice":"Gather Gold","floor":3.0,"gold_loss":0.0,"damage_taken":11.0},{"damage_healed":0.0,"max_hp_gain":0.0,"max_hp_loss":0.0,"gold_gain":0.0,"event_name":"Golden Idol","player_choice":"Take Damage","floor":4.0,"gold_loss":0.0,"damage_taken":17.0,"relics_obtained":["Golden Idol"]},{"damage_healed":0.0,"max_hp_gain":0.0,"max_hp_loss":0.0,"gold_gain":57.0,"event_name":"Golden Wing","player_choice":"Gained Gold","floor":14.0,"gold_loss":0.0,"damage_taken":0.0},{"damage_healed":0.0,"max_hp_gain":0.0,"max_hp_loss":0.0,"gold_gain":99.0,"event_name":"Nest","player_choice":"Stole From Cult","floor":20.0,"gold_loss":0.0,"damage_taken":0.0},{"damage_healed":0.0,"max_hp_gain":0.0,"max_hp_loss":0.0,"gold_gain":0.0,"event_name":"The Mausoleum","player_choice":"Opened","floor":21.0,"gold_loss":0.0,"damage_taken":0.0,"relics_obtained":["Meat on the Bone"]},{"damage_healed":0.0,"max_hp_gain":0.0,"max_hp_loss":0.0,"gold_gain":0.0,"event_name":"Masked Bandits","player_choice":"Fought Bandits","floor":29.0,"gold_loss":0.0,"damage_taken":0.0},{"damage_healed":0.0,"max_hp_gain":0.0,"max_hp_loss":0.0,"gold_gain":0.0,"event_name":"SensoryStone","player_choice":"Memory 3","floor":37.0,"gold_loss":0.0,"damage_taken":10.0},{"damage_healed":0.0,"max_hp_gain":0.0,"max_hp_loss":0.0,"gold_gain":0.0,"event_name":"Accursed Blacksmith","player_choice":"Forge","floor":39.0,"gold_loss":0.0,"damage_taken":0.0,"cards_upgraded":["Apotheosis"]}],"is_beta":false,"boss_relics":[{"not_picked":["Snecko Eye","WristBlade"],"picked":"Pandora\u0027s Box"},{"not_picked":["Cursed Key","Tiny House"],"picked":"Runic Pyramid"}],"items_purged_floors":[2,19,45,47,53],"is_endless":false,"potions_floor_spawned":[1,7,16,18,22,23,29,36,44,48,54],"ascension_level":8}}