{"host":"rmsq46plbpwfbxcc","time":1608732715,"event":{"mods":["AchievementEnabler","BaseMod","Colored Map","DeckTracker","Minty Spire (QoL Compilation)","Permanent Neow","SuperFastMode"],"gold_per_floor":[118,131,148,73,88,88,121,121,121,132,163,5,5,5,5,84,84,95,75,91,91,103,103,121,155,230,230,250,283,183,198,198,198,198],"floor_reached":33,"playtime":1269,"items_purged":["Strike_G","Defend_G"],"score":583,"play_id":"aac83a5a-9d34-4c44-99e0-3306d86347f6","local_time":"20201223231155","is_ascension_mode":true,"campfire_choices":[{"data":"Blade Dance","floor":6.0,"key":"SMITH"},{"data":"Neutralize","floor":8.0,"key":"SMITH"},{"data":"Dagger Throw","floor":15.0,"key":"SMITH"},{"data":"After Image","floor":23.0,"key":"SMITH"},{"data":"Well Laid Plans","floor":27.0,"key":"SMITH"},{"data":"Dash","floor":32,"key":"SMITH"}],"circlet_count":0,"master_deck":["AscendersBane","Strike_G","Strike_G","Defend_G+1","Defend_G","Defend_G","Survivor","Neutralize+1","Dagger Throw+1","Cloak And Dagger+1","Blade Dance+1","Bullet Time","Blade Dance+1","After Image+1","Bane+1","All Out Attack+1","Concentrate+1","Well Laid Plans+1","Backflip+1","Dash+1"],"relics":["Coffee Dripper","War Paint","Letter Opener","Unceasing Top","Lantern","Astrolabe","Bag of Marbles","StrikeDummy","Ninja Scroll"],"acts_visited":["Exordium","TheCity"],"potions_floor_usage":[29,29,33],"damage_taken":[{"damage":1.0,"enemies":"Jaw Worm","floor":1.0,"turns":5.0},{"damage":0.0,"enemies":"Cultist","floor":2.0,"turns":4.0},{"damage":0.0,"enemies":"2 Louse","floor":3.0,"turns":3.0},{"damage":4.0,"enemies":"2 Fungi Beasts","floor":5.0,"turns":3.0},{"damage":10.0,"enemies":"Lagavulin","floor":7.0,"turns":5.0},{"damage":6.0,"enemies":"Lots of Slimes","floor":10.0,"turns":3.0},{"damage":15.0,"enemies":"3 Sentries","floor":11.0,"turns":7.0},{"damage":2.0,"enemies":"Hexaghost","floor":16.0,"turns":8.0},{"damage":0.0,"enemies":"3 Byrds","floor":18.0,"turns":4.0},{"damage":8.0,"enemies":"2 Thieves","floor":19.0,"turns":4.0},{"damage":1.0,"enemies":"3 Cultists","floor":20.0,"turns":4.0},{"damage":1.0,"enemies":"Chosen and Byrds","floor":22.0,"turns":5.0},{"damage":0.0,"enemies":"Shelled Parasite and Fungi","floor":24.0,"turns":4.0},{"damage":0.0,"enemies":"Book of Stabbing","floor":25.0,"turns":5.0},{"damage":7.0,"enemies":"Cultist and Chosen","floor":28.0,"turns":5.0},{"damage":16,"enemies":"Slavers","floor":29,"turns":4},{"damage":0,"enemies":"Centurion and Healer","floor":31,"turns":3},{"damage":28,"enemies":"Champ","floor":33,"turns":6}],"seed_played":"-429529257099777130","potions_obtained":[{"floor":2.0,"key":"AttackPotion"},{"floor":5.0,"key":"Strength Potion"},{"floor":10.0,"key":"CultistPotion"},{"floor":16.0,"key":"SteroidPotion"},{"floor":18.0,"key":"Weak Potion"},{"floor":25.0,"key":"FearPotion"},{"floor":29,"key":"Poison Potion"}],"is_trial":false,"path_per_floor":["M","M","M","$","M","R","E","R","T","M","E","$","?","?","R","B",null,"M","M","M","?","M","R","M","E","T","R","M","E","$","M","R","B"],"character_chosen":"THE_SILENT","items_purchased":["Lantern"],"campfire_rested":0,"item_purchase_floors":[12],"current_hp_per_floor":[58,58,58,58,54,54,44,44,44,38,23,23,23,23,23,21,55,55,47,46,46,45,45,45,45,45,45,38,22,22,22,22,0,0],"gold":198,"neow_bonus":"BOSS_RELIC","is_daily":false,"chose_seed":false,"campfire_upgraded":6,"win_rate":0.0,"timestamp":1608732715,"path_taken":["M","M","M","$","M","R","E","R","T","M","E","$","?","?","R","BOSS","M","M","M","?","M","R","M","E","T","R","M","E","$","?","R","BOSS"],"items_purchased_type":["Relic"],"build_version":"2020-12-22","purchased_purges":2,"victory":false,"max_hp_per_floor":[66,66,66,66,66,66,66,66,66,66,66,66,66,66,66,66,66,66,66,66,66,66,66,66,66,66,66,66,66,66,66,66,66,66],"card_choices":[{"not_picked":["Acrobatics","Masterful Stab"],"picked":"Dagger Throw","floor":1.0},{"not_picked":["Acrobatics","Poisoned Stab"],"picked":"Cloak And Dagger","floor":2.0},{"not_picked":["Prepared","Dagger Throw"],"picked":"Blade Dance","floor":3.0},{"not_picked":["Quick Slash","Riddle With Holes","Outmaneuver"],"picked":"SKIP","floor":5.0},{"not_picked":["Eviscerate","Dagger Spray"],"picked":"Bullet Time","floor":7.0},{"not_picked":["Dagger Spray","Dodge and Roll","Heel Hook"],"picked":"SKIP","floor":10.0},{"not_picked":["Wraith Form v2","Venomology"],"picked":"Blade Dance","floor":11.0},{"not_picked":["Wraith Form v2","Venomology"],"picked":"After Image","floor":16.0},{"not_picked":["Blade Dance","Leg Sweep","Calculated Gamble"],"picked":"SKIP","floor":18.0},{"not_picked":["Dagger Spray","Sucker Punch+1","Deadly Poison"],"picked":"SKIP","floor":19.0},{"not_picked":["Dagger Spray","Sucker Punch+1","Deadly Poison"],"picked":"SKIP","floor":19.0},{"not_picked":["Prepared","Quick Slash+1","All Out Attack+1"],"picked":"SKIP","floor":20.0},{"not_picked":["Blade Dance+1","Backstab"],"picked":"Well Laid Plans","floor":22.0},{"not_picked":["Prepared","PiercingWail"],"picked":"Backflip+1","floor":24.0},{"not_picked":["Skewer","Deadly Poison","Prepared"],"picked":"SKIP","floor":25.0},{"not_picked":["Masterful Stab","Flying Knee+1","Outmaneuver"],"picked":"SKIP","floor":28.0},{"not_picked":["Corpse Explosion","Prepared","Deflect"],"picked":"SKIP","floor":29},{"not_picked":["Predator","Quick Slash+1"],"picked":"Dash","floor":31}],"player_experience":1363877,"relics_obtained":[{"floor":7.0,"key":"War Paint"},{"floor":9.0,"key":"Letter Opener"},{"floor":11.0,"key":"Unceasing Top"},{"floor":25.0,"key":"Bag of Marbles"},{"floor":26.0,"key":"StrikeDummy"},{"floor":29,"key":"Ninja Scroll"}],"event_choices":[{"damage_healed":0.0,"max_hp_gain":0.0,"max_hp_loss":0.0,"gold_gain":0.0,"event_name":"Living Wall","player_choice":"Grow","floor":13.0,"gold_loss":0.0,"damage_taken":0.0,"cards_upgraded":["Blade Dance"]},{"damage_healed":0.0,"max_hp_gain":0.0,"max_hp_loss":0.0,"gold_gain":0.0,"event_name":"Wheel of Change","player_choice":"Cursed","floor":14.0,"gold_loss":0.0,"damage_taken":0.0,"cards_obtained":["Decay"]},{"cards_removed":["Decay"],"damage_healed":0.0,"max_hp_gain":0.0,"max_hp_loss":0.0,"gold_gain":0.0,"event_name":"Purifier","player_choice":"Purged","floor":21.0,"gold_loss":0.0,"damage_taken":0.0}],"is_beta":false,"boss_relics":[{"not_picked":["Fusion Hammer","Philosopher\u0027s Stone"],"picked":"Astrolabe"}],"items_purged_floors":[4,30],"is_endless":false,"potions_floor_spawned":[2,5,10,16,18,25,28,29],"killed_by":"Champ","ascension_level":16}}