{"host":"um0xa9v6g85cbrcv","time":1608722097,"event":{"mods":["A Magickal Journey","AchievementEnabler","Act Like it!","Aspiration","Astrologer","Bard","BaseMod","BetterRewards","CapriCore","Colored Map","Colored Powertips","Conspire","Downfall","Energized Spire","Fiend Mod","FutureSeer","Gensokyo","GifTheSpireLib","Jorbs\u0027s Wanderer Trilogy","KinomotoSakuraMod(????)","Koishi","LagranYue(???·?)","Luminous","Marisa????????","Minty Spire (QoL Compilation)","Pale of the Ancients","Prisma Mod","Rare Cards Sparkle","Reimu??????","Remilia_Scarlet Moed?????·?????3.3.5","Remilia??????","Replay The Spire","Somnambulant","Spikes Relics","StSLib","Stuff the Spire","Td1madao Mod","The Alterego","The Animator","The Blackbeard","The Bug Knight","The Cursed","The Death Knight","The Disciple","The Dragon Tamer","The Forsaken","The Gatherer","The Immortal","The Judge","The Jungle","The Marked","The Necromancer","The Runesmith","The Servant 0.9.4","The Showman","The Spell Scribe","The Wild Card","TheBandit","TheHero","TheSwordswoman","Yuri Mod","vexMod"],"gold_per_floor":[99,112,129,129,145,108,155,92,122,134,146,192,204,229,254,266,266,266],"floor_reached":16,"playtime":1424,"items_purged":[],"score":102,"play_id":"c0a41315-cc54-4cde-8ac1-66159043ab90","local_time":"20201223121457","is_ascension_mode":false,"campfire_choices":[{"floor":1.0,"key":"RECALL"},{"data":"Guardian:TwinSlam","floor":8.0,"key":"SMITH"}],"circlet_count":0,"master_deck":["Guardian:Strike_Guardian","Guardian:Strike_Guardian","Guardian:Strike_Guardian","Guardian:Strike_Guardian","Guardian:Defend_Guardian","Guardian:Defend_Guardian","Guardian:Defend_Guardian","Guardian:Defend_Guardian","Guardian:CurlUp","Guardian:TwinSlam+1","Guardian:VentSteam","Guardian:BronzeArmor","Guardian:CrystalBeam","Guardian:PrimingBeam","Guardian:Gem_Purple","RemiliaMod:CYMZW","Injury","Guardian:Reroute+1","Guardian:Gem_Lightblue","Guardian:EvasiveProtocol"],"relics":["Guardian:ModeShifter","LagranYue:RandomDrawCardRelic","MawBank","downfall:HeartBlessingRed","Molten Egg 2","Divine Protection","BlackRope"],"acts_visited":["Exordium"],"potions_floor_usage":[16],"damage_taken":[{"damage":1.0,"enemies":"2 Louse","floor":2.0,"turns":2.0},{"damage":1.0,"enemies":"Cultist","floor":3.0,"turns":4.0},{"damage":2.0,"enemies":"Small Slimes","floor":5.0,"turns":4.0},{"damage":2.0,"enemies":"downfall:FleeingMerchant","floor":6.0,"turns":4.0},{"damage":5.0,"enemies":"Exordium Thugs","floor":9.0,"turns":3.0},{"damage":44.0,"enemies":"Gremlin Nob","floor":12.0,"turns":5.0},{"damage":0,"enemies":"Large Slime","floor":14,"turns":5},{"damage":2,"enemies":"Red Slaver","floor":15,"turns":3},{"damage":40,"enemies":"downfall:Silent","floor":16,"turns":10}],"seed_played":"-8134288925725641610","potions_obtained":[{"floor":2.0,"key":"Adrenaline Potion"},{"floor":5.0,"key":"hexamod:EctoCoolerPotion"},{"floor":12.0,"key":"Elixir"},{"floor":15,"key":"Explosive Potion"}],"is_trial":false,"path_per_floor":["R","M","M","?","M","$","T","R","M","?","?","E","T","M","M","B"],"character_chosen":"GUARDIAN","items_purchased":["Guardian:Gem_Cyan"],"campfire_rested":0,"item_purchase_floors":[6],"current_hp_per_floor":[88,87,86,86,84,82,82,82,77,82,82,38,38,38,36,0,0,0],"gold":266,"neow_bonus":"TEN_PERCENT_HP_BONUS","is_daily":false,"chose_seed":false,"campfire_upgraded":1,"win_rate":0.0,"timestamp":1608722097,"path_taken":["R","M","M","?","M","?","T","R","M","?","?","E","?","?","M","BOSS"],"items_purchased_type":["Card"],"build_version":"2020-12-22","purchased_purges":0,"victory":false,"max_hp_per_floor":[88,88,88,88,88,88,88,88,88,93,93,93,93,93,93,93,93,93],"card_choices":[{"not_picked":["Guardian:ChargeUp","Guardian:Preprogram"],"picked":"Guardian:VentSteam","floor":2.0},{"not_picked":["Guardian:WalkerClaw","Guardian:ChargeCore"],"picked":"Guardian:BronzeArmor","floor":3.0},{"not_picked":["Guardian:TemporalShield","Guardian:RollAttack"],"picked":"Guardian:CrystalBeam","floor":5.0},{"not_picked":["Guardian:Incinerate","Guardian:WalkerClaw"],"picked":"Guardian:PrimingBeam","floor":6.0},{"not_picked":["Guardian:ArmoredProtocol","Guardian:ConstructionForm"],"picked":"Guardian:Gem_Purple","floor":9.0},{"not_picked":["Guardian:PrimingBeam+1","Guardian:TemporalStrike+1"],"picked":"Guardian:Reroute+1","floor":12.0},{"not_picked":["Guardian:BronzeArmor","Guardian:CrystalBeam+1"],"picked":"Guardian:Gem_Lightblue","floor":14},{"not_picked":["Guardian:WalkerClaw+1","Guardian:GuardianWhirl+1"],"picked":"Guardian:EvasiveProtocol","floor":15}],"player_experience":27276,"relics_obtained":[{"floor":7.0,"key":"MawBank"},{"floor":12.0,"key":"Divine Protection"},{"floor":13.0,"key":"BlackRope"}],"event_choices":[{"damage_healed":0.0,"max_hp_gain":5.0,"max_hp_loss":0.0,"gold_gain":0.0,"event_name":"Remilia_CDSJ09","player_choice":"CYMZW","floor":10.0,"gold_loss":0.0,"damage_taken":0.0}],"is_beta":false,"boss_relics":[],"items_purged_floors":[],"is_endless":false,"potions_floor_spawned":[2,5,12,15],"killed_by":"downfall:Silent","ascension_level":0}}