{"host":"m1ntkrf87179kmo6","time":1608684246,"event":{"mods":["BaseMod","Better Third Choice","Minty Spire (QoL Compilation)","Shade Mod","StSLib"],"gold_per_floor":[112,65,165,120,138,138,138,152,152,163,173,205,217,233,233,333,333,344,38,38,57,57,57,75,75,75],"floor_reached":25,"playtime":1982,"items_purged":[],"score":230,"play_id":"e3809583-5890-4b37-b9ee-a27425c9c08c","local_time":"20201222204406","is_ascension_mode":false,"campfire_choices":[{"floor":7,"key":"RECALL"},{"floor":15,"key":"REST"},{"floor":23,"key":"REST"}],"circlet_count":0,"master_deck":["Shade:Strike_Shade","Shade:Strike_Shade","Shade:Strike_Shade","Shade:Strike_Shade","Shade:Defend_Shade","Shade:Defend_Shade","Shade:Defend_Shade","Shade:Defend_Shade","Shade:AnimateDead","Shade:CarefulCut","Shade:GreyBargain","Shade:ClawBack","Shade:AncientSpear","Shade:FuneraryArmor","Shade:ClawBack","Shade:FleshLikeOak","Shade:SensePrey","Shade:GreyBargain","Shade:Excise","Shade:FleshLikeOak","Shade:Excise","Shade:TouchOfTheGrave+1"],"relics":["Shade:YorickSkull","PreservedInsect","Bag of Marbles","Strawberry","Vajra"],"acts_visited":["Exordium","TheCity"],"potions_floor_usage":[11,16,16,16,18],"damage_taken":[{"damage":0,"enemies":"Jaw Worm","floor":1,"turns":4},{"damage":0,"enemies":"Cultist","floor":5,"turns":3},{"damage":0,"enemies":"Small Slimes","floor":8,"turns":4},{"damage":4,"enemies":"Gremlin Gang","floor":10,"turns":6},{"damage":4,"enemies":"Red Slaver","floor":11,"turns":4},{"damage":10,"enemies":"3 Sentries","floor":12,"turns":7},{"damage":13,"enemies":"Lots of Slimes","floor":13,"turns":5},{"damage":0,"enemies":"Looter","floor":14,"turns":3},{"damage":3,"enemies":"Slime Boss","floor":16,"turns":8},{"damage":46,"enemies":"Shell Parasite","floor":18,"turns":8},{"damage":24,"enemies":"3 Byrds","floor":21,"turns":5},{"damage":10,"enemies":"Cultist and Chosen","floor":24,"turns":8},{"damage":29,"enemies":"Sentry and Sphere","floor":25,"turns":6}],"seed_played":"-7231565731653425519","potions_obtained":[{"floor":10,"key":"SkillPotion"},{"floor":11,"key":"Swift Potion"},{"floor":12,"key":"BlessingOfTheForge"},{"floor":14,"key":"PowerPotion"},{"floor":18,"key":"Fruit Juice"}],"is_trial":false,"path_per_floor":["M","$","?","$","M","?","R","M","T","M","M","E","M","M","R","B",null,"M","$","?","M","$","R","M","M"],"character_chosen":"SHADE","items_purchased":["Shade:ClawBack","Shade:AncientSpear","Strawberry","Vajra"],"campfire_rested":2,"item_purchase_floors":[2,4,19,19],"current_hp_per_floor":[71,71,71,71,71,64,64,64,64,60,56,46,33,33,54,51,71,30,37,37,13,13,37,27,0,0],"gold":75,"neow_bonus":"TEN_PERCENT_HP_BONUS","is_daily":false,"chose_seed":false,"campfire_upgraded":0,"win_rate":0.0,"timestamp":1608684246,"path_taken":["M","$","?","?","M","?","R","M","T","M","?","E","M","M","R","BOSS","M","$","?","?","?","R","?","M"],"items_purchased_type":["Card","Card","Relic","Relic"],"build_version":"2020-12-13","purchased_purges":0,"victory":false,"max_hp_per_floor":[71,71,71,71,71,71,71,71,71,71,71,71,71,71,71,71,71,76,83,83,83,83,83,83,83,83],"card_choices":[{"not_picked":["Shade:GraveStillness","Shade:FuneraryArmor"],"picked":"Shade:GreyBargain","floor":1},{"not_picked":["Shade:FleshToFlesh","Shade:PressTheAttack","Shade:BoneShards"],"picked":"SKIP","floor":5},{"not_picked":["Shade:Brains","Shade:Coordination"],"picked":"Shade:FuneraryArmor","floor":8},{"not_picked":["Shade:CommandSoldier","Shade:OpenGraves"],"picked":"Shade:ClawBack","floor":10},{"not_picked":["Shade:SensePrey","Shade:Premonition"],"picked":"Shade:FleshLikeOak","floor":11},{"not_picked":["Shade:FreshBones","Shade:FleshToFlesh","Shade:BoneShards"],"picked":"SKIP","floor":12},{"not_picked":["Shade:WallOfFlesh","Shade:CloudOfShrapnel"],"picked":"Shade:SensePrey","floor":13},{"not_picked":["Shade:SkeletonHug","Shade:FreshBones"],"picked":"Shade:GreyBargain","floor":14},{"not_picked":["Shade:ScuttlingHand+1","Shade:CallWraith"],"picked":"Shade:Excise","floor":18},{"not_picked":["Shade:SpontaneousRitual","Shade:PoundOfFlesh+1"],"picked":"Shade:Excise","floor":21},{"not_picked":["Shade:SpectralStrikes","Shade:ClawBack"],"picked":"Shade:TouchOfTheGrave+1","floor":24}],"player_experience":1092333,"relics_obtained":[{"floor":12,"key":"Bag of Marbles"}],"event_choices":[{"damage_healed":0,"gold_gain":100,"player_choice":"Pray","damage_taken":0,"max_hp_gain":0,"max_hp_loss":0,"event_name":"Golden Shrine","floor":3,"gold_loss":0},{"damage_healed":0,"gold_gain":0,"player_choice":"Relic ","damage_taken":7,"max_hp_gain":0,"max_hp_loss":0,"event_name":"betterThird:BetterScrap","floor":6,"gold_loss":0,"cards_obtained":["Calculated Gamble"]},{"damage_healed":0,"gold_gain":0,"player_choice":"Copied","damage_taken":0,"max_hp_gain":0,"max_hp_loss":0,"event_name":"Duplicator","floor":20,"gold_loss":0,"cards_obtained":["Shade:FleshLikeOak"]}],"is_beta":false,"boss_relics":[{"not_picked":["Fusion Hammer","Pandora\u0027s Box","Runic Dome"]}],"items_purged_floors":[],"is_endless":false,"potions_floor_spawned":[10,11,12,14,18],"killed_by":"Sentry and Sphere","ascension_level":0}}