{"host":"6s2g4ctvxbrgoc4e","time":1608710898,"event":{"mods":["BaseMod","Minty Spire (QoL Compilation)"],"gold_per_floor":[109,109,184,59,76,76,76,99,124,124,163,163,184,208,208,328,328,349,362,129,129,143,143,143,166,166,210,210,27,58,58,58,58,58],"floor_reached":33,"playtime":1652,"items_purged":["Strike_B"],"score":308,"play_id":"581b22e2-871f-4105-9fe4-b12e0da91f6e","local_time":"20201223090818","is_ascension_mode":false,"campfire_choices":[{"floor":10.0,"key":"REST"},{"data":"Defragment","floor":12.0,"key":"SMITH"},{"data":"Genetic Algorithm","floor":15.0,"key":"SMITH"},{"data":"Amplify","floor":23.0,"key":"SMITH"},{"floor":32,"key":"REST"}],"circlet_count":0,"master_deck":["Strike_B+1","Strike_B+1","Strike_B+1","Defend_B+1","Defend_B+1","Defend_B+1","Defend_B+1","Zap","Dualcast","Lockon","Static Discharge+1","Streamline","Defragment+1","Conserve Battery","Melter","Genetic Algorithm+1","Self Repair","Amplify+1","Streamline","White Noise+1","Defragment","Doom and Gloom","Capacitor","RitualDagger","Static Discharge","Self Repair","Writhe","Thunder Strike","Lockon","Amplify"],"relics":["FrozenCore","Golden Idol","Vajra","Juzu Bracelet","Mango","PreservedInsect","Anchor","Kunai"],"acts_visited":["Exordium","TheCity"],"potions_floor_usage":[33],"damage_taken":[{"damage":3.0,"enemies":"2 Louse","floor":1.0,"turns":2.0},{"damage":0.0,"enemies":"Small Slimes","floor":5.0,"turns":2.0},{"damage":11.0,"enemies":"Jaw Worm","floor":8.0,"turns":2.0},{"damage":3.0,"enemies":"3 Sentries","floor":11.0,"turns":4.0},{"damage":0.0,"enemies":"3 Louse","floor":13.0,"turns":3.0},{"damage":2.0,"enemies":"Blue Slaver","floor":14.0,"turns":3.0},{"damage":30.0,"enemies":"Slime Boss","floor":16.0,"turns":7.0},{"damage":18.0,"enemies":"3 Byrds","floor":18.0,"turns":3.0},{"damage":0.0,"enemies":"Spheric Guardian","floor":19.0,"turns":3.0},{"damage":9.0,"enemies":"Centurion and Healer","floor":22.0,"turns":9.0},{"damage":13.0,"enemies":"Snake Plant","floor":25.0,"turns":8.0},{"damage":30.0,"enemies":"Gremlin Leader","floor":27.0,"turns":9.0},{"damage":25,"enemies":"Slavers","floor":30,"turns":4},{"damage":54,"enemies":"Automaton","floor":33,"turns":8}],"seed_played":"-4470960357944215979","potions_obtained":[{"floor":1.0,"key":"Strength Potion"},{"floor":8.0,"key":"ColorlessPotion"},{"floor":13.0,"key":"Block Potion"},{"floor":16.0,"key":"Ancient Potion"},{"floor":25.0,"key":"DuplicationPotion"},{"floor":27,"key":"PotionOfCapacity"}],"is_trial":false,"path_per_floor":["M","?","?","$","M","?","?","M","T","R","E","R","M","M","R","B",null,"M","M","$","?","M","R","?","M","T","E","?","$","E","$","R","B"],"character_chosen":"DEFECT","items_purchased":["Static Discharge","Streamline","Defragment","Doom and Gloom","Thunder Strike","Lockon"],"campfire_rested":2,"item_purchase_floors":[4,4,20,20,29,29],"current_hp_per_floor":[79,63,52,52,52,52,32,21,21,45,42,42,42,40,40,17,82,71,71,71,71,69,69,63,57,71,48,48,48,23,23,51,0,0],"gold":58,"neow_bonus":"TEN_PERCENT_HP_BONUS","is_daily":false,"chose_seed":false,"campfire_upgraded":3,"win_rate":0.0,"timestamp":1608710898,"path_taken":["M","?","?","$","M","?","?","M","T","R","E","R","M","M","R","BOSS","M","M","$","?","M","R","?","M","T","E","?","?","E","$","R","BOSS"],"items_purchased_type":["Card","Card","Card","Card","Card","Card"],"build_version":"2020-12-22","purchased_purges":1,"victory":false,"max_hp_per_floor":[82,82,82,82,82,82,82,82,82,82,82,82,82,82,82,82,82,82,82,82,82,82,82,82,82,96,96,96,96,96,96,96,96,96],"card_choices":[{"not_picked":["Force Field","Scrape"],"picked":"Lockon","floor":1.0},{"not_picked":["Hello World","Coolheaded"],"picked":"Defragment","floor":5.0},{"not_picked":["Compile Driver","Leap"],"picked":"Conserve Battery","floor":8.0},{"not_picked":["Stack","Beam Cell"],"picked":"Melter","floor":11.0},{"not_picked":["Hello World","Darkness"],"picked":"Genetic Algorithm","floor":13.0},{"not_picked":["Beam Cell","Go for the Eyes"],"picked":"Self Repair","floor":14.0},{"not_picked":["Rainbow","Creative AI"],"picked":"Amplify","floor":16.0},{"not_picked":["Ball Lightning","Go for the Eyes"],"picked":"Streamline","floor":18.0},{"not_picked":["Beam Cell","Conserve Battery"],"picked":"White Noise+1","floor":19.0},{"not_picked":["Self Repair+1","Hello World"],"picked":"Capacitor","floor":22.0},{"not_picked":["Conserve Battery+1","Hologram"],"picked":"Static Discharge","floor":25.0},{"not_picked":["Ball Lightning","Leap"],"picked":"Self Repair","floor":27},{"not_picked":["Sweeping Beam","Fusion"],"picked":"Amplify","floor":30}],"player_experience":8259,"relics_obtained":[{"floor":9.0,"key":"Vajra"},{"floor":11.0,"key":"Juzu Bracelet"},{"floor":26.0,"key":"Mango"},{"floor":27,"key":"PreservedInsect"},{"floor":30,"key":"Kunai"}],"event_choices":[{"damage_healed":0.0,"max_hp_gain":0.0,"max_hp_loss":0.0,"gold_gain":0.0,"event_name":"Shining Light","player_choice":"Entered Light","floor":2.0,"gold_loss":0.0,"damage_taken":16.0,"cards_upgraded":["Strike_B","Defend_B"]},{"damage_healed":0.0,"max_hp_gain":0.0,"max_hp_loss":0.0,"gold_gain":75.0,"event_name":"World of Goop","player_choice":"Gather Gold","floor":3.0,"gold_loss":0.0,"damage_taken":11.0},{"damage_healed":0.0,"max_hp_gain":0.0,"max_hp_loss":0.0,"gold_gain":0.0,"event_name":"Living Wall","player_choice":"Grow","floor":6.0,"gold_loss":0.0,"damage_taken":0.0,"cards_upgraded":["Static Discharge"]},{"damage_healed":0.0,"max_hp_gain":0.0,"max_hp_loss":0.0,"gold_gain":0.0,"event_name":"Golden Idol","player_choice":"Take Damage","floor":7.0,"gold_loss":0.0,"damage_taken":20.0,"relics_obtained":["Golden Idol"]},{"damage_healed":0.0,"max_hp_gain":0.0,"max_hp_loss":0.0,"gold_gain":0.0,"event_name":"Back to Basics","player_choice":"Simplicity","floor":21.0,"gold_loss":0.0,"damage_taken":0.0,"cards_upgraded":["Strike_B","Strike_B","Defend_B","Defend_B","Defend_B"]},{"damage_healed":0.0,"max_hp_gain":0.0,"max_hp_loss":0.0,"gold_gain":0.0,"event_name":"Nest","player_choice":"Joined the Cult","floor":24.0,"gold_loss":0.0,"damage_taken":6.0,"cards_obtained":["RitualDagger"]},{"damage_healed":0,"gold_gain":0,"player_choice":"Opened","damage_taken":0,"relics_obtained":["Anchor"],"max_hp_gain":0,"max_hp_loss":0,"event_name":"The Mausoleum","floor":28,"gold_loss":0,"cards_obtained":["Writhe"]}],"is_beta":false,"boss_relics":[{"not_picked":["Ectoplasm","Runic Dome"],"picked":"FrozenCore"}],"items_purged_floors":[20],"is_endless":false,"potions_floor_spawned":[1,8,13,16,25,27],"killed_by":"Automaton","ascension_level":0}}