{"host":"kh55945chxsiqncy","time":1608762612,"event":{"mods":["BaseMod","Beaked The Cultist","Card Forge","Downfall","Minty Spire (QoL Compilation)","StSLib"],"gold_per_floor":[109,120,120,120,45,45,70,70,140,140,140,160,174,201,201,273,273,291,291,303,71,91,91,107,132,132,132,146,146,164,176,176,247,247,264,264,264,278,278,278,313,313,336,356,372,402,402,402,402],"floor_reached":48,"playtime":2580,"items_purged":["Strike_B"],"score":1040,"play_id":"e73ba903-b312-4552-8cd2-3ae4eea896bd","local_time":"20201223173012","daily_mods":["Heirloom"],"is_ascension_mode":true,"campfire_choices":[{"data":"Zap","floor":6,"key":"SMITH"},{"floor":8,"key":"REST"},{"data":"Glacier","floor":10,"key":"SMITH"},{"data":"Dualcast","floor":15,"key":"SMITH"},{"data":"Capacitor","floor":23,"key":"SMITH"},{"floor":27,"key":"REST"},{"floor":32,"key":"REST"},{"data":"Biased Cognition","floor":40,"key":"SMITH"},{"data":"Capacitor","floor":42,"key":"SMITH"}],"circlet_count":0,"master_deck":["AscendersBane","Strike_B+1","Defend_B","Zap+1","Dualcast+1","Ball Lightning+1","Glacier+1","Core Surge+1","BootSequence","Tempest+1","Chill+1","Biased Cognition+1","Capacitor+1","Seek+1","Capacitor+1","Defragment","Writhe","BootSequence+1","Leap+1","Reinforced Body+1","Tempest+1","hexamod:Haunted","Turbo+1"],"relics":["Cracked Core","Hammer of Thor","Seething Fire","Anvil of the Gods","StoneCalendar","Toxic Egg 2","Whetstone","Mercury Hourglass","sneckomod:BlankCard","Cursed Key","champ:DuelingGlove","Mummified Hand","beaked:MawFillet","Molten Egg 2","MealTicket","CaptainsWheel"],"acts_visited":["Exordium","TheCity","TheBeyond"],"potions_floor_usage":[22,24,31,33,41,48,48],"damage_taken":[{"damage":1,"enemies":"Small Slimes","floor":1,"turns":3},{"damage":1,"enemies":"2 Louse","floor":2,"turns":2},{"damage":15,"enemies":"Gremlin Nob","floor":7,"turns":4},{"damage":0,"enemies":"Jaw Worm","floor":12,"turns":2},{"damage":0,"enemies":"Red Slaver","floor":13,"turns":2},{"damage":1,"enemies":"Lagavulin","floor":14,"turns":4},{"damage":27,"enemies":"Hexaghost","floor":16,"turns":8},{"damage":0,"enemies":"3 Byrds","floor":18,"turns":3},{"damage":0,"enemies":"2 Thieves","floor":20,"turns":3},{"damage":9,"enemies":"Snake Plant","floor":22,"turns":2},{"damage":8,"enemies":"Snecko","floor":24,"turns":3},{"damage":34,"enemies":"Gremlin Leader","floor":25,"turns":6},{"damage":4,"enemies":"Centurion and Healer","floor":28,"turns":5},{"damage":0,"enemies":"Shelled Parasite and Fungi","floor":30,"turns":2},{"damage":0,"enemies":"Sentry and Sphere","floor":31,"turns":4},{"damage":29,"enemies":"Collector","floor":33,"turns":7},{"damage":2,"enemies":"3 Shapes","floor":35,"turns":4},{"damage":9,"enemies":"Orb Walker","floor":38,"turns":3},{"damage":5,"enemies":"beaked:SuperParasite","floor":41,"turns":9},{"damage":0,"enemies":"4 Shapes","floor":44,"turns":4},{"damage":3,"enemies":"Maw","floor":45,"turns":5},{"damage":38,"enemies":"Reptomancer","floor":46,"turns":6},{"damage":12,"enemies":"Nemesis","floor":48,"turns":5}],"seed_played":"-8883971267185937126","potions_obtained":[{"floor":14,"key":"EssenceOfDarkness"},{"floor":18,"key":"sneckomod:MuddlingPotion"},{"floor":24,"key":"Fire Potion"},{"floor":25,"key":"Swift Potion"},{"floor":35,"key":"Weak Potion"},{"floor":41,"key":"Strength Potion"},{"floor":47,"key":"Energy Potion"},{"floor":47,"key":"SkillPotion"}],"is_trial":true,"path_per_floor":["M","M","?","?","$","R","E","R","T","R","?","M","M","E","R","B",null,"M","?","M","$","M","R","M","E","T","R","M","$","M","M","R","B",null,"M","?","?","M","?","R","E","R","T","M","M","E","?","E"],"character_chosen":"DEFECT","items_purchased":["Capacitor","Seek+1"],"campfire_rested":3,"item_purchase_floors":[21,21],"current_hp_per_floor":[63,62,44,44,44,44,29,50,50,50,55,55,55,54,54,27,64,64,64,64,64,55,55,47,13,13,35,31,31,31,31,53,24,63,61,61,61,52,52,52,47,47,47,47,44,6,6,0,0],"gold":402,"neow_bonus":"","is_daily":false,"chose_seed":false,"campfire_upgraded":6,"win_rate":0.0,"timestamp":1608762612,"path_taken":["M","M","?","?","$","R","E","R","T","R","?","M","M","E","R","BOSS","M","?","M","$","?","R","M","E","T","R","M","?","M","M","R","BOSS","M","?","?","M","?","R","E","R","T","?","M","E","?","E"],"items_purchased_type":["Card","Card"],"build_version":"2020-12-22","purchased_purges":1,"victory":false,"max_hp_per_floor":[71,71,71,71,71,71,71,71,71,71,76,76,76,76,76,76,76,76,76,76,76,76,76,76,76,76,76,76,76,76,76,76,76,76,76,76,72,72,72,72,72,72,72,72,72,72,72,72,72],"card_choices":[{"not_picked":["Go for the Eyes","Ball Lightning","Darkness"],"picked":"SKIP","floor":1},{"not_picked":["Conserve Battery","Barrage","Streamline"],"picked":"SKIP","floor":2},{"not_picked":["Sweeping Beam","Static Discharge","Heatsinks"],"picked":"SKIP","floor":7},{"not_picked":["Steam+1","Loop"],"picked":"Tempest+1","floor":12},{"not_picked":["Compile Driver","Stack+1"],"picked":"Chill+1","floor":13},{"not_picked":["Coolheaded+1","Steam+1","Lockon"],"picked":"SKIP","floor":14},{"not_picked":["Thunder Strike","Core Surge"],"picked":"Biased Cognition","floor":16},{"not_picked":["Steam+1","Coolheaded+1","Hello World"],"picked":"SKIP","floor":18},{"not_picked":["Sweeping Beam","Chaos+1","Cold Snap"],"picked":"SKIP","floor":20},{"not_picked":["Sweeping Beam","Streamline","Steam+1"],"picked":"SKIP","floor":22},{"not_picked":["Redo+1","Static Discharge"],"picked":"Capacitor","floor":24},{"not_picked":["Stack+1","Chill+1"],"picked":"Defragment","floor":25},{"not_picked":["Stack+1","Rebound"],"picked":"BootSequence+1","floor":28},{"not_picked":["Beam Cell","Chaos+1"],"picked":"Leap+1","floor":30},{"not_picked":["Doom and Gloom","Genetic Algorithm+1","Gash"],"picked":"SKIP","floor":31},{"not_picked":["Leap+1","Streamline+1","Cold Snap"],"picked":"SKIP","floor":35},{"not_picked":["Leap+1","Hello World"],"picked":"Reinforced Body+1","floor":38},{"not_picked":["Gash+1","Sweeping Beam+1"],"picked":"Tempest+1","floor":41},{"not_picked":["Melter+1","Tempest+1","Steam+1"],"picked":"SKIP","floor":44},{"not_picked":["Doom and Gloom+1","Barrage+1","Conserve Battery+1"],"picked":"SKIP","floor":45},{"not_picked":["Compile Driver+1","Beam Cell+1"],"picked":"Turbo+1","floor":46}],"player_experience":1306859,"relics_obtained":[{"floor":7,"key":"Whetstone"},{"floor":9,"key":"Mercury Hourglass"},{"floor":14,"key":"sneckomod:BlankCard"},{"floor":25,"key":"champ:DuelingGlove"},{"floor":26,"key":"Mummified Hand"},{"floor":41,"key":"Molten Egg 2"},{"floor":43,"key":"MealTicket"},{"floor":46,"key":"CaptainsWheel"}],"event_choices":[{"damage_healed":0,"gold_gain":0,"player_choice":"Success","damage_taken":18,"relics_obtained":["Toxic Egg 2"],"max_hp_gain":0,"max_hp_loss":0,"event_name":"Scrap Ooze","floor":3,"gold_loss":0},{"damage_healed":0,"gold_gain":0,"player_choice":"Grow","damage_taken":0,"max_hp_gain":0,"max_hp_loss":0,"event_name":"Living Wall","floor":4,"gold_loss":0,"cards_upgraded":["Ball Lightning"]},{"damage_healed":0,"gold_gain":0,"player_choice":"Donut","damage_taken":0,"max_hp_gain":5,"max_hp_loss":0,"event_name":"Big Fish","floor":11,"gold_loss":0},{"cards_removed":["Defend_B"],"damage_healed":0,"gold_gain":0,"player_choice":"Offered Basic","damage_taken":0,"max_hp_gain":0,"max_hp_loss":0,"event_name":"Bonfire Elementals","floor":19,"gold_loss":0},{"damage_healed":0,"gold_gain":0,"player_choice":"Ignored","damage_taken":0,"max_hp_gain":0,"max_hp_loss":0,"event_name":"Mysterious Sphere","floor":36,"gold_loss":0},{"damage_healed":0,"gold_gain":0,"player_choice":"Max HP","damage_taken":0,"max_hp_gain":0,"max_hp_loss":4,"event_name":"Winding Halls","floor":37,"gold_loss":0},{"damage_healed":0,"gold_gain":0,"player_choice":"Ignored","damage_taken":0,"max_hp_gain":0,"max_hp_loss":0,"event_name":"Tomb of Lord Red Mask","floor":39,"gold_loss":0},{"damage_healed":0,"gold_gain":0,"player_choice":"Got Potions","damage_taken":0,"max_hp_gain":0,"max_hp_loss":0,"event_name":"Lab","floor":47,"gold_loss":0}],"is_beta":false,"boss_relics":[{"not_picked":["Coffee Dripper","Empty Cage"],"picked":"Cursed Key"},{"not_picked":["Snecko Eye","Runic Dome"],"picked":"beaked:MawFillet"}],"items_purged_floors":[5],"is_endless":false,"potions_floor_spawned":[14,18,24,25,28,35,41],"killed_by":"Nemesis","ascension_level":20}}