{"host":"cuki0l1gmktphd86","time":1608689206,"event":{"mods":["10 clothes from DAL","ATMod(阿瑾Mod)","BaseMod","Challenge The Spire","Downfall","Minty Spire (QoL Compilation)","MostiFishMod","Remilia（蕾米莉亚）","StSLib","noobMod","【东方二次创作】八云紫mod","【角色mod】十八桐人","【遗物Mod】死灵法师NEW","【遗物卡牌】REMEMod"],"gold_per_floor":[166,166,196,223,249,249,117,117,150,181,210,210,45,45,123,174,210,189],"floor_reached":19,"playtime":784,"items_purged":[],"score":590,"play_id":"0efbee8c-3f1f-4d12-9430-cd372ce3d579","local_time":"20201223100646","daily_mods":["challengethespire:Platinum Difficulty","challengethespire:Elite Rush","Uncertain Future"],"is_ascension_mode":true,"campfire_choices":[{"data":"Mirror_TwoAndThreeElementRealm_purple","floor":2,"key":"SMITH"},{"data":"Attacker_Black","floor":8,"key":"SMITH"},{"data":"SwordDance_Black","floor":14,"key":"SMITH"}],"circlet_count":0,"master_deck":["AscendersBane","Strike_Black","Strike_Black","Strike_Black","Strike_Black","Defend_Black","Defend_Black","Defend_Black","Defend_Black","Observe_Black","AT_IrregularMenstruation","Mirror_TwoAndThreeElementRealm_purple+1","SwordDance_Black+1","Attacker_Black+1","BrilliantBlade_Black","CuttingEdge_Black","StarSpatter_Black","DoubleSword_Black+1","ThespeedofsoundToattack_Black","Defender_Black","PrewarPrepare_Black","SpeedBlade1_Black+1","Advantage_Black","Attacker_Black","SwordDance_Black","Stick_Black+1","FlashPuncture_Black","HighSpeedReaction_Black"],"relics":["TheHeartOfYui","Aincard","Black Star","Sling","PreservedInsect","ice","AT_ATBox","REME_ComplimentaryCards","DaveBox","BrkXgEgg","AT_RedTearstoneRing","Mummified Hand","AT_ForceNature","sneckomod:BlankCard","Happy Flower","Mercury Hourglass","Eternal Feather","Akabeko","Phylactery","Bottled Flame","SumDragon","Vajra","DALC_FOUR","MidnightCoat","REME_ArchaeologicalTools","sneckomod:SneckoTalon","SynthV","AT_ChloranthyRing","The Courier","Nunchaku","MagicDraw4","champ:DuelingGlove","GodSword6","Baka","ImprovedEquipment","Lantern"],"acts_visited":["Exordium"],"potions_floor_usage":[4],"damage_taken":[{"damage":65,"enemies":"Gremlin Nob","floor":3,"turns":5},{"damage":0,"enemies":"Lagavulin","floor":4,"turns":3},{"damage":1,"enemies":"3 Sentries","floor":5,"turns":3},{"damage":4,"enemies":"Book of Stabbing","floor":9,"turns":4},{"damage":2,"enemies":"Gremlin Leader","floor":10,"turns":5},{"damage":25,"enemies":"Slavers","floor":11,"turns":3},{"damage":20,"enemies":"Reptomancer","floor":15,"turns":3},{"damage":9,"enemies":"Giant Head","floor":16,"turns":3},{"damage":0,"enemies":"Nemesis","floor":17,"turns":3},{"damage":29,"enemies":"Shield and Spear","floor":18,"turns":5}],"seed_played":"-5563963369454458530","potions_obtained":[{"floor":3,"key":"Block Potion"},{"floor":4,"key":"Explosive Potion"},{"floor":11,"key":"Explosive Potion"}],"is_trial":true,"path_per_floor":["$","R","E","E","E","T","$","R","E","E","E","T","$","R","E","E","E","E",null],"character_chosen":"THE_KIRITO","items_purchased":["AT_RedTearstoneRing","Mummified Hand","SwordDance_Black","Attacker_Black","BrilliantBlade_Black","ThespeedofsoundToattack_Black","Defender_Black","PrewarPrepare_Black","SynthV"],"campfire_rested":0,"item_purchase_floors":[1,1,1,1,1,7,7,7,13],"current_hp_per_floor":[68,68,3,3,12,12,12,24,27,31,28,28,28,40,20,11,75,49],"gold":189,"neow_bonus":"","is_daily":false,"chose_seed":false,"campfire_upgraded":3,"win_rate":0.0,"timestamp":1608689206,"path_taken":["$","R","E","E","E","T","$","R","E","E","E","T","$","R","E","E","E","E"],"items_purchased_type":["Relic","Relic","Card","Card","Card","Card","Card","Card","Relic"],"build_version":"2020-12-13","purchased_purges":0,"victory":true,"max_hp_per_floor":[75,75,75,75,75,75,75,75,75,75,75,75,75,75,75,75,75,84],"card_choices":[],"player_experience":65092,"relics_obtained":[{"floor":3,"key":"AT_ForceNature"},{"floor":3,"key":"sneckomod:BlankCard"},{"floor":4,"key":"Happy Flower"},{"floor":4,"key":"Mercury Hourglass"},{"floor":5,"key":"Eternal Feather"},{"floor":5,"key":"Akabeko"},{"floor":9,"key":"Bottled Flame"},{"floor":9,"key":"SumDragon"},{"floor":10,"key":"Vajra"},{"floor":10,"key":"DALC_FOUR"},{"floor":11,"key":"MidnightCoat"},{"floor":11,"key":"REME_ArchaeologicalTools"},{"floor":15,"key":"AT_ChloranthyRing"},{"floor":15,"key":"The Courier"},{"floor":16,"key":"Nunchaku"},{"floor":16,"key":"MagicDraw4"},{"floor":17,"key":"champ:DuelingGlove"},{"floor":17,"key":"GodSword6"},{"floor":17,"key":"Baka"},{"floor":18,"key":"ImprovedEquipment"},{"floor":18,"key":"Lantern"}],"event_choices":[],"is_beta":false,"boss_relics":[{"not_picked":["MoonlightInvasionPlan","RingOfChaos"],"picked":"Phylactery"},{"not_picked":["REME_LowDesire","HaiYi:Twilight"],"picked":"sneckomod:SneckoTalon"}],"items_purged_floors":[],"is_endless":false,"potions_floor_spawned":[3,4,11,15],"ascension_level":20}}