{"host":"matt","time":1608757246,"event":{"mods":["BaseMod","Colored Powertips","Minty Spire (QoL Compilation)","StSLib"],"gold_per_floor":[115,95,108,108,121,121,150,164,164,164,164,181,191,210,210,310,310,325,337,357,357,357,386,386,386,386],"floor_reached":25,"playtime":1614,"items_purged":[],"score":295,"play_id":"8caaec32-208d-4c4d-be27-6e9d007e85e0","local_time":"20201223220046","is_ascension_mode":true,"campfire_choices":[{"data":"Darkness","floor":6,"key":"SMITH"},{"floor":10,"key":"REST"},{"floor":15,"key":"REST"},{"floor":24,"key":"REST"}],"circlet_count":0,"master_deck":["Defend_B","Defend_B","Defend_B","Defend_B","Zap","Dualcast","Darkness+1","Heatsinks","Glacier","Skim","Reboot","Doubt","Tempest","Clumsy","Loop","Chill","Rainbow","Compile Driver","Undo+1","Bite","Bite","Bite","Bite","Bite","Recycle","Blizzard"],"relics":["Cursed Key","Dream Catcher","White Beast Statue","Juzu Bracelet","Matryoshka","SlaversCollar","Orichalcum"],"acts_visited":["Exordium","TheCity"],"potions_floor_usage":[8,8,14,16,16,20,20,20,20,23,23,25,25],"damage_taken":[{"damage":6,"enemies":"Jaw Worm","floor":1,"turns":4},{"damage":1,"enemies":"Cultist","floor":3,"turns":3},{"damage":7,"enemies":"Small Slimes","floor":5,"turns":3},{"damage":25,"enemies":"Lagavulin","floor":7,"turns":7},{"damage":5,"enemies":"Exordium Wildlife","floor":8,"turns":6},{"damage":18,"enemies":"3 Louse","floor":12,"turns":4},{"damage":0,"enemies":"Blue Slaver","floor":13,"turns":4},{"damage":12,"enemies":"Lots of Slimes","floor":14,"turns":4},{"damage":6,"enemies":"The Guardian","floor":16,"turns":13},{"damage":16,"enemies":"Chosen","floor":18,"turns":5},{"damage":22,"enemies":"3 Byrds","floor":19,"turns":5},{"damage":24,"enemies":"Snake Plant","floor":20,"turns":5},{"damage":30,"enemies":"Slavers","floor":23,"turns":4},{"damage":63,"enemies":"Gremlin Leader","floor":25,"turns":9}],"seed_played":"251388047521109944","potions_obtained":[{"floor":1,"key":"PowerPotion"},{"floor":2,"key":"LiquidMemories"},{"floor":3,"key":"Block Potion"},{"floor":8,"key":"Swift Potion"},{"floor":12,"key":"Dexterity Potion"},{"floor":13,"key":"EntropicBrew"},{"floor":14,"key":"Energy Potion"},{"floor":16,"key":"Regen Potion"},{"floor":18,"key":"DuplicationPotion"},{"floor":20,"key":"PowerPotion"},{"floor":23,"key":"Fire Potion"}],"is_trial":false,"path_per_floor":["M","?","M","?","M","R","E","M","T","R","T","M","M","M","R","B",null,"M","M","M","?","?","E","R","E"],"character_chosen":"DEFECT","items_purchased":[],"campfire_rested":3,"item_purchase_floors":[],"current_hp_per_floor":[69,69,68,56,49,49,24,19,19,41,41,23,23,11,33,27,75,59,37,27,27,27,7,22,0,0],"gold":386,"neow_bonus":"BOSS_RELIC","is_daily":false,"chose_seed":false,"campfire_upgraded":1,"win_rate":0.0,"timestamp":1608757246,"path_taken":["M","?","?","?","M","R","E","M","T","R","?","M","M","M","R","BOSS","M","M","M","?","?","E","R","E"],"items_purchased_type":[],"build_version":"2020-12-18","purchased_purges":0,"victory":false,"max_hp_per_floor":[75,75,75,75,75,75,75,75,75,75,75,75,75,75,75,75,75,75,75,75,75,52,52,52,52,52],"card_choices":[{"not_picked":["Consume","Hello World"],"picked":"Darkness","floor":1},{"not_picked":["Stack","Reprogram"],"picked":"Heatsinks","floor":3},{"not_picked":["Ball Lightning","Gash"],"picked":"Glacier","floor":5},{"not_picked":["Leap","Rebound"],"picked":"Skim","floor":7},{"not_picked":["Cold Snap","Rebound"],"picked":"Reboot","floor":8},{"not_picked":["Barrage","Leap"],"picked":"Tempest","floor":10},{"not_picked":["Blizzard","Compile Driver"],"picked":"Loop","floor":12},{"not_picked":["Redo","Steam","Gash"],"picked":"SKIP","floor":13},{"not_picked":["Sweeping Beam","Redo"],"picked":"Chill","floor":14},{"not_picked":["Hyperbeam","Seek"],"picked":"Rainbow","floor":16},{"not_picked":["Beam Cell","Redo","Glacier"],"picked":"SKIP","floor":18},{"not_picked":["Conserve Battery","Sweeping Beam+1"],"picked":"Compile Driver","floor":19},{"not_picked":["Sweeping Beam","Streamline"],"picked":"Undo+1","floor":20},{"not_picked":["Streamline","Hyperbeam"],"picked":"Recycle","floor":23},{"not_picked":["Recycle+1","Rebound"],"picked":"Blizzard","floor":24}],"player_experience":130831,"relics_obtained":[{"floor":7,"key":"White Beast Statue"},{"floor":9,"key":"Juzu Bracelet"},{"floor":11,"key":"Matryoshka"},{"floor":23,"key":"Orichalcum"}],"event_choices":[{"damage_healed":0,"gold_gain":0,"player_choice":"Bought 1 Potion","damage_taken":0,"max_hp_gain":0,"max_hp_loss":0,"event_name":"The Woman in Blue","floor":2,"gold_loss":0},{"damage_healed":0,"gold_gain":0,"player_choice":"Success","damage_taken":12,"relics_obtained":["Dream Catcher"],"max_hp_gain":0,"max_hp_loss":0,"event_name":"Scrap Ooze","floor":4,"gold_loss":0},{"damage_healed":0,"gold_gain":0,"player_choice":"Ignored","damage_taken":0,"max_hp_gain":0,"max_hp_loss":0,"event_name":"Ghosts","floor":21,"gold_loss":0},{"damage_healed":0,"gold_gain":0,"player_choice":"Became a vampire","damage_taken":0,"max_hp_gain":0,"max_hp_loss":23,"event_name":"Vampires","floor":22,"gold_loss":0,"cards_obtained":["Bite","Bite","Bite","Bite","Bite"]}],"is_beta":true,"boss_relics":[{"not_picked":["Pandora\u0027s Box","Calling Bell"],"picked":"SlaversCollar"}],"items_purged_floors":[],"is_endless":false,"potions_floor_spawned":[1,3,8,12,13,14,16,18,19,20,23],"killed_by":"Gremlin Leader","ascension_level":4}}