{"host":"fxrgx7wt2cpkbhka","time":1608719679,"event":{"mods":["AchievementEnabler","BaseMod","Colored Powertips","Minty Spire (QoL Compilation)","Permanent Neow","Slay-I","StSLib","Waifu the Spire"],"gold_per_floor":[119,119,133,133,133,168,168,191,191,212,212,212],"floor_reached":11,"playtime":290,"items_purged":[],"score":120,"play_id":"4da427ac-e848-43c9-9ae1-fe12b7a2a57d","local_time":"20201223023439","is_ascension_mode":true,"campfire_choices":[{"data":"Static Discharge","floor":7,"key":"SMITH"}],"circlet_count":0,"master_deck":["AscendersBane","Strike_B","Strike_B","Strike_B","Strike_B","Defend_B","Defend_B","Defend_B","Defend_B","Zap","Dualcast","Seek","Static Discharge+1","Cold Snap","Storm","Go for the Eyes","Ball Lightning","Coolheaded","Self Repair"],"relics":["Cracked Core","Golden Idol","Prayer Wheel","Shuriken"],"acts_visited":["Exordium"],"potions_floor_usage":[8,11],"damage_taken":[{"damage":3,"enemies":"Jaw Worm","floor":1,"turns":4},{"damage":0,"enemies":"Small Slimes","floor":3,"turns":3},{"damage":36,"enemies":"3 Sentries","floor":6,"turns":7},{"damage":0,"enemies":"2 Louse","floor":8,"turns":1},{"damage":10,"enemies":"Exordium Wildlife","floor":10,"turns":4},{"damage":21,"enemies":"Lagavulin","floor":11,"turns":4}],"seed_played":"8830870622376537015","potions_obtained":[{"floor":6,"key":"Fire Potion"},{"floor":8,"key":"GamblersBrew"}],"is_trial":false,"path_per_floor":["M","?","M","?","?","E","R","M","T","M","E"],"character_chosen":"DEFECT","items_purchased":[],"campfire_rested":0,"item_purchase_floors":[],"current_hp_per_floor":[65,65,65,70,63,27,27,27,27,17,0,0],"gold":212,"neow_bonus":"ONE_RANDOM_RARE_CARD","is_daily":false,"chose_seed":false,"campfire_upgraded":1,"win_rate":0.0,"timestamp":1608719679,"path_taken":["M","?","M","?","?","E","R","M","T","M","E"],"items_purchased_type":[],"build_version":"2020-12-22","purchased_purges":0,"victory":false,"max_hp_per_floor":[75,75,75,80,80,80,80,80,80,80,80,80],"card_choices":[{"not_picked":["Streamline","Fusion"],"picked":"Static Discharge","floor":1},{"not_picked":["Stack","Hologram"],"picked":"Cold Snap","floor":3},{"not_picked":["Reinforced Body","Compile Driver"],"picked":"Storm","floor":6},{"not_picked":["Turbo","Steam"],"picked":"Go for the Eyes","floor":8},{"not_picked":["Core Surge","Barrage"],"picked":"Ball Lightning","floor":8},{"not_picked":["Undo","Chaos"],"picked":"Coolheaded","floor":10},{"not_picked":["Gash","Undo"],"picked":"Self Repair","floor":10}],"player_experience":676422,"relics_obtained":[{"floor":6,"key":"Prayer Wheel"},{"floor":9,"key":"Shuriken"}],"event_choices":[{"damage_healed":0,"gold_gain":0,"player_choice":"Take Wound","damage_taken":0,"relics_obtained":["Golden Idol"],"max_hp_gain":0,"max_hp_loss":0,"event_name":"Golden Idol","floor":2,"gold_loss":0,"cards_obtained":["Injury"]},{"damage_healed":0,"gold_gain":0,"player_choice":"Donut","damage_taken":0,"max_hp_gain":5,"max_hp_loss":0,"event_name":"Big Fish","floor":4,"gold_loss":0},{"cards_removed":["Injury"],"damage_healed":0,"gold_gain":0,"player_choice":"Card Removal","damage_taken":7,"max_hp_gain":0,"max_hp_loss":0,"event_name":"Golden Wing","floor":5,"gold_loss":0}],"is_beta":false,"boss_relics":[],"items_purged_floors":[],"is_endless":false,"potions_floor_spawned":[6,8],"killed_by":"Lagavulin","ascension_level":13}}