{"host":"baymyijz6sxaqj5s","time":1608738106,"event":{"mods":["AchievementEnabler","BaseMod","Colored Map","Colored Powertips","DeckTracker","KOR Keyword Fix","Keyboard Shortcuts","Minty Spire (QoL Compilation)","Quick Restart","StSLib","SuperFastMode"],"gold_per_floor":[112,132,145,145,145,145,163,163,163,177,196,222,222,245,245,350,400,419,430,447,547,547,547],"floor_reached":22,"playtime":668,"items_purged":[],"score":222,"play_id":"1deb27aa-91f4-4378-b54c-725aaadd777a","local_time":"20201224004146","is_ascension_mode":true,"campfire_choices":[{"data":"Body Slam","floor":6,"key":"SMITH"},{"floor":13,"key":"REST"},{"data":"Body Slam","floor":15,"key":"SMITH"}],"circlet_count":0,"master_deck":["Strike_R+1","Strike_R","Strike_R","Strike_R","Strike_R","Defend_R","Defend_R","Defend_R","Defend_R","Bash","Body Slam+1","Sword Boomerang","Body Slam+1","Seeing Red","Demon Form","Reaper","Heavy Blade","Shrug It Off+1","Entrench"],"relics":["Burning Blood","Strawberry","InkBottle","Odd Mushroom","Tiny House"],"acts_visited":["Exordium","TheCity"],"potions_floor_usage":[10,11,12,12,16],"damage_taken":[{"damage":5,"enemies":"Jaw Worm","floor":1,"turns":5},{"damage":5,"enemies":"Small Slimes","floor":2,"turns":4},{"damage":9,"enemies":"Cultist","floor":3,"turns":4},{"damage":15,"enemies":"Looter","floor":7,"turns":3},{"damage":18,"enemies":"Large Slime","floor":10,"turns":8},{"damage":12,"enemies":"Lots of Slimes","floor":11,"turns":6},{"damage":30,"enemies":"Lagavulin","floor":12,"turns":6},{"damage":23,"enemies":"The Mushroom Lair","floor":14,"turns":5},{"damage":34,"enemies":"Slime Boss","floor":16,"turns":10},{"damage":33,"enemies":"3 Byrds","floor":18,"turns":8},{"damage":24,"enemies":"Spheric Guardian","floor":19,"turns":5},{"damage":42,"enemies":"Snake Plant","floor":20,"turns":5},{"damage":46,"enemies":"Centurion and Healer","floor":22,"turns":5}],"seed_played":"-1004914170056884005","potions_obtained":[{"floor":2,"key":"Weak Potion"},{"floor":5,"key":"EssenceOfSteel"},{"floor":5,"key":"Ancient Potion"},{"floor":10,"key":"Strength Potion"},{"floor":14,"key":"EssenceOfSteel"},{"floor":17,"key":"Strength Potion"}],"is_trial":false,"path_per_floor":["M","M","M","?","?","R","M","$","T","M","M","E","R","?","R","B",null,"M","M","M","?","M"],"character_chosen":"IRONCLAD","items_purchased":[],"campfire_rested":1,"item_purchase_floors":[],"current_hp_per_floor":[88,88,85,85,85,85,76,76,83,71,65,41,69,52,52,24,100,83,65,36,36,0,0],"gold":547,"neow_bonus":"TEN_PERCENT_HP_BONUS","is_daily":false,"chose_seed":false,"campfire_upgraded":2,"win_rate":0.0,"timestamp":1608738106,"path_taken":["M","M","M","?","?","R","M","$","T","?","M","E","R","?","R","BOSS","M","M","M","?","M"],"items_purchased_type":[],"build_version":"2020-12-22","purchased_purges":0,"victory":false,"max_hp_per_floor":[88,88,88,88,88,88,88,88,95,95,95,95,95,95,95,95,100,100,100,100,100,100,100],"card_choices":[{"not_picked":["Anger","Reckless Charge"],"picked":"Body Slam","floor":1},{"not_picked":["Headbutt","Warcry"],"picked":"Sword Boomerang","floor":2},{"not_picked":["Warcry","Dark Embrace"],"picked":"Body Slam","floor":3},{"not_picked":["Armaments","Twin Strike"],"picked":"Seeing Red","floor":7},{"not_picked":["Seeing Red","Disarm","Body Slam"],"picked":"SKIP","floor":10},{"not_picked":["Thunderclap","Pommel Strike","Warcry"],"picked":"SKIP","floor":11},{"not_picked":["Clothesline","Combust"],"picked":"Demon Form","floor":12},{"not_picked":["Immolate","Demon Form"],"picked":"Reaper","floor":16},{"not_picked":["Body Slam","Second Wind"],"picked":"Heavy Blade","floor":18},{"not_picked":["Pommel Strike","Body Slam"],"picked":"Shrug It Off+1","floor":19},{"not_picked":["Armaments","Clothesline"],"picked":"Entrench","floor":20}],"player_experience":207539,"relics_obtained":[{"floor":9,"key":"Strawberry"},{"floor":12,"key":"InkBottle"},{"floor":14,"key":"Odd Mushroom"}],"event_choices":[{"damage_healed":0,"gold_gain":0,"player_choice":"Ignored","damage_taken":0,"max_hp_gain":0,"max_hp_loss":0,"event_name":"Liars Game","floor":4,"gold_loss":0},{"damage_healed":0,"gold_gain":0,"player_choice":"Got Potions","damage_taken":0,"max_hp_gain":0,"max_hp_loss":0,"event_name":"Lab","floor":5,"gold_loss":0},{"damage_healed":0,"gold_gain":0,"player_choice":"Fought Mushrooms","damage_taken":0,"max_hp_gain":0,"max_hp_loss":0,"event_name":"Mushrooms","floor":14,"gold_loss":0},{"damage_healed":0,"gold_gain":100,"player_choice":"Pray","damage_taken":0,"max_hp_gain":0,"max_hp_loss":0,"event_name":"Golden Shrine","floor":21,"gold_loss":0}],"is_beta":false,"boss_relics":[{"not_picked":["SacredBark","Empty Cage"],"picked":"Tiny House"}],"items_purged_floors":[],"is_endless":false,"potions_floor_spawned":[2,10,14],"killed_by":"Centurion and Healer","ascension_level":1}}