{"host":"07tcb8n8jdavk3gs","time":1608683598,"event":{"mods":["BaseMod","Colored Map","Hermit","Marisa????????","Minty Spire (QoL Compilation)","StSLib","The Animator","The Cursed","The Servant 0.9.4"],"gold_per_floor":[116,133,97,97,110,139,139,139,139,164,187,187,198,225,225,300,325,308,49,49,68,68,124,124,124,173,189,37,62,62,79,79,150,175,175,175],"floor_reached":35,"playtime":2611,"items_purged":["animator:Strike"],"score":674,"play_id":"cf28ae9e-cdf7-4366-8b0f-42657e1846da","local_time":"20201222183318","is_ascension_mode":true,"campfire_choices":[{"floor":12.0,"key":"REST"},{"data":"animator:EmiyaShirou","floor":15.0,"key":"SMITH"},{"data":"animator:Gilgamesh+2","floor":24.0,"key":"SMITH"},{"data":"animator:Albedo","floor":32.0,"key":"SMITH"}],"circlet_count":0,"master_deck":["AscendersBane","animator:Strike_Overlord","animator:Defend_Overlord","animator:Defend","animator:Defend+1","animator:Defend+1","animator:Cocytus","animator:Demiurge","animator:Kagari","animator:RinTohsaka","animator:Cocytus","animator:EmiyaShirou+1","animator:ChaikaBohdan","animator:Alexander","animator:Bozes","animator:Shalltear","animator:Gilgamesh+6","animator:Kaijin","animator:Kaijin","animator:Rider","animator:EmiyaShirou","animator:Caster","Writhe","animator:Albedo+1","animator:Albedo"],"relics":["animator:LivingPicture","animator:TheMissingPiece","Happy Flower","TungstenRod","Eternal Feather","Gremlin Horn","Coffee Dripper","DollysMirror","animator:WizardHat","Blood Vial","Toolbox","Question Card","animator:HolyGrailRelic"],"acts_visited":["Exordium","TheCity","TheBeyond"],"potions_floor_usage":[],"damage_taken":[{"damage":8.0,"enemies":"Cultist","floor":1.0,"turns":5.0},{"damage":8.0,"enemies":"2 Louse","floor":2.0,"turns":3.0},{"damage":0.0,"enemies":"Small Slimes","floor":5.0,"turns":3.0},{"damage":12.0,"enemies":"Lagavulin","floor":6.0,"turns":7.0},{"damage":33.0,"enemies":"3 Sentries","floor":10.0,"turns":9.0},{"damage":8.0,"enemies":"Exordium Wildlife","floor":11.0,"turns":6.0},{"damage":2.0,"enemies":"Lots of Slimes","floor":13.0,"turns":2.0},{"damage":7.0,"enemies":"Blue Slaver","floor":14.0,"turns":3.0},{"damage":14.0,"enemies":"The Guardian","floor":16.0,"turns":11.0},{"damage":9.0,"enemies":"2 Thieves","floor":18.0,"turns":4.0},{"damage":2.0,"enemies":"Chosen","floor":21.0,"turns":6.0},{"damage":11.0,"enemies":"animator:HornedBat","floor":23.0,"turns":6.0},{"damage":3.0,"enemies":"Centurion and Healer","floor":27.0,"turns":7.0},{"damage":30.0,"enemies":"Chosen and Byrds","floor":31.0,"turns":7.0},{"damage":6.0,"enemies":"Champ","floor":33.0,"turns":13.0},{"damage":0,"enemies":"Orb Walker","floor":35,"turns":1}],"seed_played":"8713075731628101674","potions_obtained":[{"floor":2.0,"key":"ColorlessPotion"},{"floor":11.0,"key":"animator:FalseLifePotion"},{"floor":14.0,"key":"Strength Potion"},{"floor":18.0,"key":"animator:FalseLifePotion"},{"floor":23.0,"key":"LiquidBronze"}],"is_trial":false,"path_per_floor":["M","M","$","?","M","E","$","?","T","E","M","R","M","M","R","B",null,"M","$","?","M","?","E","R","T","T","M","$","?","$","M","R","B",null,"M"],"character_chosen":"THE_ANIMATOR","items_purchased":["animator:EmiyaShirou","animator:Kaijin","DollysMirror","Toolbox"],"campfire_rested":1,"item_purchase_floors":[3,19,19,28],"current_hp_per_floor":[46,38,38,58,58,46,46,46,46,13,5,32,30,23,32,18,50,41,41,41,39,39,28,40,40,40,39,39,39,39,12,24,20,59,61,61],"gold":175,"neow_bonus":"RANDOM_COLORLESS","is_daily":false,"chose_seed":false,"campfire_upgraded":3,"win_rate":0.0,"timestamp":1608683598,"path_taken":["M","M","?","?","M","E","$","?","T","E","M","R","?","M","R","BOSS","M","?","?","M","?","E","R","?","T","M","?","?","?","M","R","BOSS","M"],"items_purchased_type":["Card","Card","Relic","Relic"],"build_version":"2020-12-13","purchased_purges":1,"victory":false,"max_hp_per_floor":[60,60,60,60,60,60,60,60,60,60,60,60,60,60,60,60,60,60,60,60,60,60,60,60,60,60,60,60,60,60,61,61,61,69,69,69],"card_choices":[{"not_picked":["animator:LimeBell","animator:Zero"],"picked":"animator:Kagari","floor":0.0},{"not_picked":["animator:Kuribayashi","animator:Alexander"],"picked":"animator:RinTohsaka","floor":1.0},{"not_picked":["animator:Benimaru","animator:AcuraAkari"],"picked":"animator:Cocytus","floor":2.0},{"not_picked":["animator:Berserker","animator:PandorasActor"],"picked":"animator:ChaikaBohdan","floor":5.0},{"not_picked":["animator:Rider","animator:Berserker"],"picked":"animator:Alexander","floor":6.0},{"not_picked":["animator:RoryMercury","animator:AcuraAkari","animator:Shion"],"picked":"SKIP","floor":10.0},{"not_picked":["animator:MamiTomoe","animator:Hakurou"],"picked":"animator:Bozes","floor":11.0},{"not_picked":["animator:Viivi","animator:Assassin","animator:Kuribayashi"],"picked":"SKIP","floor":13.0},{"not_picked":["animator:NarberalGamma","animator:Sebas"],"picked":"animator:Shalltear","floor":14.0},{"not_picked":["animator:SwordMaiden","animator:Rimuru"],"picked":"animator:Gilgamesh","floor":16.0},{"not_picked":["animator:Rider","animator:LizardPriest","animator:Spearman"],"picked":"SKIP","floor":18.0},{"not_picked":["animator:ChaikaBohdan","animator:YaoHaDucy","animator:Viivi"],"picked":"SKIP","floor":21.0},{"not_picked":["animator:Rider","animator:YuiTsuruno","animator:PandorasActor"],"picked":"SKIP","floor":23.0},{"not_picked":["animator:Assassin","animator:RinTohsaka"],"picked":"animator:Caster","floor":27.0},{"not_picked":["animator:YuiTsuruno","animator:Hakurou","animator:KyokoSakura"],"picked":"animator:Albedo","floor":31.0},{"not_picked":["animator:MadokaKaname","animator:Rimuru","animator:ItamiYouji"],"picked":"animator:Albedo","floor":33.0}],"player_experience":904357,"relics_obtained":[{"floor":6.0,"key":"Happy Flower"},{"floor":9.0,"key":"Eternal Feather"},{"floor":10.0,"key":"Gremlin Horn"},{"floor":23.0,"key":"animator:WizardHat"},{"floor":26.0,"key":"Blood Vial"}],"event_choices":[{"damage_healed":20.0,"max_hp_gain":0.0,"max_hp_loss":0.0,"gold_gain":0.0,"event_name":"Big Fish","player_choice":"Banana","floor":4.0,"gold_loss":0.0,"damage_taken":0.0},{"damage_healed":0.0,"max_hp_gain":0.0,"max_hp_loss":0.0,"gold_gain":0.0,"event_name":"Dead Adventurer","player_choice":"Searched \u00272\u0027 times","floor":8.0,"gold_loss":0.0,"damage_taken":0.0,"relics_obtained":["TungstenRod"]},{"damage_healed":0.0,"max_hp_gain":0.0,"max_hp_loss":0.0,"gold_gain":0.0,"cards_transformed":["animator:Strike","animator:Strike"],"event_name":"Drug Dealer","player_choice":"Became Test Subject","floor":20.0,"gold_loss":0.0,"damage_taken":0.0,"cards_obtained":["animator:Rider","animator:EmiyaShirou"]},{"damage_healed":0.0,"max_hp_gain":0.0,"max_hp_loss":0.0,"gold_gain":0.0,"event_name":"Vampires","player_choice":"Ignored","floor":22.0,"gold_loss":0.0,"damage_taken":0.0},{"damage_healed":0.0,"max_hp_gain":0.0,"max_hp_loss":0.0,"gold_gain":0.0,"event_name":"The Mausoleum","player_choice":"Opened","floor":29.0,"gold_loss":0.0,"damage_taken":0.0,"relics_obtained":["Question Card"],"cards_obtained":["Writhe"]}],"is_beta":false,"boss_relics":[{"not_picked":["Ectoplasm","Mark of Pain"],"picked":"Coffee Dripper"},{"not_picked":["Busted Crown","Tiny House"],"picked":"animator:HolyGrailRelic"}],"items_purged_floors":[19],"is_endless":false,"potions_floor_spawned":[2,11,14,18,23],"killed_by":"Orb Walker","ascension_level":15}}