{"host":"q9718omregw4er46","time":1608740329,"event":{"mods":["BaseMod","Colored Powertips","Minty Spire (QoL Compilation)","Quick Restart","Relic Stats"],"gold_per_floor":[117,192,34,44,44,44,44,44],"floor_reached":7,"playtime":148,"items_purged":[],"score":78,"play_id":"ce0184e5-af60-4e58-9816-5fe3cd1b27b3","local_time":"20201223211849","is_ascension_mode":true,"campfire_choices":[{"data":"Consecrate","floor":6,"key":"SMITH"}],"circlet_count":0,"master_deck":["AscendersBane","Strike_P","Strike_P","Strike_P","Defend_P","Defend_P","Defend_P","Defend_P","Eruption","Vigilance","Scrawl","Consecrate+1","EmptyMind"],"relics":["PureWater","MealTicket"],"acts_visited":["Exordium"],"potions_floor_usage":[7],"damage_taken":[{"damage":12,"enemies":"Jaw Worm","floor":1,"turns":4},{"damage":2,"enemies":"Small Slimes","floor":4,"turns":3},{"damage":32,"enemies":"Gremlin Nob","floor":7,"turns":2}],"seed_played":"-8729466339085524161","potions_obtained":[{"floor":4,"key":"LiquidMemories"}],"is_trial":false,"path_per_floor":["M","?","$","M","?","R","E"],"character_chosen":"WATCHER","items_purchased":["MealTicket"],"campfire_rested":0,"item_purchase_floors":[3],"current_hp_per_floor":[49,38,38,36,29,29,0,0],"gold":44,"neow_bonus":"THREE_RARE_CARDS","is_daily":false,"chose_seed":false,"campfire_upgraded":1,"win_rate":0.0,"timestamp":1608740329,"path_taken":["M","?","$","M","?","R","E"],"items_purchased_type":["Relic"],"build_version":"2020-12-22","purchased_purges":0,"victory":false,"max_hp_per_floor":[62,62,62,62,62,62,62,62],"relic_stats":{"counters":[3,9],"MealTicket":0,"obtain_stats":[{"MealTicket":3,"PureWater":0},{"MealTicket":1,"PureWater":0},{"MealTicket":4,"PureWater":0}]},"card_choices":[{"not_picked":["ConjureBlade","DevaForm"],"picked":"Scrawl","floor":0.0},{"not_picked":["Halt","CutThroughFate"],"picked":"Consecrate","floor":1},{"not_picked":["Collect","Protect"],"picked":"EmptyMind","floor":4}],"player_experience":1094472,"relics_obtained":[],"event_choices":[{"damage_healed":0,"gold_gain":75,"player_choice":"Gather Gold","damage_taken":11,"max_hp_gain":0,"max_hp_loss":0,"event_name":"World of Goop","floor":2,"gold_loss":0},{"cards_removed":["Strike_P"],"damage_healed":0,"gold_gain":0,"player_choice":"Card Removal","damage_taken":7,"max_hp_gain":0,"max_hp_loss":0,"event_name":"Golden Wing","floor":5,"gold_loss":0}],"is_beta":false,"boss_relics":[],"items_purged_floors":[],"is_endless":false,"potions_floor_spawned":[4],"killed_by":"Gremlin Nob","ascension_level":20}}