{"host":"vd5put2n5b3t1prw","time":1608692019,"event":{"mods":["2.2 Compatiblity","AchievementEnabler","Alarm Clock","BaseMod","Better Altar","Better Match","Better Note","Better Sensory Stone","Better Silent Start","Better Skull","Better Third Choice","Better Vampires","Better-Laid Plans","BetterRewards","Block Reminder","Card Forge","Colored Map","Custom Start","Downfall","Emptier Cage","Marked Mod","Minty Spire (QoL Compilation)","Quick Restart","Random Character Button","Relic Filter","Relic Stats","Reorder Act Four","Spicy Shops","StSLib","Transform Curses","Waifu the Spire"],"gold_per_floor":[116,66,84,101,112,112,112,147,147,170,203,203,223,240,240,344,344,358,358,358,374,11,11,27,59,85,98,116,133,21,36,36,141,141,152,152,152,165,385,414,414,428,510,510,158,192,206,219,219,219,219,70,70,104,104],"floor_reached":56,"playtime":8744,"items_purged":["Slimebound:Split","Slimebound:Strike_Slimebound","Decay","Doubt"],"score":1627,"play_id":"3eabeb7c-eac4-4a39-bc74-f389374f6ca2","local_time":"20201222205339","is_ascension_mode":true,"campfire_choices":[{"data":"Slimebound:FirmFortitude","floor":6,"key":"SMITH"},{"data":"Slimebound:CorrosiveSpit","floor":12,"key":"SMITH"},{"data":"Slimebound:LeechEnergy","floor":15,"key":"SMITH"},{"data":"Slimebound:Dissolve","floor":23,"key":"SMITH"},{"data":"Slimebound:GoopSpray","floor":32,"key":"SMITH"},{"data":"Slimebound:DouseInSlime","floor":41,"key":"SMITH"},{"floor":44,"key":"RECALL"},{"data":"Slimebound:OozeBath","floor":49,"key":"SMITH"},{"data":"Slimebound:Replication","floor":53,"key":"SMITH"}],"circlet_count":0,"master_deck":["Slimebound:Strike_Slimebound+1","Slimebound:Tackle","Slimebound:Defend_Slimebound","Slimebound:Defend_Slimebound","Slimebound:Defend_Slimebound","Slimebound:Defend_Slimebound","Slimebound:CorrosiveSpit+1","Slimebound:SlimeSpikes","expansioncontent:DonusPower+1","Slimebound:ComboTackle+1","Slimebound:GoopSpray","Slimebound:MegaLick","Slimebound:FirmFortitude+1","Slimebound:LeechEnergy+1","Slimebound:MassFeed","Slimebound:Replication+1","Slimebound:LeechEnergy+1","Slimebound:GoopTackle","Slimebound:OozeBath+1","Slimebound:LeechingTouch","Slimebound:RollThrough","Slimebound:Dissolve+1","Slimebound:LeechEnergy","Slimebound:MegaLick+1","Slimebound:GoopTackle+1","Slimebound:ComboTackle+1","Slimebound:GoopSpray+1","Slimebound:OozeBath+1","Slimebound:ViciousTackle","Slimebound:CheckThePlaybook","Slimebound:SlimeSpikes","Slimebound:Equalize+1","Bandage Up+1","Slimebound:DouseInSlime+1","Slimebound:BestDefense+1","Slimebound:SplitMire+1","Slimebound:Schlurp","Slimebound:LivingWall+1","Slimebound:SplitMire+1","Slimebound:Nibble+1"],"relics":["Slimebound:AbsorbEndCombat","Hammer of Thor","Seething Fire","Anvil of the Gods","Vajra","HandDrill","hexamod:BolsterEngine","Nunchaku","TungstenRod","Whetstone","Slimebound:TarBlob","Pen Nib","Ornamental Fan","Smiling Mask","Guardian:BottledAnomaly","SacredBark","Shuriken","Eternal Feather","ClockworkSouvenir","Bottled Flame","Dream Catcher","Guardian:PocketSentry","CaptainsWheel"],"acts_visited":["Exordium","TheCity","TheBeyond","TheEnding"],"potions_floor_usage":[11,16,40,55,55,55],"damage_taken":[{"damage":3,"enemies":"Small Slimes","floor":1,"turns":3},{"damage":0,"enemies":"2 Louse","floor":3,"turns":1},{"damage":1,"enemies":"Jaw Worm","floor":4,"turns":3},{"damage":6,"enemies":"Gremlin Gang","floor":5,"turns":5},{"damage":10,"enemies":"Gremlin Nob","floor":8,"turns":3},{"damage":17,"enemies":"Lagavulin","floor":11,"turns":7},{"damage":0,"enemies":"Large Slime","floor":13,"turns":3},{"damage":0,"enemies":"2 Fungi Beasts","floor":14,"turns":2},{"damage":20,"enemies":"Hexaghost","floor":16,"turns":7},{"damage":4,"enemies":"Spheric Guardian","floor":18,"turns":2},{"damage":8,"enemies":"2 Thieves","floor":21,"turns":3},{"damage":9,"enemies":"Snecko","floor":24,"turns":3},{"damage":27,"enemies":"Slavers","floor":25,"turns":3},{"damage":0,"enemies":"Shelled Parasite and Fungi","floor":27,"turns":4},{"damage":3,"enemies":"Centurion and Healer","floor":28,"turns":4},{"damage":0,"enemies":"3 Cultists","floor":29,"turns":3},{"damage":16,"enemies":"Shelled Parasite and Fungi","floor":31,"turns":4},{"damage":33,"enemies":"Champ","floor":33,"turns":5},{"damage":3,"enemies":"Orb Walker","floor":35,"turns":3},{"damage":16,"enemies":"3 Darklings","floor":38,"turns":3},{"damage":11,"enemies":"Nemesis","floor":40,"turns":5},{"damage":14,"enemies":"Jaw Worm Horde","floor":42,"turns":3},{"damage":13,"enemies":"Giant Head","floor":46,"turns":3},{"damage":8,"enemies":"Sphere and 2 Shapes","floor":47,"turns":3},{"damage":26,"enemies":"4 Shapes","floor":48,"turns":3},{"damage":95,"enemies":"Awakened One","floor":50,"turns":8},{"damage":26,"enemies":"Shield and Spear","floor":54,"turns":5},{"damage":86,"enemies":"The Heart","floor":55,"turns":7}],"seed_played":"6720356545776846656","potions_obtained":[{"floor":8,"key":"Energy Potion"},{"floor":14,"key":"Slimebound:ThreeZeroPotion"},{"floor":24,"key":"BlessingOfTheForge"},{"floor":25,"key":"SpeedPotion"},{"floor":31,"key":"Ancient Potion"},{"floor":33,"key":"Slimebound:ThreeZeroPotion"}],"is_trial":false,"path_per_floor":["M","?","M","M","M","R","?","E","T","T","E","R","M","M","R","B",null,"M","?","?","M","$","R","M","E","T","M","M","M","$","M","R","B",null,"M","$","?","M","?","E","R","M","T","R","$","E","M","M","R","B",null,"$","R","E","B",null],"character_chosen":"SLIMEBOUND","items_purchased":["Vajra","HandDrill","Slimebound:SlimeSpikes","expansioncontent:DonusPower","Slimebound:ComboTackle","Pen Nib","Slimebound:Dissolve","Slimebound:LeechEnergy","Guardian:BottledAnomaly","ClockworkSouvenir","Bottled Flame","DistilledChaos","Guardian:PocketSentry"],"campfire_rested":0,"item_purchase_floors":[0,0,0,0,0,22,22,22,30,45,45,45,52],"current_hp_per_floor":[59,59,59,60,60,60,60,52,52,52,46,46,52,58,58,49,63,59,59,59,56,56,56,53,46,46,64,76,87,87,73,73,86,87,87,87,87,80,35,40,40,51,51,72,72,83,89,75,96,41,99,99,99,99,43],"gold":104,"neow_bonus":"","is_daily":false,"chose_seed":false,"campfire_upgraded":8,"win_rate":0.0,"timestamp":1608692019,"path_taken":["M","?","M","M","M","R","?","E","T","?","E","R","M","?","R","BOSS","M","?","?","M","$","R","M","E","T","?","M","M","$","M","R","BOSS","M","?","?","M","?","E","R","M","T","R","$","E","?","M","R","BOSS","$","R","E","BOSS"],"items_purchased_type":["Relic","Relic","Card","Card","Card","Relic","Card","Card","Relic","Relic","Relic","Potion","Relic"],"build_version":"2020-12-13","purchased_purges":4,"victory":true,"max_hp_per_floor":[60,60,60,60,60,60,60,60,60,60,63,63,63,63,63,63,63,63,63,63,66,66,66,66,72,72,78,81,87,87,87,87,87,87,87,87,87,90,90,90,90,93,93,93,93,93,99,99,99,99,99,99,99,99,99],"relic_stats":{"Nunchaku":[19],"Dream Catcher":0,"counters":[41,169],"Ornamental Fan":[112],"Shuriken":[17],"Eternal Feather":42,"Pen Nib":[16],"HandDrill":[46],"Whetstone":["Guardian:TwinSlam","Guardian:Strike_Guardian","Slimebound:Strike_Slimebound","Slimebound:LeechEnergy"],"Smiling Mask":100,"obtain_stats":[{"Singing Bowl":7,"SacredBark":34,"Vajra":0,"Hammer of Thor":0,"Whetstone":11,"Smiling Mask":26,"ClockworkSouvenir":45,"Centennial Puzzle":10,"Nunchaku":8,"Dream Catcher":46,"HandDrill":0,"Guardian:BottledAnomaly":30,"downfall:HeartsMalice":0,"Eternal Feather":43,"Pen Nib":52,"Guardian:PocketSentry":52,"Seething Fire":0,"Odd Mushroom":11,"Akabeko":54,"Slimebound:TarBlob":17,"Bottled Flame":45,"CaptainsWheel":54,"Anvil of the Gods":0,"Ornamental Fan":25,"Shuriken":40,"Slimebound:AbsorbEndCombat":0,"hexamod:BolsterEngine":7,"Toy Ornithopter":8,"TungstenRod":9},{"Singing Bowl":3,"SacredBark":31,"Vajra":13,"Hammer of Thor":0,"Whetstone":19,"Smiling Mask":26,"ClockworkSouvenir":35,"Centennial Puzzle":5,"Nunchaku":18,"Dream Catcher":36,"HandDrill":13,"Guardian:BottledAnomaly":29,"downfall:HeartsMalice":0,"Eternal Feather":35,"Pen Nib":11,"Guardian:PocketSentry":39,"Seething Fire":0,"Odd Mushroom":6,"Akabeko":12,"Slimebound:TarBlob":22,"Bottled Flame":35,"CaptainsWheel":40,"Anvil of the Gods":0,"Ornamental Fan":26,"Shuriken":34,"Slimebound:AbsorbEndCombat":0,"hexamod:BolsterEngine":17,"Toy Ornithopter":4,"TungstenRod":18},{"Singing Bowl":6,"SacredBark":126,"Vajra":61,"Hammer of Thor":0,"Whetstone":83,"Smiling Mask":106,"ClockworkSouvenir":140,"Centennial Puzzle":16,"Nunchaku":76,"Dream Catcher":143,"HandDrill":61,"Guardian:BottledAnomaly":117,"downfall:HeartsMalice":0,"Eternal Feather":140,"Pen Nib":48,"Guardian:PocketSentry":157,"Seething Fire":0,"Odd Mushroom":20,"Akabeko":56,"Slimebound:TarBlob":95,"Bottled Flame":140,"CaptainsWheel":162,"Anvil of the Gods":0,"Ornamental Fan":106,"Shuriken":137,"Slimebound:AbsorbEndCombat":0,"hexamod:BolsterEngine":73,"Toy Ornithopter":10,"TungstenRod":76}],"TungstenRod":105},"card_choices":[{"not_picked":["Slimebound:PressTheAttack","Slimebound:LeechEnergy"],"picked":"Slimebound:GoopSpray","floor":1},{"not_picked":["Slimebound:ViciousTackle","Slimebound:GoopSpray"],"picked":"Slimebound:MegaLick","floor":3},{"not_picked":["Slimebound:Schlurp","Slimebound:ServeAndProtect"],"picked":"Slimebound:FirmFortitude","floor":4},{"not_picked":["Slimebound:ViciousTackle","Slimebound:GrowthPunch"],"picked":"Slimebound:LeechEnergy","floor":5},{"not_picked":["Slimebound:SpikyOuterGoop","Slimebound:ServeAndProtect"],"picked":"Slimebound:MassFeed","floor":8},{"not_picked":["Slimebound:DivideAndConquer","Slimebound:GrowthPunch"],"picked":"Slimebound:Replication","floor":11},{"not_picked":["Slimebound:LeechingTouch","Slimebound:GrowthPunch"],"picked":"Slimebound:LeechEnergy","floor":13},{"not_picked":["Slimebound:SplitMire","Slimebound:SplitLeeching"],"picked":"Slimebound:GoopTackle","floor":14},{"not_picked":["Slimebound:PrepareCrush","Slimebound:MassFeed"],"picked":"Slimebound:OozeBath","floor":16},{"not_picked":["Slimebound:DivideAndConquer","Slimebound:SlimeBrawl"],"picked":"Slimebound:LeechingTouch","floor":18},{"not_picked":["Slimebound:ComboTackle+1","Slimebound:SlimeTap"],"picked":"Slimebound:RollThrough","floor":21},{"not_picked":["Slimebound:SplitBruiser","Slimebound:RollThrough"],"picked":"Slimebound:MegaLick+1","floor":24},{"not_picked":["Slimebound:DivideAndConquer","Slimebound:TongueLash+1"],"picked":"Slimebound:GoopTackle+1","floor":25},{"not_picked":["Slimebound:PressTheAttack","Slimebound:LevelUp"],"picked":"Slimebound:ComboTackle+1","floor":27},{"not_picked":["Slimebound:RollThrough+1","Slimebound:GrowthPunch"],"picked":"Slimebound:GoopSpray","floor":28},{"not_picked":["Slimebound:GoopSpray","Slimebound:AcidTongue"],"picked":"Slimebound:OozeBath","floor":29},{"not_picked":["Slimebound:GrowthPunch","Slimebound:SamplingLick"],"picked":"Slimebound:ViciousTackle","floor":31},{"not_picked":["Slimebound:SlimeSlap","Slimebound:OneTwoCombo"],"picked":"Slimebound:CheckThePlaybook","floor":33},{"not_picked":["Slimebound:RollThrough+1","Slimebound:DivideAndConquer"],"picked":"Slimebound:SlimeSpikes","floor":35},{"not_picked":["Slimebound:TongueLash+1","Slimebound:LevelUp+1"],"picked":"Slimebound:Equalize+1","floor":37},{"not_picked":["PanicButton+1","Jack Of All Trades+1"],"picked":"Bandage Up+1","floor":37},{"not_picked":["Slimebound:LeechEnergy","Slimebound:SpikyOuterGoop"],"picked":"Slimebound:DouseInSlime","floor":38},{"not_picked":["Slimebound:Prepare","Slimebound:GrowthPunch"],"picked":"Slimebound:BestDefense+1","floor":40},{"not_picked":["Slimebound:LeechingTouch","Slimebound:SamplingLick"],"picked":"Slimebound:SplitMire+1","floor":42},{"not_picked":["Slimebound:ComboTackle","Slimebound:TongueLash"],"picked":"Slimebound:Schlurp","floor":46},{"not_picked":["Slimebound:ComboTackle","Slimebound:SplitLeeching+1"],"picked":"Slimebound:LivingWall+1","floor":47},{"not_picked":["Slimebound:ViciousTackle+1","Slimebound:Chomp"],"picked":"Slimebound:SplitMire+1","floor":48},{"not_picked":["Slimebound:PressTheAttack","Slimebound:OneTwoCombo"],"picked":"Slimebound:Nibble+1","floor":54}],"player_experience":313737,"relics_obtained":[{"floor":8,"key":"Nunchaku"},{"floor":9,"key":"TungstenRod"},{"floor":11,"key":"Whetstone"},{"floor":25,"key":"Ornamental Fan"},{"floor":26,"key":"Smiling Mask"},{"floor":40,"key":"Shuriken"},{"floor":43,"key":"Eternal Feather"},{"floor":46,"key":"Dream Catcher"},{"floor":54,"key":"CaptainsWheel"}],"event_choices":[{"cards_removed":["Slimebound:Strike_Slimebound"],"damage_healed":0,"gold_gain":0,"player_choice":"Card Removal","damage_taken":0,"max_hp_gain":0,"max_hp_loss":0,"event_name":"The Cleric","floor":2,"gold_loss":50},{"damage_healed":0,"gold_gain":0,"player_choice":"Searched \u00271\u0027 times","damage_taken":0,"relics_obtained":["hexamod:BolsterEngine"],"max_hp_gain":0,"max_hp_loss":0,"event_name":"Dead Adventurer","floor":7,"gold_loss":0},{"damage_healed":0,"gold_gain":0,"player_choice":"Cursed","damage_taken":0,"max_hp_gain":0,"max_hp_loss":0,"event_name":"Wheel of Change","floor":19,"gold_loss":0,"cards_obtained":["Decay"]},{"damage_healed":0,"gold_gain":0,"player_choice":"Upgraded","damage_taken":0,"max_hp_gain":0,"max_hp_loss":0,"event_name":"Upgrade Shrine","floor":20,"gold_loss":0,"cards_upgraded":["Slimebound:OozeBath"]},{"damage_healed":0,"gold_gain":0,"player_choice":"2","damage_taken":0,"max_hp_gain":0,"max_hp_loss":0,"event_name":"betterMatch:BetterMatch","floor":37,"gold_loss":0,"cards_obtained":["betterMatch:UncommonCard","betterMatch:ColorlessUncommonCard"]},{"damage_healed":0,"gold_gain":220,"player_choice":"UP UP GO GO ","damage_taken":56,"relics_obtained":[],"max_hp_gain":0,"max_hp_loss":0,"event_name":"betterSkull:BetterSkull","floor":39,"gold_loss":0,"cards_upgraded":["expansioncontent:DonusPower","Slimebound:ComboTackle"]}],"is_beta":false,"boss_relics":[{"not_picked":["Snecko Eye","Velvet Choker"],"picked":"Slimebound:TarBlob"},{"not_picked":["Pandora\u0027s Box","Coffee Dripper"],"picked":"SacredBark"}],"items_purged_floors":[0,0,22,30],"is_endless":false,"potions_floor_spawned":[5,8,14,24,25,31,33,35,46,47],"ascension_level":1}}