{"host":"foq4mrde4mssg7vt","time":1608695641,"event":{"mods":["AchievementEnabler","BaseMod","Colored Map","Colored Powertips","Highlight Path","Minty Spire (QoL Compilation)","Relic Stats","everything is the same but u backflip on backflip"],"gold_per_floor":[360,379,8,8,26,53,53,53,53,70,89,120,120,100,100,197,197,215,215,215,229,9,43,43,61,61,73,73,108,118,142,154,264,276,299,311,343,366,378,390,390],"floor_reached":40,"playtime":1490,"items_purged":["Strike_R+1"],"score":701,"play_id":"99b12063-f10d-4878-8899-00fe33b09f39","local_time":"20201223115401","is_ascension_mode":true,"campfire_choices":[{"data":"True Grit","floor":8.0,"key":"SMITH"},{"floor":13,"key":"REST"},{"data":"Bash","floor":15,"key":"SMITH"},{"data":"Feel No Pain","floor":24,"key":"SMITH"},{"floor":32,"key":"REST"}],"circlet_count":0,"master_deck":["AscendersBane","Strike_R+1","Strike_R+1","Strike_R+1","Defend_R+1","Defend_R+1","Defend_R+1","Defend_R+1","Bash+1","Perfected Strike","Immolate","Inflame","Battle Trance","True Grit+1","Immolate","Feel No Pain+1","Fiend Fire","Iron Wave","Spot Weakness","Shrug It Off","Feel No Pain","Feel No Pain","Reaper","Heavy Blade+1","The Bomb"],"relics":["Burning Blood","OrangePellets","Kunai","Shuriken","Snecko Eye","NlothsMask","ClockworkSouvenir","Strawberry","Smiling Mask","MawBank","Coffee Dripper"],"acts_visited":["Exordium","TheCity","TheBeyond"],"potions_floor_usage":[12,16,21,29,33,40],"damage_taken":[{"damage":10.0,"enemies":"2 Louse","floor":1.0,"turns":2.0},{"damage":0.0,"enemies":"Small Slimes","floor":2.0,"turns":3.0},{"damage":6.0,"enemies":"Cultist","floor":5.0,"turns":3.0},{"damage":23.0,"enemies":"Lagavulin","floor":6.0,"turns":8.0},{"damage":5.0,"enemies":"Looter","floor":10.0,"turns":3.0},{"damage":6.0,"enemies":"Red Slaver","floor":11.0,"turns":4.0},{"damage":19,"enemies":"Gremlin Nob","floor":12,"turns":4},{"damage":15,"enemies":"The Guardian","floor":16,"turns":13},{"damage":0,"enemies":"Spheric Guardian","floor":18,"turns":3},{"damage":5,"enemies":"2 Thieves","floor":21,"turns":4},{"damage":13,"enemies":"Slavers","floor":23,"turns":4},{"damage":5,"enemies":"Snecko","floor":25,"turns":4},{"damage":14,"enemies":"Centurion and Healer","floor":27,"turns":3},{"damage":50,"enemies":"Book of Stabbing","floor":29,"turns":6},{"damage":9,"enemies":"Shelled Parasite and Fungi","floor":30,"turns":3},{"damage":33,"enemies":"Collector","floor":33,"turns":13},{"damage":7,"enemies":"Orb Walker","floor":35,"turns":3},{"damage":14,"enemies":"3 Shapes","floor":37,"turns":3},{"damage":34,"enemies":"Maw","floor":38,"turns":8},{"damage":59,"enemies":"Reptomancer","floor":40,"turns":5}],"seed_played":"-8632724233955903055","potions_obtained":[{"floor":1.0,"key":"HeartOfIron"},{"floor":2.0,"key":"Ancient Potion"},{"floor":11.0,"key":"Explosive Potion"},{"floor":14,"key":"HeartOfIron"},{"floor":18,"key":"SkillPotion"},{"floor":21,"key":"ColorlessPotion"},{"floor":23,"key":"LiquidMemories"},{"floor":27,"key":"SteroidPotion"},{"floor":33,"key":"Weak Potion"},{"floor":35,"key":"LiquidBronze"}],"is_trial":false,"path_per_floor":["M","M","$","?","M","E","?","R","T","M","M","E","R","?","R","B",null,"M","?","?","M","$","E","R","M","T","M","?","E","M","T","R","B",null,"M","?","M","M","?","E"],"character_chosen":"IRONCLAD","items_purchased":["Immolate","Inflame","OrangePellets","ClockworkSouvenir"],"campfire_rested":2,"item_purchase_floors":[3,3,3,22],"current_hp_per_floor":[47,53,53,37,37,20,20,20,20,21,21,8,32,32,32,23,66,72,72,72,73,73,73,73,74,74,66,66,22,19,19,45,18,70,75,65,87,59,59,0,0],"gold":390,"neow_bonus":"TWO_FIFTY_GOLD","is_daily":false,"chose_seed":false,"campfire_upgraded":3,"win_rate":0.0,"timestamp":1608695641,"path_taken":["M","M","$","?","M","E","?","R","T","?","M","E","R","?","R","BOSS","M","?","?","?","$","E","R","M","T","M","?","E","M","?","R","BOSS","M","?","M","M","?","E"],"items_purchased_type":["Card","Card","Relic","Relic"],"build_version":"2020-12-13","purchased_purges":1,"victory":false,"max_hp_per_floor":[80,80,80,80,80,80,80,80,80,80,80,80,80,80,80,80,80,80,80,80,80,80,87,87,87,87,87,87,87,87,87,87,87,87,87,87,87,87,83,83,83],"relic_stats":{"OrangePellets":[11],"counters":[20,99],"Shuriken":[10],"Snecko Eye":[69,60,74,62],"Kunai":[10],"Smiling Mask":0,"MawBank":108,"obtain_stats":[{"OrangePellets":3,"Shuriken":9,"Strawberry":23,"Snecko Eye":17,"Coffee Dripper":34,"Kunai":6,"Smiling Mask":29,"MawBank":31,"Burning Blood":0,"NlothsMask":20,"ClockworkSouvenir":22},{"OrangePellets":2,"Shuriken":4,"Strawberry":11,"Snecko Eye":8,"Coffee Dripper":16,"Kunai":4,"Smiling Mask":14,"MawBank":15,"Burning Blood":0,"NlothsMask":9,"ClockworkSouvenir":10},{"OrangePellets":5,"Shuriken":16,"Strawberry":51,"Snecko Eye":40,"Coffee Dripper":80,"Kunai":16,"Smiling Mask":64,"MawBank":67,"Burning Blood":0,"NlothsMask":43,"ClockworkSouvenir":47}],"Burning Blood":113},"card_choices":[{"not_picked":["Rage","Havoc","Evolve"],"picked":"SKIP","floor":1.0},{"not_picked":["Rage","Iron Wave"],"picked":"Perfected Strike","floor":2.0},{"not_picked":["Headbutt","Cleave"],"picked":"Battle Trance","floor":5.0},{"not_picked":["Bludgeon","Infernal Blade"],"picked":"True Grit","floor":6.0},{"not_picked":["Flex","Warcry","Fiend Fire"],"picked":"SKIP","floor":10.0},{"not_picked":["Armaments","Dual Wield","Rupture"],"picked":"SKIP","floor":11.0},{"not_picked":["Infernal Blade","Combust"],"picked":"Feel No Pain","floor":12},{"not_picked":["Brutality","Double Tap"],"picked":"Fiend Fire","floor":16},{"not_picked":["True Grit","Sword Boomerang"],"picked":"Iron Wave","floor":18},{"not_picked":["Inflame","Pommel Strike"],"picked":"Spot Weakness","floor":21},{"not_picked":["Havoc+1","Sword Boomerang","Dropkick"],"picked":"SKIP","floor":23},{"not_picked":["Dropkick+1","Pommel Strike","Warcry"],"picked":"SKIP","floor":25},{"not_picked":["Clothesline","Rupture","Havoc"],"picked":"SKIP","floor":27},{"not_picked":["Fiend Fire","Rupture"],"picked":"Feel No Pain","floor":29},{"not_picked":["Sentinel","Spot Weakness"],"picked":"Feel No Pain","floor":30},{"not_picked":["Demon Form","Barricade"],"picked":"Reaper","floor":33},{"not_picked":["Twin Strike","Anger+1"],"picked":"Heavy Blade+1","floor":35},{"not_picked":["PanicButton","Good Instincts"],"picked":"The Bomb","floor":36},{"not_picked":["Havoc","Thunderclap","Whirlwind"],"picked":"SKIP","floor":37},{"not_picked":["Sword Boomerang+1","Hemokinesis","Armaments+1"],"picked":"SKIP","floor":38}],"player_experience":229465,"relics_obtained":[{"floor":6.0,"key":"Kunai"},{"floor":9.0,"key":"Shuriken"},{"floor":23,"key":"Strawberry"},{"floor":29,"key":"Smiling Mask"},{"floor":31,"key":"MawBank"}],"event_choices":[{"damage_healed":0.0,"max_hp_gain":0.0,"max_hp_loss":0.0,"gold_gain":0.0,"event_name":"Shining Light","player_choice":"Entered Light","floor":4.0,"gold_loss":0.0,"damage_taken":16.0,"cards_upgraded":["Defend_R","Strike_R"]},{"damage_healed":0.0,"max_hp_gain":0.0,"max_hp_loss":0.0,"gold_gain":0.0,"cards_transformed":["Strike_R"],"event_name":"Transmorgrifier","player_choice":"Transformed","floor":7.0,"gold_loss":0.0,"damage_taken":0.0,"cards_obtained":["Immolate"]},{"damage_healed":0,"gold_gain":0,"player_choice":"Bought 1 Potion","damage_taken":0,"max_hp_gain":0,"max_hp_loss":0,"event_name":"The Woman in Blue","floor":14,"gold_loss":0},{"damage_healed":0,"gold_gain":0,"player_choice":"Simplicity","damage_taken":0,"max_hp_gain":0,"max_hp_loss":0,"event_name":"Back to Basics","floor":19,"gold_loss":0,"cards_upgraded":["Strike_R","Strike_R","Strike_R","Defend_R","Defend_R","Defend_R"]},{"damage_healed":0,"gold_gain":0,"player_choice":"Trade","damage_taken":0,"relics_obtained":["NlothsMask"],"max_hp_gain":0,"max_hp_loss":0,"event_name":"FaceTrader","floor":20,"gold_loss":0},{"damage_healed":0,"gold_gain":0,"player_choice":"Read","damage_taken":0,"max_hp_gain":0,"max_hp_loss":0,"event_name":"The Library","floor":28,"gold_loss":0,"cards_obtained":["Shrug It Off"]},{"damage_healed":0,"gold_gain":0,"player_choice":"Memory 3","damage_taken":10,"max_hp_gain":0,"max_hp_loss":0,"event_name":"SensoryStone","floor":36,"gold_loss":0},{"damage_healed":0,"gold_gain":0,"player_choice":"Max HP","damage_taken":0,"max_hp_gain":0,"max_hp_loss":4,"event_name":"Winding Halls","floor":39,"gold_loss":0}],"is_beta":false,"boss_relics":[{"not_picked":["SlaversCollar","Calling Bell"],"picked":"Snecko Eye"},{"not_picked":["Empty Cage","Astrolabe"],"picked":"Coffee Dripper"}],"items_purged_floors":[22],"is_endless":false,"potions_floor_spawned":[1,2,5,11,18,21,23,27,33,35,37],"killed_by":"Reptomancer","ascension_level":11}}