{"host":"kiauivt48syq9iz6","time":1608704771,"event":{"mods":["BaseMod","Conspire","Downfall","Hermit","Minty Spire (QoL Compilation)","Replay The Spire","SIMod","StSLib","The Animator","The Construct","The Cursed","The Runesmith","The Servant 0.9.4"],"gold_per_floor":[117,133,133,9,84,84,119,119,119,45,55,90,109,127,127,226,226,242,56,56,76,166,166,166],"floor_reached":23,"playtime":933,"items_purged":["hermit:Strike_Hermit"],"score":224,"play_id":"5dd94a3b-c12e-4d23-8bb4-1b648c6082b2","local_time":"20201222232611","is_ascension_mode":false,"campfire_choices":[{"floor":6,"key":"REST"},{"floor":15,"key":"REST"}],"circlet_count":0,"master_deck":["hermit:Strike_Hermit","hermit:Strike_Hermit","hermit:Strike_Hermit","hermit:Defend_Hermit","hermit:Defend_Hermit","hermit:Defend_Hermit","hermit:Defend_Hermit","hermit:Snapshot","hermit:Covet","hermit:BodyArmor","hermit:Coalescence","hermit:Combo","hermit:HoleUp","hermit:Headshot","hermit:ShadowCloak","hermit:CalledShot","hermit:TakeAim","hermit:Ricochet","hermit:Roulette","hermit:FatalDesire","hermit:PistolWhip+1","hermit:Gestalt","hermit:TakeAim","hermit:Quickdraw+1","expansioncontent:DefensiveStance","Trip"],"relics":["hermit:ClaspedLocket","NeowsBlessing","Pyrelight","Meat on the Bone","Replay:WaspNest","HornCleat","Divine Protection"],"acts_visited":["Exordium","TheCity"],"potions_floor_usage":[12,16,16,16,16,16,21,23],"damage_taken":[{"damage":0,"enemies":"Cultist","floor":1,"turns":1},{"damage":0,"enemies":"Small Slimes","floor":2,"turns":1},{"damage":0,"enemies":"3 Sentries","floor":7,"turns":2},{"damage":0,"enemies":"2 Louse","floor":11,"turns":2},{"damage":11,"enemies":"Replay:BlueRogue","floor":12,"turns":8},{"damage":4,"enemies":"Blue Slaver","floor":13,"turns":4},{"damage":0,"enemies":"Exordium Wildlife","floor":14,"turns":4},{"damage":19,"enemies":"Hexaghost","floor":16,"turns":12},{"damage":8,"enemies":"Chosen","floor":18,"turns":6},{"damage":15,"enemies":"Spheric Guardian","floor":21,"turns":8},{"damage":25,"enemies":"Gremlin Leader","floor":23,"turns":4}],"seed_played":"7843330760221937133","potions_obtained":[{"floor":2,"key":"Languid Potion"},{"floor":7,"key":"sneckomod:MuddlingPotion"},{"floor":13,"key":"SpeedPotion"},{"floor":14,"key":"EntropicBrew"},{"floor":21,"key":"Fire Potion"}],"is_trial":false,"path_per_floor":["M","M","?","$","?","R","E","T","T","$","M","E","M","M","R","B",null,"M","$","?","M","?","E"],"character_chosen":"HERMIT","items_purchased":["hermit:Combo","hermit:HoleUp","hermit:ShadowCloak","hermit:Gestalt","hermit:TakeAim"],"campfire_rested":2,"item_purchase_floors":[4,4,10,19,19],"current_hp_per_floor":[75,75,75,75,64,75,75,75,75,75,75,64,60,60,75,56,75,67,67,53,50,25,0,0],"gold":166,"neow_bonus":"THREE_ENEMY_KILL","is_daily":false,"chose_seed":false,"campfire_upgraded":0,"win_rate":0.0,"timestamp":1608704771,"path_taken":["M","?","?","$","?","R","E","?","T","$","M","E","?","M","R","BOSS","M","$","?","M","?","E"],"items_purchased_type":["Card","Card","Card","Card","Card"],"build_version":"2020-12-22","purchased_purges":1,"victory":false,"max_hp_per_floor":[75,75,75,75,75,75,75,75,75,75,75,75,75,75,75,75,75,75,75,80,80,80,80,80],"card_choices":[{"not_picked":["hermit:Snipe","hermit:HighCaliber"],"picked":"hermit:BodyArmor","floor":1},{"not_picked":["hermit:Midnight","hermit:HighCaliber"],"picked":"hermit:Coalescence","floor":2},{"not_picked":["hermit:ItchyTrigger","hermit:Shortfuse"],"picked":"hermit:Headshot","floor":7},{"not_picked":["hermit:ShadowCloak","hermit:TrackingShot"],"picked":"hermit:CalledShot","floor":11},{"not_picked":["hermit:FlashPowder","hermit:Maintenance"],"picked":"hermit:TakeAim","floor":12},{"not_picked":["hermit:BodyArmor","hermit:Coalescence"],"picked":"hermit:Ricochet","floor":13},{"not_picked":["hermit:Malice","hermit:HoleUp"],"picked":"hermit:Roulette","floor":14},{"not_picked":["hermit:HighNoon","hermit:EternalForm"],"picked":"hermit:FatalDesire","floor":16},{"not_picked":["hermit:Coalescence","hermit:Malice"],"picked":"hermit:PistolWhip+1","floor":18},{"not_picked":["hermit:Feint","hermit:Snipe"],"picked":"hermit:Quickdraw+1","floor":21}],"player_experience":1555,"relics_obtained":[{"floor":7,"key":"Meat on the Bone"},{"floor":8,"key":"Replay:WaspNest"},{"floor":9,"key":"HornCleat"},{"floor":12,"key":"Divine Protection"}],"event_choices":[{"damage_healed":0,"gold_gain":75,"player_choice":"Gather Gold","damage_taken":11,"max_hp_gain":0,"max_hp_loss":0,"event_name":"World of Goop","floor":5,"gold_loss":0},{"damage_healed":0,"gold_gain":0,"player_choice":"Shed Blood","damage_taken":19,"max_hp_gain":5,"max_hp_loss":0,"event_name":"Forgotten Altar","floor":20,"gold_loss":0},{"damage_healed":0,"gold_gain":90,"player_choice":"CARD GOLD CARD ","damage_taken":25,"max_hp_gain":0,"max_hp_loss":0,"event_name":"Knowing Skull","floor":22,"potions_obtained":[],"gold_loss":0,"cards_obtained":["expansioncontent:DefensiveStance","Trip"]}],"is_beta":false,"boss_relics":[{"not_picked":["Astrolabe","Fusion Hammer"],"picked":"hermit:ClaspedLocket"}],"items_purged_floors":[19],"is_endless":false,"potions_floor_spawned":[2,7,13,14,21],"killed_by":"Gremlin Leader","ascension_level":0}}