{"host":"ashh977dctw2auk3","time":1608749691,"event":{"mods":["Act Like it!","BaseMod","Elementarium","Friendly Minions","Hubris","Infinite Spire","Marisa????????","Minty Spire (QoL Compilation)","Potionbrewer","Replay The Spire","Ruin Mod","Shade Mod","Shop Mod","StSLib","The Alterego","The Cursed","The Marked","The Sage","The Servant 0.9.4","The Spell Scribe","Transform Curses","Waifu the Spire"],"gold_per_floor":[110,110,126,138,118,118,118,132,132,132,132,149,162,180,180,284,284,301,301,314,314,229,229,243,138,162,192,206,206,222,222,222,326,326,340,354,399,163,183,183,183,183,229,239,239,239,253,253,253,253],"floor_reached":51,"playtime":4312,"items_purged":[],"score":661,"play_id":"a566858e-01cb-468b-a898-de91dcd501aa","local_time":"20201223105451","is_ascension_mode":false,"campfire_choices":[{"data":"Shade:FleshToFlesh","floor":6,"key":"SMITH"},{"data":"Shade:AnimateDead","floor":10,"key":"SMITH"},{"data":"Shade:SensePrey","floor":15,"key":"SMITH"},{"data":"Shade:GreaterAnimation","floor":23,"key":"SMITH"},{"data":"Shade:AuraOfUnlife","floor":29,"key":"SMITH"},{"data":"Shade:GraveStillness","floor":32,"key":"SMITH"},{"data":"Specialist","floor":40,"key":"SMITH"},{"data":"Shade:FleshOffering","floor":42,"key":"SMITH"},{"data":"Shade:LastGasp","floor":46,"key":"SMITH"},{"data":"Dark Shackles","floor":49,"key":"SMITH"}],"circlet_count":0,"master_deck":["Shade:Strike_Shade","Shade:Strike_Shade","Shade:Strike_Shade","Shade:Strike_Shade+1","Shade:Defend_Shade","Shade:Defend_Shade","Shade:Defend_Shade","Shade:Defend_Shade+1","Shade:AnimateDead+1","Shade:CarefulCut","Shade:GraveStillness","Shade:Brains","Shade:GraveStillness+1","Shade:OpenGraves","Shade:FleshToFlesh+1","Shade:LastGasp+1","Shade:GreyBargain","Shade:CoffinDance","Shade:PoundOfFlesh","Shade:PressTheAttack","Shade:Brains","Shade:FleshOffering+1","Shade:SensePrey+1","Shade:GreaterAnimation+1","Shade:BoneShards","Shade:WallOfFlesh","Shade:FreshBones+1","Shade:AuraOfUnlife+1","Replay:Hysterical Blindness","Shade:PoundOfFlesh+1","Shade:FingerOfDeath","Shade:UnbarTheGrave+1","Shade:ExtraLimbs","Shade:SkeletonArmy+1","Shade:AncientSpear+1","Specialist+1","hubris:Wrath","Shade:Bonestorm+1","Dark Shackles+1"],"relics":["Shade:YorickPolishedSkull","potionbrewer:BottledElixir","hubris:ToyBattleship","Cursed Key","Blood Vial","Lantern","infinitespire:WardingShard","hubris:HollowSoul","CatCart","Juzu Bracelet","infinitespire:Lucky Rock","hubris:Towel"],"acts_visited":["Exordium","TheCity","TheBeyond"],"potions_floor_usage":[16,50,50,50],"damage_taken":[{"damage":0,"enemies":"2 Louse","floor":1,"turns":3},{"damage":0,"enemies":"Cultist","floor":3,"turns":3},{"damage":0,"enemies":"Small Slimes","floor":4,"turns":3},{"damage":4,"enemies":"Exordium Thugs","floor":5,"turns":5},{"damage":0,"enemies":"Exordium Wildlife","floor":8,"turns":5},{"damage":0,"enemies":"2 Fungi Beasts","floor":12,"turns":5},{"damage":7,"enemies":"Lots of Slimes","floor":13,"turns":6},{"damage":0,"enemies":"Exordium Thugs","floor":14,"turns":4},{"damage":5,"enemies":"Slime Boss","floor":16,"turns":17},{"damage":0,"enemies":"Chosen","floor":18,"turns":4},{"damage":6,"enemies":"Shell Parasite","floor":20,"turns":4},{"damage":0,"enemies":"Snake Plant","floor":24,"turns":3},{"damage":0,"enemies":"Slavers","floor":27,"turns":3},{"damage":0,"enemies":"Centurion and Healer","floor":28,"turns":3},{"damage":0,"enemies":"Shelled Parasite and Fungi","floor":30,"turns":4},{"damage":43,"enemies":"hubris:MusketHawk","floor":33,"turns":8},{"damage":0,"enemies":"3 Shapes","floor":35,"turns":3},{"damage":0,"enemies":"Orb Walker","floor":36,"turns":3},{"damage":0,"enemies":"Orin","floor":37,"turns":10},{"damage":0,"enemies":"3 Darklings","floor":39,"turns":3},{"damage":0,"enemies":"Jaw Worm Horde","floor":44,"turns":3},{"damage":0,"enemies":"Spire Growth","floor":47,"turns":4},{"damage":20,"enemies":"Time Eater","floor":50,"turns":9}],"seed_played":"4132032082743739876","potions_obtained":[{"floor":1,"key":"PowerPotion"},{"floor":5,"key":"ColorlessPotion"},{"floor":14,"key":"SteroidPotion"},{"floor":16,"key":"Energy Potion"},{"floor":24,"key":"LiquidMemories"},{"floor":33,"key":"infinitespire:BlackPotion"},{"floor":44,"key":"Death Potion"},{"floor":47,"key":"DuplicationPotion"}],"is_trial":false,"path_per_floor":["M","?","M","M","M","R","?","M","T","R","?","M","M","M","R","B",null,"M","AVR","M","?","?","R","M","$","T","E","M","R","M","?","R","B",null,"M","M","?","$","M","R","?","R","T","M","?","R","M","?","R","B",null],"character_chosen":"SHADE","items_purchased":["Shade:FreshBones+1","Shade:AuraOfUnlife","Specialist","Juzu Bracelet"],"campfire_rested":0,"item_purchase_floors":[25,25,38,38],"current_hp_per_floor":[65,52,52,52,48,48,48,48,48,48,48,48,41,41,41,36,65,65,65,59,59,59,59,61,61,61,63,65,65,65,65,65,22,65,65,65,65,65,65,65,65,65,65,65,65,65,65,65,65,45],"gold":253,"neow_bonus":"RANDOM_EVENT","is_daily":false,"chose_seed":false,"campfire_upgraded":10,"win_rate":0.0,"timestamp":1608749691,"path_taken":["M","?","M","M","M","R","?","M","T","R","?","M","M","M","R","BOSS","M","AVR","M","?","?","R","M","$","T","E","M","R","M","?","R","BOSS","M","M","?","$","M","R","?","R","T","M","?","R","M","?","R","BOSS"],"items_purchased_type":["Card","Card","Card","Relic"],"build_version":"2020-12-22","purchased_purges":0,"victory":true,"max_hp_per_floor":[65,65,65,65,65,65,65,65,65,65,65,65,65,65,65,65,65,65,65,65,65,65,65,65,65,65,65,65,65,65,65,65,65,65,65,65,65,65,65,65,65,65,65,65,65,65,65,65,65,65],"card_choices":[{"not_picked":["Shade:FeralStrike","Shade:Frenzy"],"picked":"Shade:Brains","floor":1},{"not_picked":["Shade:SoulToxin","Shade:SkeletonHug"],"picked":"Shade:GraveStillness","floor":3},{"not_picked":["Shade:UnbarTheGrave","Shade:FingerOfDeath"],"picked":"Shade:OpenGraves","floor":4},{"not_picked":["Shade:AncientSpear","Shade:CallWraith"],"picked":"Shade:FleshToFlesh","floor":5},{"not_picked":["Shade:Brains","Shade:GraveStillness"],"picked":"Shade:LastGasp","floor":8},{"not_picked":["Shade:Brains","Shade:SkeletonHug","Shade:PressTheAttack"],"picked":"SKIP","floor":12},{"not_picked":["Shade:BoneShards","Shade:FingerOfDeath"],"picked":"Shade:FleshOffering","floor":13},{"not_picked":["Shade:ExtraLimbs","Shade:Frenzy"],"picked":"Shade:SensePrey","floor":14},{"not_picked":["Shade:LoseControl","Shade:Consume"],"picked":"Shade:GreaterAnimation","floor":16},{"not_picked":["Shade:SkeletonHug","Shade:Frenzy"],"picked":"Shade:BoneShards","floor":18},{"not_picked":["Shade:Asphyxiate+1","Shade:TouchOfTheGrave","Shade:ScuttlingHand"],"picked":"SKIP","floor":20},{"not_picked":["Shade:SkeletonHug","Shade:ExtraLimbs"],"picked":"Shade:WallOfFlesh","floor":24},{"not_picked":["Shade:Premonition","Shade:StitchTogether"],"picked":"Shade:PoundOfFlesh+1","floor":27},{"not_picked":["Shade:MadHubris","Shade:GraveStillness"],"picked":"Shade:FingerOfDeath","floor":28},{"not_picked":["Shade:GraveStillness","Shade:GreyBargain+1","Shade:SoulToxin"],"picked":"SKIP","floor":30},{"not_picked":["Shade:LoseControl","Shade:LastGasp"],"picked":"Shade:UnbarTheGrave","floor":33},{"not_picked":["Shade:BoneShards","Shade:GreyBargain"],"picked":"Shade:ExtraLimbs","floor":35},{"not_picked":["Shade:DangerousRitual","Shade:WallOfFlesh+1"],"picked":"Shade:SkeletonArmy+1","floor":36},{"not_picked":["Shade:Doomsay","Shade:CommandSoldier+1"],"picked":"Shade:AncientSpear+1","floor":37},{"not_picked":["Shade:Haruspicy","Shade:BoneShards","Shade:FleshToFlesh"],"picked":"SKIP","floor":39},{"not_picked":["Shade:GraveStillness","Shade:Premonition","Shade:SkeletonHug+1"],"picked":"SKIP","floor":44},{"not_picked":["Shade:ExtraLimbs","Shade:FuneraryArmor+1"],"picked":"Shade:Bonestorm+1","floor":47},{"not_picked":["hubris:EnhanceAbility","Impatience"],"picked":"Dark Shackles","floor":48}],"player_experience":293785,"relics_obtained":[{"floor":9,"key":"potionbrewer:BottledElixir"},{"floor":26,"key":"Lantern"},{"floor":27,"key":"infinitespire:WardingShard"},{"floor":37,"key":"CatCart"},{"floor":43,"key":"infinitespire:Lucky Rock"}],"event_choices":[{"damage_healed":0,"gold_gain":0,"player_choice":"Entered Light","damage_taken":13,"max_hp_gain":0,"max_hp_loss":0,"event_name":"Shining Light","floor":2,"gold_loss":0,"cards_upgraded":["Shade:Defend_Shade","Shade:Strike_Shade"]},{"damage_healed":0,"gold_gain":0,"player_choice":"Ignored","damage_taken":0,"max_hp_gain":0,"max_hp_loss":0,"event_name":"Golden Idol","floor":7,"gold_loss":0},{"damage_healed":0,"gold_gain":0,"player_choice":"Obtained Relic","damage_taken":0,"relics_obtained":["Blood Vial"],"max_hp_gain":0,"max_hp_loss":0,"event_name":"Addict","floor":22,"gold_loss":85},{"damage_healed":0,"gold_gain":0,"player_choice":"Bought 0 Potions","damage_taken":0,"max_hp_gain":0,"max_hp_loss":0,"event_name":"The Woman in Blue","floor":31,"gold_loss":0},{"damage_healed":0,"gold_gain":0,"player_choice":"Fight","damage_taken":0,"max_hp_gain":0,"max_hp_loss":0,"event_name":"OrinTheCat","floor":37,"gold_loss":0},{"damage_healed":0,"gold_gain":0,"player_choice":"Memory 1","damage_taken":0,"max_hp_gain":0,"max_hp_loss":0,"event_name":"SensoryStone","floor":48,"gold_loss":0}],"is_beta":false,"boss_relics":[{"not_picked":["Replay:Drink Me","sagemod:Falmels_Amulet"],"picked":"Shade:YorickPolishedSkull"},{"not_picked":["hubris:Stopwatch","Fusion Hammer"],"picked":"hubris:HollowSoul"}],"items_purged_floors":[],"is_endless":false,"potions_floor_spawned":[1,5,14,16,24,27,28,33,37,44,47],"ascension_level":0}}