{"host":"26mrfot5w7uj2ebc","time":1608726408,"event":{"mods":["AchievementEnabler","BaseMod","Colored Map","Minty Spire (QoL Compilation)"],"gold_per_floor":[112,62,82,100,118,118,118,118,143,155,167,182,182,195,195,297,297,315,332,343,353,353,353],"floor_reached":22,"playtime":777,"items_purged":[],"score":234,"play_id":"4e8d1cea-bb8e-44ba-b5f4-397330361df5","local_time":"20201223212648","is_ascension_mode":false,"campfire_choices":[{"data":"Eruption","floor":6.0,"key":"SMITH"},{"data":"WreathOfFlame","floor":8.0,"key":"SMITH"},{"floor":15.0,"key":"REST"}],"circlet_count":0,"master_deck":["Strike_P","Strike_P","Strike_P","Strike_P+1","Defend_P","Defend_P+1","Defend_P","Eruption+1","Vigilance","EmptyFist","FollowUp","WreathOfFlame+1","Indignation","Evaluate","FlyingSleeves","Consecrate","Swivel","Wish","SashWhip","FlurryOfBlows","BattleHymn+1","FlurryOfBlows"],"relics":["PureWater","NeowsBlessing","Vajra","VioletLotus"],"acts_visited":["Exordium","TheCity"],"potions_floor_usage":[21,22],"damage_taken":[{"damage":0.0,"enemies":"Small Slimes","floor":1.0,"turns":1.0},{"damage":0.0,"enemies":"2 Louse","floor":3.0,"turns":1.0},{"damage":0.0,"enemies":"Cultist","floor":4.0,"turns":1.0},{"damage":12.0,"enemies":"Exordium Thugs","floor":5.0,"turns":6.0},{"damage":0.0,"enemies":"3 Louse","floor":10.0,"turns":3.0},{"damage":10.0,"enemies":"Looter","floor":11.0,"turns":3.0},{"damage":8.0,"enemies":"Gremlin Gang","floor":12.0,"turns":3.0},{"damage":0.0,"enemies":"Exordium Thugs","floor":14.0,"turns":3.0},{"damage":0.0,"enemies":"Slime Boss","floor":16.0,"turns":5.0},{"damage":0,"enemies":"Spheric Guardian","floor":18,"turns":3},{"damage":27,"enemies":"2 Thieves","floor":19,"turns":3},{"damage":9,"enemies":"Snake Plant","floor":20,"turns":4},{"damage":21,"enemies":"Centurion and Healer","floor":21,"turns":4},{"damage":27,"enemies":"Chosen and Byrds","floor":22,"turns":4}],"seed_played":"7008683511253556038","potions_obtained":[{"floor":4.0,"key":"BlessingOfTheForge"},{"floor":5.0,"key":"SkillPotion"},{"floor":12.0,"key":"EssenceOfSteel"},{"floor":20,"key":"ColorlessPotion"},{"floor":21,"key":"EssenceOfSteel"}],"is_trial":false,"path_per_floor":["M","?","M","M","M","R","?","R","T","M","M","M","?","M","R","B",null,"M","M","M","M","M"],"character_chosen":"WATCHER","items_purchased":[],"campfire_rested":1,"item_purchase_floors":[],"current_hp_per_floor":[72,72,72,72,60,60,46,46,46,46,36,28,28,28,49,49,72,72,45,36,15,0,0],"gold":353,"neow_bonus":"THREE_ENEMY_KILL","is_daily":false,"chose_seed":false,"campfire_upgraded":2,"win_rate":0.0,"timestamp":1608726408,"path_taken":["M","?","M","M","M","R","?","R","T","M","M","M","?","M","R","BOSS","M","M","M","M","M"],"items_purchased_type":[],"build_version":"2020-12-22","purchased_purges":0,"victory":false,"max_hp_per_floor":[72,72,72,72,72,72,72,72,72,72,72,72,72,72,72,72,72,72,72,72,72,72,72],"card_choices":[{"not_picked":["Crescendo","InnerPeace"],"picked":"EmptyFist","floor":1.0},{"not_picked":["Crescendo","EmptyFist"],"picked":"FollowUp","floor":3.0},{"not_picked":["Prostrate","CrushJoints"],"picked":"WreathOfFlame","floor":4.0},{"not_picked":["CutThroughFate","CrushJoints"],"picked":"Indignation","floor":5.0},{"not_picked":["CrushJoints","Protect"],"picked":"Evaluate","floor":10.0},{"not_picked":["PathToVictory","Tantrum"],"picked":"FlyingSleeves","floor":11.0},{"not_picked":["CrushJoints","Halt"],"picked":"Consecrate","floor":12.0},{"not_picked":["JustLucky","Weave"],"picked":"Swivel","floor":14.0},{"not_picked":["ConjureBlade","Judgement"],"picked":"Wish","floor":16.0},{"not_picked":["Nirvana","EmptyFist"],"picked":"SashWhip","floor":18},{"not_picked":["Pray","Wireheading"],"picked":"FlurryOfBlows","floor":19},{"not_picked":["Sanctity","FlyingSleeves"],"picked":"BattleHymn+1","floor":20},{"not_picked":["Collect","Nirvana+1"],"picked":"FlurryOfBlows","floor":21}],"player_experience":201944,"relics_obtained":[{"floor":9.0,"key":"Vajra"}],"event_choices":[{"cards_removed":["Defend_P"],"damage_healed":0.0,"max_hp_gain":0.0,"max_hp_loss":0.0,"gold_gain":0.0,"event_name":"The Cleric","player_choice":"Card Removal","floor":2.0,"gold_loss":50.0,"damage_taken":0.0},{"damage_healed":0.0,"max_hp_gain":0.0,"max_hp_loss":0.0,"gold_gain":0.0,"event_name":"Shining Light","player_choice":"Entered Light","floor":7.0,"gold_loss":0.0,"damage_taken":14.0,"cards_upgraded":["Defend_P","Strike_P"]},{"cards_removed":["Omniscience"],"damage_healed":0.0,"max_hp_gain":0.0,"max_hp_loss":0.0,"gold_gain":0.0,"event_name":"NoteForYourself","player_choice":"Took Card","floor":13.0,"gold_loss":0.0,"damage_taken":0.0,"cards_obtained":["Omniscience"]}],"is_beta":false,"boss_relics":[{"not_picked":["Pandora\u0027s Box","Sozu"],"picked":"VioletLotus"}],"items_purged_floors":[],"is_endless":false,"potions_floor_spawned":[4,5,12,20,21],"killed_by":"Chosen and Byrds","ascension_level":0}}