{"host":"yuhy0i501zzmn1iz","time":1608703085,"event":{"mods":["AchievementEnabler","AlwaysNeverKeys","BaseMod","Bestiary","Better Match","Better Third Choice","Curses Come First","Downfall","Minty Spire (QoL Compilation)","StSLib","The Blue Laboratory","slay the spire mod where everything is the same but ironclad has a cowboy hat"],"gold_per_floor":[116,132,132,132,147,147,180,180,180,205,205,205,233,268,268,396,396,416,81,81,74,93,133,178,178,246,105,145,145,73,105,105,240,267,299,299,308,380,111,158,158,202,202,254,272,305,141,215,215,215,215,215,90,139,139,139],"floor_reached":55,"playtime":4926,"items_purged":["Rupture+1","Strike_R","Bash"],"score":935,"play_id":"2bfe6609-a904-4471-855d-b95627ecc1fe","local_time":"20201223005805","is_ascension_mode":true,"campfire_choices":[{"data":"Seeing Red","floor":6.0,"key":"SMITH"},{"floor":8.0,"key":"REST"},{"floor":11.0,"key":"REST"},{"data":"Metallicize","floor":15.0,"key":"SMITH"},{"floor":25.0,"key":"REST"},{"floor":29.0,"key":"REST"},{"floor":32.0,"key":"REST"},{"floor":41,"key":"REST"},{"data":"Feed","floor":49,"key":"SMITH"},{"data":"Madness","floor":52,"key":"SMITH"}],"circlet_count":0,"master_deck":["Strike_R","Strike_R","Strike_R","Defend_R","Defend_R","Defend_R","Defend_R","Seeing Red+1","Headbutt","Headbutt","Pommel Strike","Power Through","Apotheosis+1","Metallicize+1","Barricade+1","Clash+1","Body Slam","Battle Trance+1","Fire Breathing","Rage","Spot Weakness","Impervious","Feed+1","Rage","Power Through+1","Impervious","Barricade+1","Offering+1","Metallicize","Secret Technique","Dropkick","Warcry","expansioncontent:Collect","Clash+1","Berserk","Barricade","Madness+1","Madness","Rampage","Sentinel+1","Spot Weakness","Shockwave"],"relics":["Burning Blood","NeowsBlessing","Golden Idol","StrikeDummy","White Beast Statue","Odd Mushroom","Akabeko","Black Star","WingedGreaves","Juzu Bracelet","CeramicFish","Champion Belt","Bag of Marbles","Bottled Lightning","Red Mask","Astrolabe","Bird Faced Urn","MealTicket","Prayer Wheel","Anchor","Dead Branch","Pantograph","Ancient Tea Set","Art of War","Bottled Flame","InkBottle","Ornamental Fan"],"acts_visited":["Exordium","TheCity","TheBeyond","TheEnding"],"potions_floor_usage":[33,38,40,54,54,55,55,55],"damage_taken":[{"damage":0.0,"enemies":"Cultist","floor":1.0,"turns":1.0},{"damage":0.0,"enemies":"2 Louse","floor":2.0,"turns":1.0},{"damage":0.0,"enemies":"Jaw Worm","floor":5.0,"turns":1.0},{"damage":46.0,"enemies":"3 Sentries","floor":7.0,"turns":9.0},{"damage":4.0,"enemies":"2 Fungi Beasts","floor":10.0,"turns":3.0},{"damage":0.0,"enemies":"The Mushroom Lair","floor":13.0,"turns":4.0},{"damage":12.0,"enemies":"Lagavulin","floor":14.0,"turns":6.0},{"damage":12.0,"enemies":"The Guardian","floor":16.0,"turns":8.0},{"damage":2.0,"enemies":"Chosen","floor":18.0,"turns":3.0},{"damage":12.0,"enemies":"2 Thieves","floor":21.0,"turns":4.0},{"damage":19.0,"enemies":"Snake Plant","floor":22.0,"turns":5.0},{"damage":15.0,"enemies":"Gremlin Leader","floor":23.0,"turns":7.0},{"damage":36.0,"enemies":"Book of Stabbing","floor":24.0,"turns":8.0},{"damage":21.0,"enemies":"Masked Bandits","floor":28.0,"turns":6.0},{"damage":34.0,"enemies":"Centurion and Healer","floor":31.0,"turns":6.0},{"damage":50,"enemies":"Automaton","floor":33,"turns":11},{"damage":0,"enemies":"3 Shapes","floor":35,"turns":4},{"damage":18,"enemies":"2 Orb Walkers","floor":38,"turns":9},{"damage":20,"enemies":"Nemesis","floor":40,"turns":11},{"damage":23,"enemies":"Reptomancer","floor":42,"turns":10},{"damage":6,"enemies":"Nemesis","floor":44,"turns":1},{"damage":8,"enemies":"3 Darklings","floor":46,"turns":3},{"damage":7,"enemies":"Time Eater","floor":50,"turns":14},{"damage":72,"enemies":"Shield and Spear","floor":54,"turns":6},{"damage":87,"enemies":"The Heart","floor":55,"turns":9}],"seed_played":"6060150154718729579","potions_obtained":[{"floor":2.0,"key":"FearPotion"},{"floor":10.0,"key":"Block Potion"},{"floor":13.0,"key":"SmokeBomb"},{"floor":14.0,"key":"blueLaboratory:LouseDecoction"},{"floor":16.0,"key":"SpeedPotion"},{"floor":18.0,"key":"blueLaboratory:ImpenetrablePotion"},{"floor":22.0,"key":"blueLaboratory:HorrorPotion"},{"floor":23.0,"key":"blueLaboratory:AbyssPotion"},{"floor":24.0,"key":"blueLaboratory:PhilterOfMotion"},{"floor":31.0,"key":"blueLaboratory:EmptyBottle"},{"floor":33,"key":"blueLaboratory:FruitPunch"},{"floor":35,"key":"blueLaboratory:Moonshine"},{"floor":38,"key":"ColorlessPotion"},{"floor":40,"key":"AttackPotion"},{"floor":42,"key":"blueLaboratory:HorrorPotion"},{"floor":44,"key":"Slimebound:ThreeZeroPotion"},{"floor":46,"key":"blueLaboratory:BottleOfVodka"},{"floor":54,"key":"blueLaboratory:TrueEctoplasm"}],"is_trial":false,"path_per_floor":["M","M","?","?","M","R","E","R","T","M","R","?","?","E","R","B",null,"M","$","?","M","M","E","E","R","T","$","?","R","$","M","R","B",null,"M","?","?","?","$","E","R","E","T","E","?","M","$","T","R","B",null,"R","$","E","B"],"character_chosen":"IRONCLAD","items_purchased":["WingedGreaves","Body Slam","Impervious","Rage","Warcry","expansioncontent:Collect","Regen Potion","Spot Weakness"],"campfire_rested":6,"item_purchase_floors":[19,19,27,30,39,39,39,47],"current_hp_per_floor":[80,80,60,53,59,59,19,43,43,45,69,69,75,69,69,63,80,80,80,80,74,61,52,22,46,46,46,31,55,55,31,56,12,84,84,84,84,74,74,72,86,77,77,77,66,70,85,85,85,86,86,86,86,42,0,0],"gold":139,"neow_bonus":"THREE_ENEMY_KILL","is_daily":false,"chose_seed":false,"campfire_upgraded":4,"win_rate":0.0,"timestamp":1608703085,"path_taken":["M","?","?","?","M","R","E","R","T","M","R","?","?","E","R","BOSS","M","$","?","M","?","E","E","R","T","$","?","R","$","M","R","BOSS","M","?","?","?","$","E","R","E","T","E","?","M","?","?","R","BOSS","R","$","E","BOSS"],"items_purchased_type":["Relic","Card","Card","Card","Card","Card","Potion","Card"],"build_version":"2020-12-22","purchased_purges":3,"victory":false,"max_hp_per_floor":[80,80,80,80,80,80,80,80,80,80,80,80,80,80,80,80,80,80,80,80,80,80,80,80,80,80,80,80,80,80,84,84,84,84,84,84,84,86,86,86,86,86,86,86,86,86,86,86,86,86,86,86,86,86,86,86],"card_choices":[{"not_picked":["Twin Strike","Sentinel"],"picked":"Shrug It Off","floor":1.0},{"not_picked":["Searing Blow","Thunderclap"],"picked":"Seeing Red","floor":2.0},{"not_picked":["Thunderclap","Perfected Strike"],"picked":"Heavy Blade","floor":5.0},{"not_picked":["Seeing Red","Havoc"],"picked":"Headbutt","floor":7.0},{"not_picked":["Warcry","Cleave"],"picked":"Headbutt","floor":8.0},{"not_picked":["Warcry","Clothesline"],"picked":"Pommel Strike","floor":10.0},{"not_picked":["Searing Blow","Shockwave"],"picked":"Power Through","floor":11.0},{"not_picked":["Headbutt","Inflame"],"picked":"Reckless Charge","floor":13.0},{"not_picked":["Pommel Strike","Power Through"],"picked":"Metallicize","floor":14.0},{"not_picked":["Feed","Corruption"],"picked":"Barricade","floor":16.0},{"not_picked":["Havoc+1","True Grit"],"picked":"Clash+1","floor":18.0},{"not_picked":["Sword Boomerang+1","Thunderclap"],"picked":"Battle Trance+1","floor":21.0},{"not_picked":["Reckless Charge","Twin Strike"],"picked":"Fire Breathing","floor":22.0},{"not_picked":["Wild Strike","Warcry+1"],"picked":"Rage","floor":23.0},{"not_picked":["Heavy Blade+1","Cleave"],"picked":"Spot Weakness","floor":24.0},{"not_picked":["Sentinel","Heavy Blade"],"picked":"Feed","floor":28.0},{"not_picked":["Infernal Blade","Rampage+1"],"picked":"Power Through+1","floor":31.0},{"not_picked":["Immolate","Feed"],"picked":"Impervious","floor":33},{"not_picked":["Havoc","Searing Blow+1"],"picked":"Metallicize","floor":35},{"not_picked":["expansioncontent:DecasProtection","Mind Blast"],"picked":"Secret Technique","floor":37},{"not_picked":["Dark Embrace","Combust+1"],"picked":"Dropkick","floor":38},{"not_picked":["Thunderclap+1","Warcry"],"picked":"Clash+1","floor":40},{"not_picked":["Heavy Blade","Feel No Pain"],"picked":"Berserk","floor":42},{"not_picked":["Rage+1","Reckless Charge+1"],"picked":"Barricade","floor":44},{"not_picked":["Wild Strike+1","Sever Soul+1"],"picked":"Rampage","floor":46},{"not_picked":["Body Slam+1","Armaments+1"],"picked":"Sentinel+1","floor":46},{"not_picked":["Dual Wield+1","Sword Boomerang+1"],"picked":"Shockwave","floor":54}],"player_experience":229661,"relics_obtained":[{"floor":7.0,"key":"Dream Catcher"},{"floor":9.0,"key":"White Beast Statue"},{"floor":13.0,"key":"Odd Mushroom"},{"floor":14.0,"key":"Akabeko"},{"floor":23.0,"key":"Juzu Bracelet"},{"floor":23.0,"key":"CeramicFish"},{"floor":24.0,"key":"Champion Belt"},{"floor":24.0,"key":"Bag of Marbles"},{"floor":26.0,"key":"Bottled Lightning"},{"floor":28.0,"key":"Red Mask"},{"floor":38,"key":"Bird Faced Urn"},{"floor":40,"key":"MealTicket"},{"floor":40,"key":"Prayer Wheel"},{"floor":42,"key":"Anchor"},{"floor":42,"key":"Dead Branch"},{"floor":43,"key":"Pantograph"},{"floor":44,"key":"Ancient Tea Set"},{"floor":44,"key":"Art of War"},{"floor":48,"key":"Bottled Flame"},{"floor":54,"key":"InkBottle"},{"floor":54,"key":"Ornamental Fan"}],"event_choices":[{"damage_healed":0.0,"max_hp_gain":0.0,"max_hp_loss":0.0,"gold_gain":0.0,"event_name":"Golden Idol","player_choice":"Take Damage","floor":3.0,"gold_loss":0.0,"damage_taken":20.0,"relics_obtained":["Golden Idol"]},{"damage_healed":0.0,"max_hp_gain":0.0,"max_hp_loss":0.0,"gold_gain":0.0,"event_name":"betterThird:BetterScrap","player_choice":"Relic ","floor":4.0,"gold_loss":0.0,"damage_taken":7.0,"cards_obtained":["Rainbow"]},{"damage_healed":69.0,"max_hp_gain":0.0,"max_hp_loss":80.0,"gold_gain":0.0,"event_name":"betterThird:BetterShining","player_choice":"Protect","floor":12.0,"gold_loss":1.0,"damage_taken":0.0},{"damage_healed":0.0,"max_hp_gain":0.0,"max_hp_loss":0.0,"gold_gain":0.0,"event_name":"Mushrooms","player_choice":"Fought Mushrooms","floor":13.0,"gold_loss":0.0,"damage_taken":0.0},{"damage_healed":0.0,"max_hp_gain":0.0,"max_hp_loss":0.0,"gold_gain":0.0,"event_name":"Upgrade Shrine","player_choice":"Upgraded","floor":20.0,"gold_loss":0.0,"damage_taken":0.0,"cards_upgraded":["Barricade"]},{"damage_healed":0.0,"max_hp_gain":0.0,"max_hp_loss":0.0,"gold_gain":0.0,"event_name":"Masked Bandits","player_choice":"Fought Bandits","floor":28.0,"gold_loss":0.0,"damage_taken":0.0},{"cards_removed":["Shrug It Off"],"damage_healed":0,"gold_gain":0,"player_choice":"Removed Skill","damage_taken":0,"max_hp_gain":0,"max_hp_loss":0,"event_name":"Falling","floor":36,"gold_loss":0},{"damage_healed":0,"gold_gain":0,"player_choice":"Memory 1","damage_taken":0,"max_hp_gain":0,"max_hp_loss":0,"event_name":"SensoryStone","floor":37,"gold_loss":0},{"damage_healed":0,"gold_gain":0,"player_choice":"Fight","damage_taken":0,"max_hp_gain":0,"max_hp_loss":0,"event_name":"Mysterious Sphere","floor":38,"gold_loss":0},{"damage_healed":0,"gold_gain":0,"player_choice":"Embrace Madness","damage_taken":11,"max_hp_gain":0,"max_hp_loss":0,"event_name":"Winding Halls","floor":45,"gold_loss":0,"cards_obtained":["Madness","Madness"]}],"is_beta":false,"boss_relics":[{"not_picked":["Sozu","Calling Bell"],"picked":"Black Star"},{"not_picked":["Runic Pyramid","Busted Crown"],"picked":"Astrolabe"}],"items_purged_floors":[39,47,53],"is_endless":false,"potions_floor_spawned":[2,10,13,14,16,18,21,22,23,24,28,31,33,35,38,40,42,44,46,54],"killed_by":"The Heart","ascension_level":1}}