{"host":"jkgg7n5hn1slsm35","time":1608721382,"event":{"mods":["Aspiration","BaseMod","BetterRewards","Conspire","Googly Eyes","Gremlin Skip","Halation","Highlight Path","Hubris","Infinite Spire","Minty Spire (QoL Compilation)","Permanent Neow","StSLib","SuperFastMode","vexMod"],"gold_per_floor":[116,130,130,130,146,146,164,164,164,9,25,43,43,54,54,159,209,220,232,232,44,44,44,64,64,138,138,155,180,192,212,212,309,309,319,319,329,345,358,358,358,358,385,97,129,155,155,155,155,257,257,263,5,11,11,11,11,10,10,36,36,36,36,29,33,33,104,104,99,103,106,106,94,94,111,111,411,411,411,426,420,71,71,136,136,143,43,43,43,43,43,66,66,66,87,91,139,166,189,189,258,258,261,261,261,281,137,161,161,161,185,185,185,185,185,187,187,272,272,285,294,294,344,344,344,344,188,215,215,215,241,241,240,240,327,327,334,334,334,334,334,334,303,303,303,328,329,229,278,266,266,270,270,270,270,277,346],"floor_reached":158,"playtime":8183,"items_purged":["Strike_R","Strike_R","Strike_R","Strike_R","Parasite"],"score":4259,"play_id":"f28a27dc-5b5b-4fdf-bbd1-4a1694e3b66e","local_time":"20201223120302","is_ascension_mode":false,"campfire_choices":[{"data":"Body Slam","floor":6.0,"key":"SMITH"},{"data":"Body Slam","floor":8.0,"key":"SMITH"},{"data":"Iron Wave","floor":13.0,"key":"SMITH"},{"data":"Flex","floor":15.0,"key":"SMITH"},{"data":"Limit Break","floor":23.0,"key":"SMITH"},{"data":"conspire:Banana","floor":27.0,"key":"SMITH"},{"floor":32.0,"key":"REST"},{"data":"Rage","floor":40.0,"key":"SMITH"},{"data":"Iron Wave","floor":42.0,"key":"SMITH"},{"floor":49.0,"key":"REST"},{"data":"Metallicize","floor":57.0,"key":"SMITH"},{"data":"Master of Strategy","floor":59.0,"key":"SMITH"},{"data":"Iron Wave","floor":63.0,"key":"SMITH"},{"data":"Body Slam","floor":66.0,"key":"SMITH"},{"data":"Entrench","floor":74.0,"key":"SMITH"},{"data":"Gash","floor":79.0,"key":"SMITH"},{"data":"conspire:Banana","floor":83.0,"key":"SMITH"},{"data":"conspire:SpireCoStock","floor":91.0,"key":"SMITH"},{"data":"conspire:Banana+1","floor":93.0,"key":"SMITH"},{"data":"infinitespire:Punishment","floor":100.0,"key":"SMITH"},{"data":"conspire:Banana+2","floor":110.0,"key":"SMITH"},{"data":"conspire:Banana+2","floor":112.0,"key":"SMITH"},{"data":"conspire:Banana+3","floor":115.0,"key":"SMITH"},{"data":"conspire:Banana+3","floor":117.0,"key":"SMITH"},{"data":"Body Slam","floor":125,"key":"SMITH"},{"data":"Metallicize","floor":129,"key":"SMITH"},{"data":"conspire:Banana+4","floor":132,"key":"SMITH"},{"data":"conspire:Banana+4","floor":134,"key":"SMITH"},{"data":"conspire:Banana+5","floor":142,"key":"SMITH"},{"data":"conspire:Banana+6","floor":144,"key":"SMITH"},{"data":"conspire:Banana+7","floor":151,"key":"SMITH"},{"data":"Echo Form","floor":154,"key":"SMITH"}],"circlet_count":0,"master_deck":["Defend_R","Defend_R","Defend_R","Defend_R","Bash","Body Slam+1","Flex+1","Body Slam+1","Shrug It Off","Rage+1","Iron Wave+1","Limit Break+1","conspire:Banana+6","Flame Barrier","Flex+1","Rage+1","Impervious","Iron Wave+1","Shrug It Off+1","Barricade+1","Body Slam+1","Shrug It Off","Iron Wave","Shrug It Off","Body Slam+1","Master of Strategy+1","Metallicize+1","Iron Wave+1","Body Slam+1","Iron Wave","Entrench+1","Gash+1","conspire:Banana+8","conspire:SpireCoStock+1","infinitespire:Punishment+1","Iron Wave+1","Body Slam+1","Metallicize+1","Body Slam+1","Metallicize+1","Shrug It Off+1","Good Instincts","Echo Form+1","Stack","Gash","Juggernaut"],"relics":["Black Blood","infinitespire:WardingShard","Tiny House","halation:EternalFortune","Self Forming Clay","Sundial","vexMod:MemoryStick","conspire:RunicOctahedron","InkBottle","hubris:Backtick","halation:LettersToHer","vexMod:BarristanHead","hubris:CuriousFeather","CaptainsWheel","conspire:SpecialSausage","hubris:OldNail","infinitespire:Cupcake","Ancient Tea Set","conspire:InfiniteJournal","hubris:Icosahedron","Old Coin","Question Card","infinitespire:ShieldingShard","aspiration:WatcherSkillbook","Juzu Bracelet","infinitespire:Lychee Nut","halation:SwordOfLegend","Odd Mushroom","Oddly Smooth Stone","hubris:SlimyHat","hubris:Towel","Happy Flower","PrismaticShard","Letter Opener","infinitespire:PuzzleCube","hubris:TenFootPole","Blood Vial","Kunai","Pen Nib","Strawberry","halation:PromiseList","vexMod:TanglingVine","Bottled Tornado"],"acts_visited":["Exordium","TheCity","TheBeyond","Exordium","TheCity","TheBeyond","Exordium","TheCity","TheBeyond","TheEnding"],"potions_floor_usage":[152],"damage_taken":[{"damage":11.0,"enemies":"2 Louse","floor":1.0,"turns":4.0},{"damage":3.0,"enemies":"Small Slimes","floor":2.0,"turns":3.0},{"damage":5.0,"enemies":"Cultist","floor":5.0,"turns":4.0},{"damage":9.0,"enemies":"Blue Slaver","floor":7.0,"turns":3.0},{"damage":0.0,"enemies":"conspire:2 RoseBushes","floor":11.0,"turns":5.0},{"damage":0.0,"enemies":"Exordium Thugs","floor":12.0,"turns":4.0},{"damage":0.0,"enemies":"Large Slime","floor":14.0,"turns":5.0},{"damage":10.0,"enemies":"Slime Boss","floor":16.0,"turns":11.0},{"damage":7.0,"enemies":"conspire:FuzzyDice","floor":18.0,"turns":8.0},{"damage":16.0,"enemies":"Shell Parasite","floor":19.0,"turns":6.0},{"damage":35.0,"enemies":"Sentry and Sphere","floor":24.0,"turns":9.0},{"damage":11.0,"enemies":"Snake Plant","floor":28.0,"turns":5.0},{"damage":11.0,"enemies":"Book of Stabbing","floor":29.0,"turns":6.0},{"damage":19.0,"enemies":"conspire:HollyBat","floor":30.0,"turns":6.0},{"damage":40.0,"enemies":"Snecko","floor":31.0,"turns":10.0},{"damage":41.0,"enemies":"Automaton","floor":33.0,"turns":11.0},{"damage":0.0,"enemies":"Orb Walker","floor":35.0,"turns":3.0},{"damage":0.0,"enemies":"3 Shapes","floor":37.0,"turns":7.0},{"damage":12.0,"enemies":"Maw","floor":38.0,"turns":8.0},{"damage":4.0,"enemies":"Writhing Mass","floor":39.0,"turns":7.0},{"damage":81.0,"enemies":"Nightmare","floor":45.0,"turns":12.0},{"damage":0.0,"enemies":"conspire:MimicChest","floor":46.0,"turns":3.0},{"damage":8.0,"enemies":"Donu and Deca","floor":50.0,"turns":9.0},{"damage":0.0,"enemies":"2 Louse","floor":52.0,"turns":1.0},{"damage":0.0,"enemies":"Cultist","floor":54.0,"turns":2.0},{"damage":8.0,"enemies":"Jaw Worm","floor":58.0,"turns":2.0},{"damage":0.0,"enemies":"Exordium Thugs","floor":64.0,"turns":4.0},{"damage":0.0,"enemies":"2 Fungi Beasts","floor":65.0,"turns":2.0},{"damage":98.0,"enemies":"Hexaghost","floor":67.0,"turns":5.0},{"damage":0.0,"enemies":"3 Byrds","floor":69.0,"turns":3.0},{"damage":0.0,"enemies":"Shell Parasite","floor":70.0,"turns":1.0},{"damage":0.0,"enemies":"Sentry and Sphere","floor":71.0,"turns":2.0},{"damage":0.0,"enemies":"Shelled Parasite and Fungi","floor":73.0,"turns":3.0},{"damage":0.0,"enemies":"Book of Stabbing","floor":75.0,"turns":1.0},{"damage":0.0,"enemies":"Slavers","floor":80.0,"turns":2.0},{"damage":0.0,"enemies":"Centurion and Healer","floor":81.0,"turns":2.0},{"damage":0.0,"enemies":"Automaton","floor":84.0,"turns":3.0},{"damage":0.0,"enemies":"Orb Walker","floor":86.0,"turns":2.0},{"damage":0.0,"enemies":"Nemesis","floor":92.0,"turns":5.0},{"damage":0.0,"enemies":"3 Shapes","floor":95.0,"turns":3.0},{"damage":35.0,"enemies":"3 Darklings","floor":96.0,"turns":5.0},{"damage":0.0,"enemies":"Spire Growth","floor":97.0,"turns":3.0},{"damage":0.0,"enemies":"Giant Head","floor":98.0,"turns":5.0},{"damage":1.0,"enemies":"Maw","floor":99.0,"turns":4.0},{"damage":75.0,"enemies":"Time Eater","floor":101.0,"turns":9.0},{"damage":0.0,"enemies":"Small Slimes","floor":103.0,"turns":1.0},{"damage":0.0,"enemies":"The Mushroom Lair","floor":106.0,"turns":2.0},{"damage":0.0,"enemies":"Gremlin Nob","floor":108.0,"turns":2.0},{"damage":0.0,"enemies":"Cultist","floor":116.0,"turns":1.0},{"damage":0,"enemies":"Hexaghost","floor":118,"turns":2},{"damage":18,"enemies":"3 Byrds","floor":120,"turns":3},{"damage":0,"enemies":"Shell Parasite","floor":121,"turns":1},{"damage":0,"enemies":"Gremlin Leader","floor":131,"turns":1},{"damage":0,"enemies":"Snake Plant","floor":133,"turns":1},{"damage":0,"enemies":"hubris:MusketHawk","floor":135,"turns":3},{"damage":0,"enemies":"3 Darklings","floor":137,"turns":3},{"damage":0,"enemies":"Orb Walker","floor":138,"turns":2},{"damage":0,"enemies":"Transient","floor":143,"turns":5},{"damage":0,"enemies":"Sphere and 2 Shapes","floor":146,"turns":2},{"damage":43,"enemies":"Reptomancer","floor":147,"turns":5},{"damage":0,"enemies":"4 Shapes","floor":150,"turns":2},{"damage":189,"enemies":"infinitespire:LordOfFortification","floor":152,"turns":13},{"damage":49,"enemies":"Shield and Spear","floor":156,"turns":3},{"damage":0,"enemies":"The Heart","floor":157,"turns":6}],"seed_played":"8874018948538053188","potions_obtained":[{"floor":1.0,"key":"Dexterity Potion"},{"floor":2.0,"key":"GamblersBrew"},{"floor":4.0,"key":"Explosive Potion"},{"floor":17.0,"key":"Weak Potion"},{"floor":24.0,"key":"Block Potion"},{"floor":30.0,"key":"EntropicBrew"},{"floor":37.0,"key":"ElixirPotion"},{"floor":38.0,"key":"LiquidBronze"},{"floor":46.0,"key":"SteroidPotion"},{"floor":52.0,"key":"BloodPotion"},{"floor":73.0,"key":"Strength Potion"},{"floor":120,"key":"Strength Potion"},{"floor":152,"key":"Strength Potion"}],"is_trial":false,"path_per_floor":["M","M","?","?","M","R","M","R","T","$","M","M","R","M","R","B",null,"M","M","?","$","?","R","M","T","T","R","M","E","M","M","R","B",null,"M","AVR","M","M","M","R","?","R","T","$","NM","?","?","?","R","B",null,"M","$","M","?","?","R","M","R","T","?","?","R","M","M","R","B",null,"M","M","M","AVR","M","R","E","?","T","?","R","E","M","$","R","B",null,"M","?","?","?","NS","R","E","R","T","M","M","M","E","M","R","B",null,"M","?","?","?","$","E","?","R","T","R","?","$","R","M","R","B",null,"M","M","?","?","?","R","T","$","T","R","?","E","R","M","R","B",null,"M","M","?","?","?","R","M","R","T","M","E","NS","T","M","R","B",null,"R","$","E","B",null],"character_chosen":"IRONCLAD","items_purchased":["Rage","conspire:Banana","Barricade","Shrug It Off","Body Slam","Master of Strategy","infinitespire:ShieldingShard","conspire:Banana","Oddly Smooth Stone","infinitespire:PuzzleCube"],"campfire_rested":2,"item_purchase_floors":[10,21,44,53,53,53,82,82,107,127],"current_hp_per_floor":[75,78,83,83,84,84,81,81,81,81,85,85,85,85,85,81,90,89,79,88,88,91,91,63,63,63,63,60,60,52,20,52,19,110,112,112,114,110,114,114,114,114,114,114,44,52,52,52,89,89,127,127,127,127,127,127,127,127,127,127,127,127,127,131,131,131,41,133,135,137,139,136,138,138,141,141,141,141,141,141,143,143,143,147,147,147,147,147,147,147,147,151,151,113,118,94,113,130,141,141,77,146,146,146,146,146,146,146,146,146,146,146,146,146,146,151,151,156,156,157,161,153,153,153,161,161,161,161,161,161,161,161,161,161,167,167,182,188,188,188,179,179,193,193,193,201,195,195,195,227,236,77,254,254,254,224,269],"gold":346,"neow_bonus":"THREE_CARDS","is_daily":false,"chose_seed":false,"campfire_upgraded":30,"win_rate":0.0,"timestamp":1608721382,"path_taken":["M","M","?","?","M","R","M","R","T","$","M","M","R","?","R","BOSS","M","M","?","$","?","R","M","?","T","R","M","E","?","M","R","BOSS","M","AVR","M","M","M","R","?","R","T","$","NM","?","?","?","R","BOSS","M","$","M","?","?","R","?","R","T","?","?","R","?","M","R","BOSS","M","M","M","AVR","M","R","E","?","T","?","R","E","M","$","R","BOSS","M","?","?","?","NS","R","E","R","T","M","M","M","E","M","R","BOSS","M","?","?","?","$","E","?","R","T","R","?","$","R","M","R","BOSS","M","M","?","?","?","R","?","?","T","R","?","E","R","M","R","BOSS","M","M","?","?","?","R","M","R","T","M","E","NS","?","M","R","BOSS","R","$","E","BOSS"],"items_purchased_type":["Card","Card","Card","Card","Card","Card","Relic","Card","Relic","Relic"],"build_version":"2020-12-22","purchased_purges":5,"victory":true,"max_hp_per_floor":[80,80,85,85,85,85,85,85,85,85,85,85,85,85,85,85,90,90,90,90,90,93,93,94,94,94,94,96,101,106,108,108,110,110,112,112,114,116,118,118,118,118,118,118,123,125,125,125,125,127,127,127,127,127,127,127,127,129,129,129,129,129,129,131,131,131,133,133,135,137,139,136,138,138,141,141,141,141,141,141,143,143,143,147,147,147,147,147,147,147,147,151,151,113,118,123,131,136,141,141,146,146,146,146,146,146,146,146,146,146,146,146,146,146,146,151,151,156,156,161,161,161,161,161,161,161,161,161,161,161,161,161,161,161,167,167,182,188,188,188,179,179,193,193,193,201,223,223,223,238,238,254,254,254,254,261,286],"card_choices":[{"not_picked":["Headbutt","Cleave"],"picked":"Body Slam","floor":0.0},{"not_picked":["Feel No Pain","Cleave"],"picked":"Flex","floor":1.0},{"not_picked":["Rage","Thunderclap"],"picked":"Body Slam","floor":2.0},{"not_picked":["Havoc","Heavy Blade","Armaments"],"picked":"SKIP","floor":5.0},{"not_picked":["Wild Strike","Dark Embrace"],"picked":"Shrug It Off","floor":7.0},{"not_picked":["Disarm","Whirlwind","Warcry"],"picked":"SKIP","floor":11.0},{"not_picked":["Infernal Blade","Perfected Strike"],"picked":"Iron Wave","floor":12.0},{"not_picked":["True Grit","Sword Boomerang","Searing Blow"],"picked":"SKIP","floor":14.0},{"not_picked":["conspire:Purge","Fiend Fire"],"picked":"Limit Break","floor":16.0},{"not_picked":["Infernal Blade","Dual Wield","conspire:Charge+1"],"picked":"SKIP","floor":18.0},{"not_picked":["Anger","infinitespire:OneForAll","Seeing Red"],"picked":"SKIP","floor":19.0},{"not_picked":["Perfected Strike","Thunderclap"],"picked":"Flame Barrier","floor":24.0},{"not_picked":["Sword Boomerang","Sever Soul"],"picked":"Flex","floor":28.0},{"not_picked":["Second Wind","Perfected Strike","Offering"],"picked":"SKIP","floor":29.0},{"not_picked":["Inflame","Havoc"],"picked":"Rage+1","floor":30.0},{"not_picked":["Wild Strike+1","Rage+1","Hemokinesis"],"picked":"SKIP","floor":31.0},{"not_picked":["Corruption","Offering"],"picked":"Impervious","floor":33.0},{"not_picked":["Evolve+1","Power Through"],"picked":"Iron Wave","floor":35.0},{"not_picked":["hubris:ReadiedAction+1","Combust+1","Heavy Blade"],"picked":"SKIP","floor":37.0},{"not_picked":["Battle Trance","Havoc"],"picked":"Shrug It Off+1","floor":38.0},{"not_picked":["Warcry","Blood for Blood+1"],"picked":"Clash+1","floor":39.0},{"not_picked":["Warcry","Havoc"],"picked":"Body Slam+1","floor":45.0},{"not_picked":["Havoc+1","Heavy Blade"],"picked":"Shrug It Off","floor":46.0},{"not_picked":["Perfected Strike","Heavy Blade"],"picked":"Iron Wave","floor":52.0},{"not_picked":["hubris:CleavingFinish","Bloodletting"],"picked":"Metallicize","floor":54.0},{"not_picked":["Perfected Strike","Pommel Strike"],"picked":"Iron Wave","floor":58.0},{"not_picked":["Twin Strike","Searing Blow"],"picked":"Body Slam","floor":64.0},{"not_picked":["Armaments","Headbutt","True Grit"],"picked":"SKIP","floor":65.0},{"not_picked":["Combust","Shockwave+1"],"picked":"Iron Wave","floor":69.0},{"not_picked":["Headbutt","Battle Trance","Twin Strike"],"picked":"SKIP","floor":70.0},{"not_picked":["Intimidate","Feel No Pain"],"picked":"Entrench","floor":71.0},{"not_picked":["Disarm+1","Warcry","Pommel Strike+1"],"picked":"SKIP","floor":73.0},{"not_picked":["Inflame","Sword Boomerang+1","Disarm"],"picked":"SKIP","floor":75.0},{"not_picked":["Anger","Limit Break","Cleave"],"picked":"SKIP","floor":80.0},{"not_picked":["Headbutt+1","Clothesline","hubris:CleavingFinish","Power Through"],"picked":"SKIP","floor":81.0},{"not_picked":["Cleave","Fasting2+1","Perfected Strike","SashWhip","Ghostly Armor"],"picked":"SKIP","floor":86.0},{"not_picked":["FlyingSleeves","CutThroughFate+1","Perfected Strike","WaveOfTheHand+1","Shockwave"],"picked":"SKIP","floor":92.0},{"not_picked":["Conclude","Armaments+1","Havoc+1","BowlingBash+1","SashWhip"],"picked":"SKIP","floor":95.0},{"not_picked":["Entrench+1","DeusExMachina","EmptyFist","Evolve","Nirvana+1"],"picked":"SKIP","floor":96.0},{"not_picked":["infinitespire:Fortify","infinitespire:FinalStrike"],"picked":"infinitespire:Punishment","floor":97.0},{"not_picked":["Crescendo","ThirdEye","JustLucky+1","Thunderclap"],"picked":"Iron Wave+1","floor":97.0},{"not_picked":["Brilliance","Warcry+1","Iron Wave","Sword Boomerang+1","Twin Strike+1"],"picked":"SKIP","floor":98.0},{"not_picked":["ForeignInfluence+1","Pray+1","Headbutt","Study+1","PathToVictory"],"picked":"SKIP","floor":99.0},{"not_picked":["Crescendo","FollowUp","True Grit","Pommel Strike","Pummel"],"picked":"SKIP","floor":103.0},{"not_picked":["Conclude","Double Tap","JustLucky","FlurryOfBlows"],"picked":"Body Slam","floor":106.0},{"not_picked":["Immolate","Anger","ClearTheMind","hubris:ReadiedAction","Pommel Strike"],"picked":"SKIP","floor":108.0},{"not_picked":["Battle Trance","Clothesline","LikeWater","Adaptation"],"picked":"Metallicize","floor":116.0},{"not_picked":["Tantrum","Spot Weakness+1","Inflame","hubris:SharpeningStone+1"],"picked":"Body Slam+1","floor":120},{"not_picked":["Sever Soul","hubris:ReadiedAction","Study","EmptyMind"],"picked":"Metallicize+1","floor":121},{"not_picked":["Recycle","Machine Learning","ClearTheMind+1","Consecrate"],"picked":"Shrug It Off+1","floor":131},{"not_picked":["Evolve","conspire:SharedLibrary","Dark Shackles+1","ClearTheMind+1"],"picked":"Good Instincts","floor":133},{"not_picked":["Venomology","hubris:EnhanceAbility","MasterReality","Sadistic Nature"],"picked":"Echo Form","floor":135},{"not_picked":["Leg Sweep+1","Bane+1","Wild Strike+1","CutThroughFate"],"picked":"Stack","floor":137},{"not_picked":["Cleave+1","Mind Blast+1","Compile Driver","Pommel Strike"],"picked":"Gash","floor":138},{"not_picked":["Coolheaded+1","Headbutt","conspire:Charge+1","True Grit+1","Self Repair+1"],"picked":"SKIP","floor":143},{"not_picked":["BattleHymn","Reckless Charge+1","Dagger Throw+1","Demon Form","CrushJoints"],"picked":"SKIP","floor":146},{"not_picked":["Doom and Gloom+1","Force Field+1","FlurryOfBlows+1","conspire:SharedLibrary","Beam Cell"],"picked":"SKIP","floor":147},{"not_picked":["WaveOfTheHand","ReachHeaven","Halt+1","infinitespire:OneForAll","Pommel Strike"],"picked":"SKIP","floor":150},{"not_picked":["Second Wind","Headbutt","BowlingBash+1","hubris:SlightOfHand","Fusion"],"picked":"SKIP","floor":156},{"not_picked":["Double Tap","Die Die Die","Brilliance","SpiritShield"],"picked":"Juggernaut","floor":157}],"player_experience":1780102,"relics_obtained":[{"floor":9.0,"key":"infinitespire:WardingShard"},{"floor":25.0,"key":"Self Forming Clay"},{"floor":26.0,"key":"Sundial"},{"floor":29.0,"key":"halation:EternalFortune"},{"floor":29.0,"key":"vexMod:MemoryStick"},{"floor":30.0,"key":"halation:EternalFortune"},{"floor":43.0,"key":"halation:LettersToHer"},{"floor":43.0,"key":"vexMod:BarristanHead"},{"floor":45.0,"key":"halation:EternalFortune"},{"floor":45.0,"key":"hubris:CuriousFeather"},{"floor":46.0,"key":"CaptainsWheel"},{"floor":60.0,"key":"halation:LettersToHer"},{"floor":60.0,"key":"hubris:OldNail"},{"floor":75.0,"key":"halation:EternalFortune"},{"floor":75.0,"key":"conspire:InfiniteJournal"},{"floor":77.0,"key":"halation:LettersToHer"},{"floor":77.0,"key":"Old Coin"},{"floor":80.0,"key":"Question Card"},{"floor":92.0,"key":"Juzu Bracelet"},{"floor":94.0,"key":"halation:LettersToHer"},{"floor":94.0,"key":"infinitespire:Lychee Nut"},{"floor":97.0,"key":"halation:EternalFortune"},{"floor":98.0,"key":"halation:SwordOfLegend"},{"floor":106.0,"key":"Odd Mushroom"},{"floor":108.0,"key":"hubris:SlimyHat"},{"floor":111.0,"key":"halation:LettersToHer"},{"floor":111.0,"key":"Happy Flower"},{"floor":122,"key":"PrismaticShard"},{"floor":126,"key":"halation:LettersToHer"},{"floor":126,"key":"Letter Opener"},{"floor":128,"key":"halation:LettersToHer"},{"floor":128,"key":"hubris:TenFootPole"},{"floor":131,"key":"Blood Vial"},{"floor":137,"key":"halation:EternalFortune"},{"floor":145,"key":"Kunai"},{"floor":145,"key":"Pen Nib"},{"floor":147,"key":"Strawberry"},{"floor":149,"key":"halation:PromiseList"},{"floor":149,"key":"halation:LettersToHer"},{"floor":156,"key":"Bottled Tornado"}],"event_choices":[{"damage_healed":0.0,"max_hp_gain":5.0,"max_hp_loss":0.0,"gold_gain":0.0,"event_name":"Big Fish","player_choice":"Donut","floor":3.0,"gold_loss":0.0,"damage_taken":0.0},{"damage_healed":0.0,"max_hp_gain":0.0,"max_hp_loss":0.0,"gold_gain":0.0,"event_name":"Lab","player_choice":"Got Potions","floor":4.0,"gold_loss":0.0,"damage_taken":0.0},{"damage_healed":0.0,"max_hp_gain":0.0,"max_hp_loss":0.0,"gold_gain":0.0,"event_name":"Upgrade Shrine","player_choice":"Upgraded","floor":56.0,"gold_loss":0.0,"damage_taken":0.0,"cards_upgraded":["Body Slam"]},{"damage_healed":0.0,"max_hp_gain":0.0,"max_hp_loss":0.0,"gold_gain":0.0,"event_name":"conspire:LoneGhost","player_choice":"Disagree","floor":61.0,"gold_loss":0.0,"damage_taken":0.0},{"damage_healed":0.0,"max_hp_gain":0.0,"max_hp_loss":0.0,"gold_gain":0.0,"event_name":"The Library","player_choice":"Read","floor":78.0,"gold_loss":0.0,"damage_taken":0.0,"cards_obtained":["Gash"]},{"damage_healed":0.0,"max_hp_gain":0.0,"max_hp_loss":0.0,"gold_gain":0.0,"event_name":"conspire:Investor","player_choice":"Invest 2","floor":87.0,"gold_loss":0.0,"damage_taken":0.0},{"damage_healed":0.0,"max_hp_gain":0.0,"max_hp_loss":0.0,"gold_gain":0.0,"event_name":"Living Wall","player_choice":"Grow","floor":104.0,"gold_loss":0.0,"damage_taken":0.0,"cards_upgraded":["conspire:Banana"]},{"damage_healed":0.0,"max_hp_gain":0.0,"max_hp_loss":0.0,"gold_gain":0.0,"event_name":"Mushrooms","player_choice":"Fought Mushrooms","floor":106.0,"gold_loss":0.0,"damage_taken":0.0},{"damage_healed":0.0,"max_hp_gain":0.0,"max_hp_loss":0.0,"gold_gain":0.0,"event_name":"The Cleric","player_choice":"Leave","floor":113.0,"gold_loss":0.0,"damage_taken":0.0},{"damage_healed":0,"gold_gain":100,"player_choice":"Bet on Murderer","damage_taken":0,"max_hp_gain":0,"max_hp_loss":0,"event_name":"The Joust","floor":123,"gold_loss":50},{"damage_healed":0,"gold_gain":0,"player_choice":"Ignored","damage_taken":0,"max_hp_gain":0,"max_hp_loss":0,"event_name":"The Mausoleum","floor":124,"gold_loss":0},{"damage_healed":0,"gold_gain":0,"player_choice":"Ignored","damage_taken":0,"max_hp_gain":0,"max_hp_loss":0,"event_name":"Ghosts","floor":130,"gold_loss":0},{"cards_removed":["conspire:SpireCoStock"],"damage_healed":0,"gold_gain":0,"player_choice":"Removed Skill","damage_taken":0,"max_hp_gain":0,"max_hp_loss":0,"event_name":"Falling","floor":139,"gold_loss":0},{"damage_healed":0,"gold_gain":0,"player_choice":"Forge","damage_taken":0,"max_hp_gain":0,"max_hp_loss":0,"event_name":"Accursed Blacksmith","floor":140,"gold_loss":0,"cards_upgraded":["conspire:Banana"]},{"damage_healed":0,"gold_gain":0,"player_choice":"Max HP","damage_taken":0,"max_hp_gain":0,"max_hp_loss":9,"event_name":"Winding Halls","floor":141,"gold_loss":0}],"is_beta":false,"boss_relics":[{"not_picked":["conspire:SlowCooker","Philosopher\u0027s Stone"],"picked":"Tiny House"},{"not_picked":["Mark of Pain","Runic Dome"],"picked":"conspire:RunicOctahedron"},{"not_picked":["halation:SmartPhone","hubris:VirtuousBlindfold"],"picked":"conspire:SpecialSausage"},{"not_picked":["infinitespire:Burning Sword","vexMod:CursedCompass"],"picked":"infinitespire:Cupcake"},{"not_picked":["halation:CatFaceCupcake","halation:MonkeysPaw"],"picked":"aspiration:WatcherSkillbook"},{"not_picked":["aspiration:PoetsPen_weak","Coffee Dripper"],"picked":"Black Blood"},{"not_picked":["halation:SmartPhone","Coffee Dripper","hubris:VirtuousBlindfold"]},{"not_picked":["halation:Yufonium","hubris:GrandSneckoEye","Astrolabe"]},{"not_picked":["halation:CatFaceCupcake","hubris:RunicObelisk"],"picked":"vexMod:TanglingVine"}],"items_purged_floors":[10,21,36,44,72],"is_endless":true,"potions_floor_spawned":[1,2,5,7,24,30,31,37,38,39,46,52,64,65,70,73,75,80,92,95,99,101,116,120,133,137,143,150,152,157],"ascension_level":0}}