{"host":"ju66gn9zov5ov15o","time":1608730940,"event":{"mods":["2.2 Compatiblity","Act Like it!","BaseMod","Downfall","GifTheSpireLib","Minty Spire (QoL Compilation)","Pale of the Ancients","StSLib"],"gold_per_floor":[99,113,133,145,3,3,3,23,23,56,56,56,69,85,101,206,206,131,143,143,158,178,41,41,41,61,61,61,61],"floor_reached":27,"playtime":1347,"items_purged":["sneckomod:Bewildered"],"score":242,"play_id":"3c39b768-9d2f-4029-95c2-738597182a99","local_time":"20201223144220","is_ascension_mode":false,"campfire_choices":[{"floor":1,"key":"RECALL"},{"data":"champ:HoldFirm","floor":6,"key":"SMITH"},{"data":"champ:Duel","floor":12,"key":"SMITH"},{"data":"champ:EnragedBash","floor":18,"key":"SMITH"},{"data":"champ:DeathBlow","floor":25,"key":"SMITH"}],"circlet_count":0,"master_deck":["champ:Strike","champ:Strike","champ:Strike","champ:Defend","champ:Defend","champ:Defend","champ:Defend","champ:Execute","champ:Taunt","champ:BladeFlurry","champ:FocusedGladiator","champ:Duel","champ:ArenaPreparation","champ:HoldFirm+1","champ:TornadoPunch","champ:Duel+1","champ:EnragedBash+1","Parasite","champ:IgnorePain","champ:SwordThrow","Shame","champ:FanOfKnives","champ:Backstep","champ:VampiricStrike","champ:DeathBlow+1","champ:IronFortress+1"],"relics":["champ:ChampionCrownUpgraded","Mango","White Beast Statue","Lantern","downfall:HeartBlessingRed","The Courier","PreservedInsect"],"acts_visited":["Exordium","TheCity"],"potions_floor_usage":[10,15,16,16,16,19,23,26,27,27],"damage_taken":[{"damage":11,"enemies":"2 Louse","floor":2,"turns":3},{"damage":13,"enemies":"Small Slimes","floor":3,"turns":5},{"damage":17,"enemies":"Jaw Worm","floor":4,"turns":6},{"damage":5,"enemies":"downfall:FleeingMerchant","floor":5,"turns":4},{"damage":40,"enemies":"Large Slime","floor":8,"turns":7},{"damage":35,"enemies":"Gremlin Nob","floor":10,"turns":5},{"damage":25,"enemies":"Exordium Wildlife","floor":13,"turns":6},{"damage":14,"enemies":"2 Fungi Beasts","floor":14,"turns":4},{"damage":10,"enemies":"3 Louse","floor":15,"turns":5},{"damage":68,"enemies":"downfall:Watcher","floor":16,"turns":12},{"damage":15,"enemies":"Spheric Guardian","floor":19,"turns":4},{"damage":30,"enemies":"3 Byrds","floor":21,"turns":6},{"damage":43,"enemies":"Sentry and Sphere","floor":22,"turns":7},{"damage":12,"enemies":"downfall:FleeingMerchant","floor":23,"turns":4},{"damage":42,"enemies":"Snake Plant","floor":26,"turns":4},{"damage":34,"enemies":"Shelled Parasite and Fungi","floor":27,"turns":4}],"seed_played":"-5121666978142230767","potions_obtained":[{"floor":2,"key":"Ancient Potion"},{"floor":8,"key":"LiquidMemories"},{"floor":10,"key":"Regen Potion"},{"floor":13,"key":"hexamod:EctoCoolerPotion"},{"floor":14,"key":"hexamod:EctoCoolerPotion"},{"floor":15,"key":"champ:CounterPotion"},{"floor":16,"key":"ColorlessPotion"},{"floor":19,"key":"EssenceOfSteel"},{"floor":21,"key":"LiquidBronze"},{"floor":22,"key":"CultistPotion"},{"floor":23,"key":"champ:OpenerPotion"},{"floor":26,"key":"Guardian:BlockOnCardUsePotion"}],"is_trial":false,"path_per_floor":["R","M","M","M","$","R","T","M","?","E","?","R","M","M","M","B",null,"R","M","?","M","M","$","T","R","M","M"],"character_chosen":"THE_CHAMP","items_purchased":["champ:HoldFirm","champ:TornadoPunch","champ:DeathBlow"],"campfire_rested":0,"item_purchase_floors":[5,5,23],"current_hp_per_floor":[104,98,95,83,78,78,78,65,65,47,73,73,66,66,66,75,109,109,104,104,79,56,50,50,50,34,0,0,0],"gold":61,"neow_bonus":"ONE_RARE_RELIC","is_daily":false,"chose_seed":false,"campfire_upgraded":4,"win_rate":0.0,"timestamp":1608730940,"path_taken":["R","M","M","M","$","R","T","M","?","E","?","R","?","M","M","BOSS","R","M","?","M","M","$","T","R","M","M"],"items_purchased_type":["Card","Card","Card"],"build_version":"2020-12-22","purchased_purges":1,"victory":false,"max_hp_per_floor":[104,104,104,104,104,104,104,104,104,104,104,104,104,104,104,109,109,109,109,109,109,109,109,109,109,109,109,109,109],"card_choices":[{"not_picked":["champ:BringItOn","champ:BerserkersShout"],"picked":"champ:BladeFlurry","floor":2},{"not_picked":["champ:FlashCut","champ:Backstep"],"picked":"champ:FocusedGladiator","floor":3},{"not_picked":["champ:DefensiveShout","champ:StanceDance"],"picked":"champ:Duel","floor":4},{"not_picked":["champ:BringItOn","champ:ShieldWall"],"picked":"champ:ArenaPreparation","floor":5},{"not_picked":["champ:PerfectedStrike","champ:BerserkersShout"],"picked":"champ:Duel","floor":8},{"not_picked":["champ:Haymaker","champ:FanOfKnives"],"picked":"champ:EnragedBash","floor":10},{"not_picked":["champ:Duel","champ:Circumvent","champ:StanceDance"],"picked":"SKIP","floor":13},{"not_picked":["champ:FalseCounter","champ:Balance"],"picked":"champ:FightOn","floor":14},{"not_picked":["champ:FanOfKnives","champ:Lariat"],"picked":"champ:IgnorePain","floor":15},{"not_picked":["champ:StrikeOfGenius","champ:HeavySlash"],"picked":"champ:SwordThrow","floor":16},{"not_picked":["champ:CrookedStrike","champ:DefensiveShout","champ:Circumvent"],"picked":"SKIP","floor":19},{"not_picked":["champ:Backstep","champ:BerserkersShout"],"picked":"champ:FanOfKnives","floor":21},{"not_picked":["champ:BerserkersShout","champ:EnragedBash"],"picked":"champ:Backstep","floor":22},{"not_picked":["champ:BerserkersShout","champ:TornadoPunch+1"],"picked":"champ:VampiricStrike","floor":23},{"not_picked":["champ:BringItOn","champ:TornadoPunch"],"picked":"champ:IronFortress+1","floor":26}],"player_experience":193243,"relics_obtained":[{"floor":7,"key":"White Beast Statue"},{"floor":10,"key":"Lantern"},{"floor":24,"key":"PreservedInsect"}],"event_choices":[{"damage_healed":26,"gold_gain":0,"player_choice":"Healed and dodged fight","damage_taken":0,"max_hp_gain":0,"max_hp_loss":0,"event_name":"Mushrooms","floor":11,"gold_loss":0,"cards_obtained":["Parasite"]},{"damage_healed":0,"gold_gain":0,"player_choice":"Stole Relic","damage_taken":0,"relics_obtained":["The Courier"],"max_hp_gain":0,"max_hp_loss":0,"event_name":"Addict","floor":20,"gold_loss":0,"cards_obtained":["Shame"]}],"is_beta":false,"boss_relics":[{"not_picked":["SlaversCollar","Sozu"],"picked":"champ:ChampionCrownUpgraded"}],"items_purged_floors":[23],"is_endless":false,"potions_floor_spawned":[2,8,10,13,14,15,16,19,21,22,23,26],"killed_by":"Shelled Parasite and Fungi","ascension_level":0}}