{"host":"92108ef2q9tm8rod","time":1608736648,"event":{"mods":["BaseMod","Defuse TimeMaze Blight","Minty Spire (QoL Compilation)","StSLib","The Jungle"],"gold_per_floor":[110,166,181,38,57,57,76,103,130,130,130,130,165,184,184,287,287,301,311,163,163,52,52,68,86,111,131,131,146,146,157,157,253,253,272,286,48,66,79,79,113,113,113,0,17,17,36,51,51,51,51],"floor_reached":50,"playtime":2758,"items_purged":["Rebound","Bouncing Flask+1"],"score":488,"play_id":"a3a1ffdb-5058-4fff-8f29-6c22759531a0","local_time":"20201223151728","daily_mods":["SealedDeck","Blue Cards","Heirloom"],"is_ascension_mode":false,"campfire_choices":[{"data":"Bouncing Flask","floor":6.0,"key":"SMITH"},{"data":"Deflect","floor":10.0,"key":"SMITH"},{"data":"Dodge and Roll","floor":12.0,"key":"SMITH"},{"data":"Deadly Poison","floor":15.0,"key":"SMITH"},{"data":"Adrenaline","floor":23.0,"key":"SMITH"},{"data":"Blur","floor":28.0,"key":"SMITH"},{"data":"Backflip","floor":30.0,"key":"SMITH"},{"data":"Noxious Fumes","floor":32.0,"key":"SMITH"},{"data":"Corpse Explosion","floor":40.0,"key":"SMITH"},{"floor":42.0,"key":"REST"},{"floor":46,"key":"REST"},{"floor":49,"key":"REST"}],"circlet_count":0,"master_deck":["Reinforced Body","Backstab","Backflip+1","Deadly Poison+1","Deflect+1","Gash","Static Discharge","Ball Lightning","Dodge and Roll+1","Crippling Poison","Capacitor","Adrenaline+1","Blur+1","Noxious Fumes+1","Envenom","Electrodynamics","Escape Plan+1","Corpse Explosion+1","Storm+1","Noxious Fumes","Parasite"],"relics":["Ring of the Snake","Prayer Wheel","ClockworkSouvenir","Potion Belt","Bag of Marbles","Anchor","HoveringKite","Bottled Lightning","Oddly Smooth Stone","Membership Card","StrikeDummy","Sundial","Red Mask"],"acts_visited":["Exordium","Exordium","TheBeyond"],"potions_floor_usage":[45,48,50,50,50,50],"damage_taken":[{"damage":0.0,"enemies":"2 Louse","floor":1.0,"turns":2.0},{"damage":0.0,"enemies":"Small Slimes","floor":3.0,"turns":2.0},{"damage":0.0,"enemies":"Cultist","floor":5.0,"turns":2.0},{"damage":2.0,"enemies":"2 Fungi Beasts","floor":7.0,"turns":3.0},{"damage":13.0,"enemies":"Lagavulin","floor":8.0,"turns":4.0},{"damage":5.0,"enemies":"3 Sentries","floor":13.0,"turns":7.0},{"damage":0.0,"enemies":"Looter","floor":14.0,"turns":2.0},{"damage":7.0,"enemies":"Slime Boss","floor":16.0,"turns":9.0},{"damage":0.0,"enemies":"theJungle:5_Spyders","floor":18.0,"turns":7.0},{"damage":2.0,"enemies":"Shell Parasite","floor":19.0,"turns":5.0},{"damage":2.0,"enemies":"theJungle:Snecko_Cultist_And_Trap","floor":24.0,"turns":6.0},{"damage":0.0,"enemies":"theJungle:2_Snecko_Cultists","floor":25.0,"turns":4.0},{"damage":3.0,"enemies":"theJungle:SlimyTreeVines","floor":27.0,"turns":5.0},{"damage":0.0,"enemies":"theJungle:Lyon","floor":29.0,"turns":3.0},{"damage":0.0,"enemies":"theJungle:Snecko_Cultist_And_Trap","floor":31.0,"turns":6.0},{"damage":36.0,"enemies":"theJungle:TotemBoss","floor":33.0,"turns":9.0},{"damage":0.0,"enemies":"3 Shapes","floor":35.0,"turns":4.0},{"damage":0.0,"enemies":"Orb Walker","floor":36.0,"turns":4.0},{"damage":11.0,"enemies":"Sphere and 2 Shapes","floor":38.0,"turns":4.0},{"damage":4.0,"enemies":"Writhing Mass","floor":39.0,"turns":5.0},{"damage":39.0,"enemies":"Reptomancer","floor":41.0,"turns":5.0},{"damage":35,"enemies":"Transient","floor":45,"turns":5},{"damage":0,"enemies":"Jaw Worm Horde","floor":47,"turns":2},{"damage":1,"enemies":"4 Shapes","floor":48,"turns":3},{"damage":52,"enemies":"Awakened One","floor":50,"turns":15}],"seed_played":"-7547306281623463691","potions_obtained":[{"floor":1.0,"key":"BlessingOfTheForge"},{"floor":7.0,"key":"SteroidPotion"},{"floor":16.0,"key":"Strength Potion"},{"floor":19.0,"key":"Poison Potion"},{"floor":29.0,"key":"FearPotion"},{"floor":31.0,"key":"Weak Potion"},{"floor":33.0,"key":"Dexterity Potion"},{"floor":35.0,"key":"CunningPotion"},{"floor":41.0,"key":"Block Potion"},{"floor":45,"key":"Energy Potion"},{"floor":48,"key":"LiquidBronze"}],"is_trial":true,"path_per_floor":["M","?","M","$","M","R","M","E","T","R","?","R","E","M","R","B",null,"M","M","$","T","$","R","M","M","T","M","R","M","R","M","R","B",null,"M","M","$","M","M","R","E","R","T","?","M","R","M","M","R","B"],"character_chosen":"THE_SILENT","items_purchased":["ClockworkSouvenir","Adrenaline","Blur","Membership Card","Corpse Explosion"],"campfire_rested":3,"item_purchase_floors":[4,20,22,37,37],"current_hp_per_floor":[70,70,70,70,70,70,68,55,55,55,55,55,50,50,50,43,70,70,68,68,68,68,68,66,66,66,69,69,69,69,69,69,33,70,70,70,70,59,55,55,16,37,37,37,2,23,23,22,43,0,0],"gold":51,"neow_bonus":"","is_daily":false,"chose_seed":false,"campfire_upgraded":9,"win_rate":0.0,"timestamp":1608736648,"path_taken":["M","?","M","$","M","R","M","E","T","R","?","R","E","M","R","BOSS","M","M","$","?","$","R","M","M","T","M","R","M","R","M","R","BOSS","M","M","$","M","M","R","E","R","T","?","M","R","M","M","R","BOSS"],"items_purchased_type":["Relic","Card","Card","Relic","Card"],"build_version":"2020-12-22","purchased_purges":2,"victory":false,"max_hp_per_floor":[70,70,70,70,70,70,70,70,70,70,70,70,70,70,70,70,70,70,70,70,70,70,70,70,70,70,70,70,70,70,70,70,70,70,70,70,70,70,70,70,70,70,70,70,70,70,70,70,70,70,70],"card_choices":[{"not_picked":["Conserve Battery","Bane"],"picked":"Bouncing Flask","floor":1.0},{"not_picked":["Ball Lightning","Coolheaded","Barrage"],"picked":"SKIP","floor":1.0},{"not_picked":["Beam Cell","Deflect"],"picked":"Dodge and Roll","floor":3.0},{"not_picked":["Flying Knee","Rip and Tear","Compile Driver"],"picked":"SKIP","floor":3.0},{"not_picked":["Stack","Loop"],"picked":"Crippling Poison","floor":5.0},{"not_picked":["Quick Slash","Leg Sweep"],"picked":"Capacitor","floor":5.0},{"not_picked":["Acrobatics","Flechettes","Rip and Tear"],"picked":"SKIP","floor":7.0},{"not_picked":["Cloak And Dagger","PiercingWail","Hologram"],"picked":"SKIP","floor":7.0},{"not_picked":["Cold Snap","Predator","Lockon"],"picked":"SKIP","floor":8.0},{"not_picked":["Dagger Throw","Masterful Stab","Tools of the Trade"],"picked":"SKIP","floor":13.0},{"not_picked":["Accuracy","Gash","Dash"],"picked":"SKIP","floor":14.0},{"not_picked":["Prepared","Redo","Stack"],"picked":"SKIP","floor":14.0},{"not_picked":["Quick Slash","Flying Knee","Distraction"],"picked":"SKIP","floor":18.0},{"not_picked":["Acrobatics","Flechettes","Double Energy"],"picked":"SKIP","floor":18.0},{"not_picked":["Go for the Eyes","FTL","Glacier"],"picked":"SKIP","floor":19.0},{"not_picked":["Compile Driver","Reprogram","Conserve Battery"],"picked":"SKIP","floor":19.0},{"not_picked":["Beam Cell","Cloak And Dagger+1","Barrage"],"picked":"SKIP","floor":24.0},{"not_picked":["Backstab","All Out Attack","Reboot"],"picked":"SKIP","floor":24.0},{"not_picked":["Flying Knee+1","Melter","Prepared"],"picked":"SKIP","floor":25.0},{"not_picked":["Dagger Spray","Dagger Throw+1","Skewer"],"picked":"SKIP","floor":25.0},{"not_picked":["Acrobatics+1","Blizzard","Reinforced Body+1"],"picked":"SKIP","floor":27.0},{"not_picked":["Auto Shields+1","Endless Agony","Capacitor"],"picked":"SKIP","floor":27.0},{"not_picked":["Blizzard","Compile Driver","Conserve Battery+1"],"picked":"SKIP","floor":29.0},{"not_picked":["Consume+1","Hello World","Poisoned Stab"],"picked":"SKIP","floor":29.0},{"not_picked":["Steam","Ball Lightning"],"picked":"Noxious Fumes","floor":31.0},{"not_picked":["Barrage","Genetic Algorithm"],"picked":"Envenom","floor":31.0},{"not_picked":["Core Surge","Storm of Steel"],"picked":"Electrodynamics","floor":33.0},{"not_picked":["Dodge and Roll","Reprogram"],"picked":"Escape Plan+1","floor":35.0},{"not_picked":["Doom and Gloom+1","Poisoned Stab","Cold Snap+1"],"picked":"SKIP","floor":35.0},{"not_picked":["Quick Slash+1","Steam+1","Conserve Battery"],"picked":"SKIP","floor":36.0},{"not_picked":["Poisoned Stab","Conserve Battery+1","Genetic Algorithm+1"],"picked":"SKIP","floor":36.0},{"not_picked":["Deadly Poison","Stack"],"picked":"Storm+1","floor":38.0},{"not_picked":["Beam Cell","Leap+1"],"picked":"Noxious Fumes","floor":38.0},{"not_picked":["Hologram","Finisher","Quick Slash+1"],"picked":"SKIP","floor":39.0},{"not_picked":["Rip and Tear+1","Slice+1","Choke+1"],"picked":"SKIP","floor":39.0},{"not_picked":["Compile Driver","Sucker Punch+1","Reflex"],"picked":"SKIP","floor":41.0},{"not_picked":["Reflex","Stack","Reboot"],"picked":"SKIP","floor":45},{"not_picked":["Skewer+1","Underhanded Strike","Sucker Punch+1"],"picked":"SKIP","floor":45},{"not_picked":["Turbo","Backstab+1","Blizzard+1"],"picked":"SKIP","floor":47},{"not_picked":["Deflect+1","Steam+1","Choke"],"picked":"SKIP","floor":47},{"not_picked":["Dodge and Roll+1","Tactician","Stack"],"picked":"SKIP","floor":48},{"not_picked":["Leg Sweep","Conserve Battery","Dagger Throw"],"picked":"SKIP","floor":48}],"player_experience":3175513,"relics_obtained":[{"floor":8.0,"key":"Potion Belt"},{"floor":9.0,"key":"Bag of Marbles"},{"floor":13.0,"key":"Anchor"},{"floor":21.0,"key":"Bottled Lightning"},{"floor":26.0,"key":"Oddly Smooth Stone"},{"floor":41.0,"key":"StrikeDummy"},{"floor":43.0,"key":"Sundial"}],"event_choices":[{"damage_healed":0.0,"max_hp_gain":0.0,"max_hp_loss":0.0,"gold_gain":56.0,"event_name":"Golden Wing","player_choice":"Gained Gold","floor":2.0,"gold_loss":0.0,"damage_taken":0.0},{"cards_removed":["Streamline"],"damage_healed":0.0,"max_hp_gain":0.0,"max_hp_loss":0.0,"gold_gain":0.0,"event_name":"Purifier","player_choice":"Purged","floor":11.0,"gold_loss":0.0,"damage_taken":0.0},{"damage_healed":0.0,"max_hp_gain":0.0,"max_hp_loss":0.0,"gold_gain":0.0,"event_name":"Tomb of Lord Red Mask","player_choice":"Paid","floor":44.0,"gold_loss":113.0,"damage_taken":0.0,"relics_obtained":["Red Mask"]}],"is_beta":false,"boss_relics":[{"not_picked":["Runic Pyramid","Sozu"],"picked":"HoveringKite"},{"not_picked":["Velvet Choker","Astrolabe","Snecko Eye"]}],"items_purged_floors":[22,37],"is_endless":false,"potions_floor_spawned":[1,7,16,19,29,31,33,35,41,45,48],"killed_by":"Awakened One","ascension_level":0}}