{"host":"sa7ebub27cgn5wai","time":1608725191,"event":{"mods":["BaseMod","Colored Map","Minty Spire (QoL Compilation)","SuperFastMode"],"gold_per_floor":[117,134,148,148,161,161,175,175,175,202,212,59,78,0,0,105,105,118,118,129,146,8,8,33,33,104,117,117,117,130,148,148,253,253,269,100,100,117,137,166,166,180,251,251,276,151,169,189,189,189],"floor_reached":51,"playtime":1960,"items_purged":["Strike_B","Strike_B","Strike_B"],"score":758,"play_id":"dc5b4f03-2461-40f2-ae37-c78dfe7efe74","local_time":"20201223210631","is_ascension_mode":false,"campfire_choices":[{"data":"Redo","floor":6,"key":"SMITH"},{"data":"Dualcast","floor":8,"key":"SMITH"},{"data":"Hologram","floor":15,"key":"SMITH"},{"data":"Thunder Strike","floor":23,"key":"SMITH"},{"floor":29,"key":"REST"},{"data":"Conserve Battery","floor":32,"key":"SMITH"},{"data":"Aggregate","floor":41,"key":"SMITH"},{"data":"BootSequence","floor":44,"key":"SMITH"},{"data":"Defend_B","floor":49,"key":"SMITH"}],"circlet_count":0,"master_deck":["Defend_B+1","Defend_B","Defend_B","Defend_B","Zap+1","Dualcast+1","BootSequence+1","Rebound","Hologram+1","Redo+1","Lockon+1","Self Repair+1","Defragment+1","Loop+1","Rebound","Storm+1","Core Surge","CurseOfTheBell","Conserve Battery+1","Aggregate+1","Thunder Strike+1","Buffer+1","Leap+1","Steam","Defragment+1","Machine Learning+1","Defragment+1","FTL+1"],"relics":["Cracked Core","Bottled Lightning","Frozen Egg 2","Calling Bell","Anchor","Mummified Hand","CaptainsWheel","Letter Opener","Ornamental Fan","Busted Crown","Happy Flower","HornCleat","Regal Pillow"],"acts_visited":["Exordium","TheCity","TheBeyond"],"potions_floor_usage":[18,24,33,33,33,50,50,50],"damage_taken":[{"damage":1,"enemies":"Jaw Worm","floor":1,"turns":3},{"damage":1,"enemies":"Cultist","floor":2,"turns":3},{"damage":2,"enemies":"2 Louse","floor":3,"turns":3},{"damage":8,"enemies":"Gremlin Gang","floor":5,"turns":6},{"damage":14,"enemies":"Exordium Thugs","floor":7,"turns":5},{"damage":17,"enemies":"3 Sentries","floor":10,"turns":7},{"damage":3,"enemies":"Red Slaver","floor":11,"turns":3},{"damage":3,"enemies":"Lots of Slimes","floor":13,"turns":3},{"damage":13,"enemies":"Hexaghost","floor":16,"turns":6},{"damage":12,"enemies":"3 Byrds","floor":18,"turns":3},{"damage":5,"enemies":"Spheric Guardian","floor":20,"turns":3},{"damage":10,"enemies":"Snecko","floor":21,"turns":4},{"damage":51,"enemies":"Gremlin Leader","floor":24,"turns":5},{"damage":6,"enemies":"Centurion and Healer","floor":27,"turns":5},{"damage":15,"enemies":"3 Cultists","floor":30,"turns":5},{"damage":0,"enemies":"Snake Plant","floor":31,"turns":3},{"damage":15,"enemies":"Collector","floor":33,"turns":5},{"damage":0,"enemies":"Orb Walker","floor":35,"turns":3},{"damage":0,"enemies":"3 Darklings","floor":38,"turns":4},{"damage":0,"enemies":"Maw","floor":39,"turns":5},{"damage":3,"enemies":"Giant Head","floor":40,"turns":6},{"damage":0,"enemies":"4 Shapes","floor":42,"turns":5},{"damage":0,"enemies":"Reptomancer","floor":45,"turns":4},{"damage":0,"enemies":"Jaw Worm Horde","floor":47,"turns":3},{"damage":7,"enemies":"3 Darklings","floor":48,"turns":3},{"damage":46,"enemies":"Donu and Deca","floor":50,"turns":7}],"seed_played":"-8913386770327155353","potions_obtained":[{"floor":1,"key":"Dexterity Potion"},{"floor":2,"key":"PowerPotion"},{"floor":5,"key":"Fire Potion"},{"floor":18,"key":"Weak Potion"},{"floor":30,"key":"SkillPotion"},{"floor":33,"key":"PotionOfCapacity"},{"floor":39,"key":"SkillPotion"},{"floor":45,"key":"Energy Potion"},{"floor":47,"key":"Fire Potion"}],"is_trial":false,"path_per_floor":["M","M","M","?","M","R","M","R","T","E","M","$","M","$","R","B",null,"M","?","M","M","$","R","E","$","T","M","?","R","M","M","R","B",null,"M","$","?","M","M","E","R","M","T","R","E","$","M","M","R","B",null],"character_chosen":"DEFECT","items_purchased":["Loop+1","Storm+1","Thunder Strike","Defragment+1"],"campfire_rested":1,"item_purchase_floors":[12,14,22,36],"current_hp_per_floor":[74,73,71,71,63,63,49,49,49,32,39,39,46,46,46,43,75,73,73,75,75,75,75,34,34,34,28,28,50,45,55,55,50,75,75,75,75,75,75,75,75,75,75,75,75,75,75,75,75,39],"gold":189,"neow_bonus":"UPGRADE_CARD","is_daily":false,"chose_seed":false,"campfire_upgraded":8,"win_rate":0.0,"timestamp":1608725191,"path_taken":["M","M","M","?","M","R","M","R","T","E","M","$","?","$","R","BOSS","M","?","M","M","?","R","E","$","T","M","?","R","?","M","R","BOSS","M","$","?","M","?","E","R","M","T","R","E","$","M","M","R","BOSS"],"items_purchased_type":["Card","Card","Card","Card"],"build_version":"2020-12-22","purchased_purges":3,"victory":true,"max_hp_per_floor":[75,75,75,75,75,75,75,75,75,75,75,75,75,75,75,75,75,75,75,75,75,75,75,75,75,75,75,75,75,75,75,75,75,75,75,75,75,75,75,75,75,75,75,75,75,75,75,75,75,75],"card_choices":[{"not_picked":["Glacier","Gash"],"picked":"BootSequence","floor":1},{"not_picked":["Cold Snap","Chaos"],"picked":"Rebound","floor":2},{"not_picked":["Leap","Compile Driver"],"picked":"Hologram","floor":3},{"not_picked":["Leap","Beam Cell"],"picked":"Redo","floor":5},{"not_picked":["Force Field","Fusion"],"picked":"Lockon","floor":7},{"not_picked":["Biased Cognition+1","Core Surge"],"picked":"Self Repair+1","floor":10},{"not_picked":["Coolheaded","Steam"],"picked":"Defragment+1","floor":11},{"not_picked":["Recycle","Cold Snap"],"picked":"Rebound","floor":13},{"not_picked":["Buffer+1","All For One"],"picked":"Core Surge","floor":16},{"not_picked":["Reinforced Body","Chill"],"picked":"Conserve Battery","floor":18},{"not_picked":["Auto Shields","Capacitor+1"],"picked":"Aggregate","floor":20},{"not_picked":["Turbo","Recycle","Cold Snap"],"picked":"SKIP","floor":21},{"not_picked":["Leap","Ball Lightning"],"picked":"Buffer+1","floor":24},{"not_picked":["Steam","Go for the Eyes"],"picked":"Leap","floor":27},{"not_picked":["Coolheaded","Beam Cell"],"picked":"Defragment+1","floor":30},{"not_picked":["Consume","Steam","Chaos"],"picked":"SKIP","floor":31},{"not_picked":["Buffer+1","Core Surge"],"picked":"Machine Learning+1","floor":33},{"not_picked":["Steam Power"],"picked":"SKIP","floor":35},{"not_picked":[],"picked":"FTL+1","floor":38},{"not_picked":["Melter+1"],"picked":"SKIP","floor":39},{"not_picked":["All For One"],"picked":"SKIP","floor":40},{"not_picked":["Melter+1"],"picked":"SKIP","floor":42},{"not_picked":["Gash"],"picked":"SKIP","floor":45},{"not_picked":["Rebound"],"picked":"SKIP","floor":47},{"not_picked":["Barrage"],"picked":"SKIP","floor":48}],"player_experience":268967,"relics_obtained":[{"floor":9,"key":"Bottled Lightning"},{"floor":10,"key":"Frozen Egg 2"},{"floor":17,"key":"Anchor"},{"floor":17,"key":"Mummified Hand"},{"floor":17,"key":"CaptainsWheel"},{"floor":24,"key":"Letter Opener"},{"floor":26,"key":"Ornamental Fan"},{"floor":40,"key":"Happy Flower"},{"floor":43,"key":"HornCleat"},{"floor":45,"key":"Regal Pillow"}],"event_choices":[{"cards_removed":["Strike_B"],"damage_healed":0,"gold_gain":0,"player_choice":"Card Removal","damage_taken":0,"max_hp_gain":0,"max_hp_loss":0,"event_name":"Wheel of Change","floor":4,"gold_loss":0},{"damage_healed":0,"gold_gain":0,"player_choice":"Upgraded","damage_taken":0,"max_hp_gain":0,"max_hp_loss":0,"event_name":"Upgrade Shrine","floor":19,"gold_loss":0,"cards_upgraded":["Lockon"]},{"damage_healed":0,"gold_gain":0,"player_choice":"1 cards matched","damage_taken":0,"max_hp_gain":0,"max_hp_loss":0,"event_name":"Match and Keep!","floor":28,"gold_loss":0,"cards_obtained":["Steam"]},{"damage_healed":0,"gold_gain":0,"player_choice":"Forge","damage_taken":0,"max_hp_gain":0,"max_hp_loss":0,"event_name":"Accursed Blacksmith","floor":37,"gold_loss":0,"cards_upgraded":["Leap"]}],"is_beta":false,"boss_relics":[{"not_picked":["SacredBark","Pandora\u0027s Box"],"picked":"Calling Bell"},{"not_picked":["SlaversCollar","FrozenCore"],"picked":"Busted Crown"}],"items_purged_floors":[12,36,46],"is_endless":false,"potions_floor_spawned":[1,2,5,13,16,18,21,30,31,33,39,45,47],"ascension_level":0}}