{"host":"fbjkyf8096sobcph","time":1608750487,"event":{"mods":["2.2 Compatiblity","AchievementEnabler","Aspiration","BaseMod","Better Altar","Better Match","Better Note","Better Sensory Stone","Better Skull","Better Third Choice","BetterRewards","CCEM","Clawfect","Colored Map","Conspire","Downfall","GifTheSpireLib","Halation","Highlight Path","Hubris","Infinite Spire","Mimic Mod","Minty Spire (QoL Compilation)","Permanent Neow","Replay The Spire","Shop Mod","Spicy Shops","StSLib","Stuff the Spire","Unceasing Turn Reminder","Waifu the Spire","everything is the same but u backflip on backflip","slay the spire mod where everything is the same but ironclad has a cowboy hat"],"gold_per_floor":[199,209,241,256,256,268,294,319,94,94,121,121,172,206,218,313,313,313,69,69,69,82,82,102,202,202,252,252,302,302,352,386,436,436],"floor_reached":33,"playtime":2500,"items_purged":[],"score":292,"play_id":"fa87a2e0-3a95-49c9-9b34-3d6c722aefa7","local_time":"20201223200807","is_ascension_mode":false,"campfire_choices":[{"floor":1,"key":"RECALL"},{"floor":9,"key":"REST"},{"floor":12,"key":"REST"},{"data":"sneckomod:UnknownRareSkill","floor":18,"key":"SMITH"},{"data":"sneckomod:SerpentIdol","floor":28,"key":"SMITH"},{"data":"sneckomod:CheapStock","floor":30,"key":"SMITH"}],"circlet_count":0,"master_deck":["sneckomod:Strike","sneckomod:Strike","sneckomod:Strike","sneckomod:Defend+1","sneckomod:Defend","sneckomod:Defend","sneckomod:TailWhip","sneckomod:SnekBite","sneckomod:Unknown","sneckomod:Unknown","sneckomod:QuickMove","sneckomod:UnknownUncommonAttack","sneckomod:SoulRoll","sneckomod:UnknownRareAttack+1","sneckomod:DiceBlock","sneckomod:ImprovisedAttack+1","sneckomod:UnknownVulnerable","sneckomod:UnknownClassBLUE","sneckomod:UnknownClassBLUE","sneckomod:UnknownRareSkill+1","sneckomod:UnknownClassHEXA_GHOST_PURPLE+1","sneckomod:CheapStock+1","Metamorphosis+1","sneckomod:SerpentIdol+1","sneckomod:UnknownClassSLIMEBOUND+1","sneckomod:UnknownStrike+1","sneckomod:UnknownClassGREEN+1"],"relics":["sneckomod:SneckoSoul","Centennial Puzzle","hubris:Icosahedron","Pet Ghost","downfall:HeartBlessingGreen","downfall:HeartBlessingRed","downfall:HeartBlessingBlue","downfall:BrokenWingStatue","Odd Mushroom","StuffTheSpire:Gunfinga","CCEMRelics:OverlyComfyChair","Black Star","downfall:CloakOfManyFaces","CultistMask","FaceOfCleric","NlothsMask","GremlinMask","SsserpentHead","hubris:Towel","Juzu Bracelet","Replay:Arrowhead"],"acts_visited":["Exordium","TheCity"],"potions_floor_usage":[8,8,32],"damage_taken":[{"damage":6,"enemies":"2 Louse","floor":2,"turns":2},{"damage":10,"enemies":"conspire:MimicChest","floor":3,"turns":5},{"damage":10,"enemies":"Jaw Worm","floor":4,"turns":3},{"damage":13,"enemies":"Small Slimes","floor":6,"turns":3},{"damage":53,"enemies":"3 Sentries","floor":8,"turns":11},{"damage":1,"enemies":"The Mushroom Lair","floor":11,"turns":3},{"damage":9,"enemies":"Gremlin Nob","floor":14,"turns":3},{"damage":0,"enemies":"2 Fungi Beasts","floor":15,"turns":1},{"damage":9,"enemies":"downfall:Defect","floor":16,"turns":2},{"damage":0,"enemies":"downfall:FleeingMerchant","floor":19,"turns":4},{"damage":12,"enemies":"Shell Parasite","floor":22,"turns":3},{"damage":11,"enemies":"3 Byrds","floor":24,"turns":4},{"damage":3,"enemies":"downfall:FaceTrader","floor":25,"turns":5},{"damage":70,"enemies":"Gremlin Leader","floor":32,"turns":8}],"seed_played":"792562767170617632","potions_obtained":[{"floor":4,"key":"Adrenaline Potion"},{"floor":6,"key":"Elixir"},{"floor":8,"key":"SpeedPotion"},{"floor":16,"key":"AttackPotion"},{"floor":24,"key":"LiquidMemories"},{"floor":32,"key":"Languid Potion"}],"is_trial":false,"path_per_floor":["R","M","?","M","?","M","T","E","R","?","?","R","T","E","M","B",null,"R","$","PTL","PTL","M","?","M","?","T","?","R","?","R","?","E","?"],"character_chosen":"THE_SNECKO","items_purchased":["sneckomod:CheapStock","Metamorphosis"],"campfire_rested":2,"item_purchase_floors":[19,19],"current_hp_per_floor":[90,84,75,65,65,56,56,3,43,43,43,73,73,73,74,66,106,106,107,107,107,95,87,77,76,76,76,76,76,76,76,8,0,0],"gold":436,"neow_bonus":"HUNDRED_GOLD","is_daily":false,"chose_seed":false,"campfire_upgraded":3,"win_rate":0.0,"timestamp":1608750487,"path_taken":["R","M","?","M","?","M","T","E","R","?","?","R","?","E","M","BOSS","R","$","PTL","PTL","M","?","M","?","T","?","R","?","R","?","E","?"],"items_purchased_type":["Card","Card"],"build_version":"2020-12-22","purchased_purges":0,"victory":false,"max_hp_per_floor":[90,90,91,91,91,92,92,92,102,102,103,103,103,104,105,106,106,106,107,107,107,107,107,108,109,109,109,109,109,109,109,111,111,111],"card_choices":[{"not_picked":["sneckomod:Nope","sneckomod:DiceCrush"],"picked":"sneckomod:QuickMove","floor":2},{"not_picked":["sneckomod:Unknown1Cost","sneckomod:Nope"],"picked":"sneckomod:UnknownUncommonAttack","floor":3},{"not_picked":["sneckomod:Unknown1Cost","sneckomod:IronFang"],"picked":"sneckomod:SoulRoll","floor":4},{"not_picked":["sneckomod:UnknownClassGREEN+1","sneckomod:UnknownUncommonPower+1"],"picked":"sneckomod:UnknownRareAttack+1","floor":6},{"not_picked":["sneckomod:Unknown1Cost","sneckomod:QuickBite"],"picked":"sneckomod:DiceBlock","floor":6},{"not_picked":["sneckomod:DiceBlock","sneckomod:QuickMove"],"picked":"sneckomod:ImprovisedAttack","floor":8},{"not_picked":["sneckomod:QuickMove","sneckomod:QuickBite"],"picked":"sneckomod:UnknownVulnerable","floor":11},{"not_picked":["sneckomod:UnknownCommonSkill","sneckomod:DangerNoodle"],"picked":"sneckomod:UnknownClassBLUE","floor":14},{"not_picked":["sneckomod:IronFang","sneckomod:UnknownBlock"],"picked":"sneckomod:UnknownClassBLUE","floor":15},{"not_picked":["sneckomod:Restock","sneckomod:DangerNoodle"],"picked":"sneckomod:UnknownRareSkill","floor":16},{"not_picked":["sneckomod:UnknownClassPURPLE","sneckomod:RainOfDice"],"picked":"sneckomod:UnknownClassHEXA_GHOST_PURPLE+1","floor":19},{"not_picked":["sneckomod:ImprovisedGuard","sneckomod:UnknownBlock"],"picked":"sneckomod:SerpentIdol","floor":22},{"not_picked":["sneckomod:UnknownStrike","sneckomod:TrashToTreasure"],"picked":"sneckomod:UnknownClassSLIMEBOUND+1","floor":24},{"not_picked":["sneckomod:UnknownCommonSkill","sneckomod:Nope"],"picked":"sneckomod:UnknownStrike+1","floor":25},{"not_picked":["sneckomod:Nope","sneckomod:UnknownEthereal"],"picked":"sneckomod:UnknownClassGREEN+1","floor":32}],"player_experience":183186,"relics_obtained":[{"floor":3,"key":"Centennial Puzzle"},{"floor":8,"key":"Pet Ghost"},{"floor":11,"key":"Odd Mushroom"},{"floor":13,"key":"StuffTheSpire:Gunfinga"},{"floor":14,"key":"CCEMRelics:OverlyComfyChair"},{"floor":25,"key":"downfall:CloakOfManyFaces"},{"floor":32,"key":"Juzu Bracelet"},{"floor":32,"key":"Replay:Arrowhead"}],"event_choices":[{"damage_healed":0,"gold_gain":0,"player_choice":"Fought Mushrooms","damage_taken":0,"max_hp_gain":0,"max_hp_loss":0,"event_name":"Mushrooms","floor":11,"gold_loss":0},{"damage_healed":0,"gold_gain":0,"player_choice":"Upgraded","damage_taken":0,"max_hp_gain":0,"max_hp_loss":0,"event_name":"Upgrade Shrine","floor":27,"gold_loss":0,"cards_upgraded":["Metamorphosis"]},{"damage_healed":0,"gold_gain":0,"player_choice":"Ignored","damage_taken":0,"max_hp_gain":0,"max_hp_loss":0,"event_name":"Vampires","floor":31,"gold_loss":0}],"is_beta":false,"boss_relics":[{"not_picked":["sneckomod:SuperSneckoSoul","Busted Crown"],"picked":"Black Star"}],"items_purged_floors":[],"is_endless":false,"potions_floor_spawned":[4,6,8,16,24,32],"ascension_level":0}}