{"host":"kiah4uoohy01p0hv","time":1608706597,"event":{"mods":["AchievementEnabler","Aspiration","BaseMod","BetterRewards","CCEM","Colored Map","Colored Powertips","Conspire","Highlight Path","Hubris","Minty Spire (QoL Compilation)","Permanent Neow","Replay The Spire","Spicy Shops","Spikes Relics","StSLib"],"gold_per_floor":[109,109,109,33,46,46,63,63,63,63,74,86,120,135,135,238,238,203,153,166,184,184,184,184],"floor_reached":23,"playtime":2691,"items_purged":[],"score":293,"play_id":"ae8a0f00-4c64-4106-b97d-30224006d171","local_time":"20201223165637","is_ascension_mode":false,"campfire_choices":[{"data":"Zap","floor":6,"key":"SMITH"},{"data":"Force Field","floor":8,"key":"SMITH"},{"data":"Dualcast","floor":10,"key":"SMITH"},{"floor":15,"key":"REST"}],"circlet_count":0,"master_deck":["Strike_B","Strike_B","Strike_B","Defend_B","Defend_B","Defend_B","Defend_B","Zap+1","Dualcast+1","Master of Strategy+1","Gash+1","FIFO Queue+1","FIFO Queue+1","Force Field+1","Beam Cell+1","Defragment+1","Defragment","Reboot+1","Buffer+1","Fusion","Storm"],"relics":["Cracked Core","conspire:BottledYoYo","Golden Egg","Ginger","Molten Egg 2","Oddly Smooth Stone","Thread and Needle","Replay:Bronze Core","Guide Book","Replay:Rubber Ducky"],"acts_visited":["Exordium","TheCity"],"potions_floor_usage":[5,14,16,18,20,23],"damage_taken":[{"damage":2,"enemies":"Small Slimes","floor":1,"turns":3},{"damage":0,"enemies":"2 Louse","floor":5,"turns":1},{"damage":8,"enemies":"Jaw Worm","floor":7,"turns":5},{"damage":20,"enemies":"3 Louse","floor":11,"turns":3},{"damage":3,"enemies":"conspire:2 RoseBushes","floor":12,"turns":5},{"damage":13,"enemies":"Gremlin Nob","floor":13,"turns":4},{"damage":8,"enemies":"2 Fungi Beasts","floor":14,"turns":3},{"damage":12,"enemies":"Slime Boss","floor":16,"turns":9},{"damage":15,"enemies":"2 Thieves","floor":18,"turns":6},{"damage":0,"enemies":"Shell Parasite","floor":20,"turns":7},{"damage":0,"enemies":"conspire:HollyBat","floor":21,"turns":9},{"damage":40,"enemies":"Slavers","floor":23,"turns":4}],"seed_played":"-1058848870696304081","potions_obtained":[{"floor":1,"key":"DistilledChaos"},{"floor":13,"key":"PowerPotion"},{"floor":14,"key":"Energy Potion"},{"floor":16,"key":"Fire Potion"},{"floor":18,"key":"Reflective Coating"},{"floor":21,"key":"Fire Potion"}],"is_trial":false,"path_per_floor":["M","?","?","$","M","R","M","R","T","R","M","M","E","M","R","B",null,"M","?","M","M","$","E"],"character_chosen":"DEFECT","items_purchased":["conspire:BottledYoYo","Golden Egg","FIFO Queue","Guide Book","Replay:Rubber Ducky"],"campfire_rested":1,"item_purchase_floors":[0,0,4,22,22],"current_hp_per_floor":[68,68,61,61,61,61,53,53,53,53,33,30,17,9,30,18,70,55,55,55,55,35,0,0],"gold":184,"neow_bonus":"","is_daily":false,"chose_seed":false,"campfire_upgraded":3,"win_rate":0.0,"timestamp":1608706597,"path_taken":["M","?","?","?","M","R","M","R","T","R","?","M","E","M","R","BOSS","M","?","M","M","?","E"],"items_purchased_type":["Relic","Relic","Card","Relic","Relic"],"build_version":"2020-12-22","purchased_purges":0,"victory":false,"max_hp_per_floor":[70,70,70,70,70,70,70,70,70,70,70,70,70,70,70,70,70,70,70,70,70,70,70,70],"card_choices":[{"not_picked":["Compile Driver","Coolheaded","Hologram"],"picked":"SKIP","floor":1},{"not_picked":["Stack","Compile Driver+1"],"picked":"Force Field","floor":5},{"not_picked":["Genetic Algorithm","Hologram","ReplaySolidLightProjector"],"picked":"SKIP","floor":7},{"not_picked":["ReplaySort","Darkness"],"picked":"Beam Cell+1","floor":11},{"not_picked":["BasicCrystalCard","Barrage+1"],"picked":"Defragment","floor":12},{"not_picked":["conspire:SharedLibrary","Rebound+1"],"picked":"Defragment","floor":13},{"not_picked":["Steam","Compile Driver+1"],"picked":"Reboot","floor":14},{"not_picked":["hubris:DoWhile","Core Surge+1"],"picked":"Buffer","floor":16},{"not_picked":["Streamline+1","Double Energy"],"picked":"Fusion","floor":18},{"not_picked":["Sunder+1","Panic Button","Steam Power+1"],"picked":"SKIP","floor":20},{"not_picked":["Leap+1","Stack+1"],"picked":"Storm","floor":21}],"player_experience":208124,"relics_obtained":[{"floor":9,"key":"Oddly Smooth Stone"},{"floor":13,"key":"Thread and Needle"}],"event_choices":[{"cards_removed":["Injury"],"damage_healed":0,"gold_gain":0,"player_choice":"Card Removal","damage_taken":7,"max_hp_gain":0,"max_hp_loss":0,"event_name":"Golden Wing","floor":3,"gold_loss":0},{"damage_healed":0,"gold_gain":0,"player_choice":"Bet on Murderer","damage_taken":0,"max_hp_gain":0,"max_hp_loss":0,"event_name":"The Joust","floor":19,"gold_loss":50}],"is_beta":false,"boss_relics":[{"not_picked":["CosmicIsotope","CCEMRelics:GreenEgg"],"picked":"Replay:Bronze Core"}],"items_purged_floors":[],"is_endless":false,"potions_floor_spawned":[1,13,14,16,18,21],"killed_by":"Slavers","ascension_level":0}}