{"host":"h792lphzw6wlba86","time":1608699829,"event":{"mods":["AchievementEnabler","Aspiration","BaseMod","Better Altar","Better Match","Better Note","Better Sensory Stone","Better Skull","Better Third Choice","BetterRewards","CCEM","Colored Map","Conspire","Downfall","GifTheSpireLib","Googly Eyes","Halation","Highlight Path","Hubris","Hunter ??","Jedi Mod","Mimic Mod","Minty Spire (QoL Compilation)","Permanent Neow","Replay The Spire","Shop Mod","Spicy Shops","StSLib","Stuff the Spire","The Jungle","Unceasing Turn Reminder","everything is the same but u backflip on backflip","slay the spire mod where everything is the same but ironclad has a cowboy hat"],"gold_per_floor":[99,117,137,151,151,151,176,101,8,8,41,53,72,84,99,99,99,99],"floor_reached":16,"playtime":1036,"items_purged":[],"score":104,"play_id":"962fd0c8-11d0-4342-a941-76448487be6b","local_time":"20201222230349","is_ascension_mode":false,"campfire_choices":[{"floor":1,"key":"RECALL"},{"data":"champ:Taunt","floor":8,"key":"SMITH"},{"data":"champ:BerserkerStyle","floor":10,"key":"SMITH"}],"circlet_count":0,"master_deck":["champ:Strike","champ:Strike","champ:Strike","champ:Defend","champ:Defend","champ:Defend","champ:Defend","champ:Execute","champ:Taunt+1","champ:FlashCut","champ:FanOfKnives","champ:DefensiveShout","champ:AdrenalArmor","champ:BerserkerStyle+1","champ:SteelEdge","champ:ViciousMockery"],"relics":["jedi:hotpepper","jedi:cryingmask","downfall:HeartBlessingRed","hubris:MysteriousPyramids"],"acts_visited":["Exordium"],"potions_floor_usage":[9,11,16,16],"damage_taken":[{"damage":5,"enemies":"Small Slimes","floor":2,"turns":3},{"damage":0,"enemies":"2 Louse","floor":3,"turns":3},{"damage":3,"enemies":"Jaw Worm","floor":4,"turns":4},{"damage":13,"enemies":"downfall:FleeingMerchant","floor":9,"turns":4},{"damage":49,"enemies":"Lagavulin","floor":11,"turns":6},{"damage":0,"enemies":"Gremlin Gang","floor":12,"turns":2},{"damage":17,"enemies":"Exordium Wildlife","floor":13,"turns":4},{"damage":6,"enemies":"2 Fungi Beasts","floor":14,"turns":2},{"damage":20,"enemies":"Large Slime","floor":15,"turns":5},{"damage":26,"enemies":"downfall:Silent","floor":16,"turns":3}],"seed_played":"-2951756563726925537","potions_obtained":[{"floor":3,"key":"Energy Potion"},{"floor":4,"key":"Explosive Potion"},{"floor":13,"key":"jedi:StrikingPotion"},{"floor":14,"key":"AttackPotion"}],"is_trial":false,"path_per_floor":["R","M","M","M","?","?","T","R","$","R","E","M","M","M","M","B"],"character_chosen":"THE_CHAMP","items_purchased":["champ:BerserkerStyle"],"campfire_rested":0,"item_purchase_floors":[9],"current_hp_per_floor":[67,67,67,67,67,67,67,67,67,67,40,40,30,30,22,4,4,4],"gold":99,"neow_bonus":"BOSS_RELIC","is_daily":false,"chose_seed":false,"campfire_upgraded":2,"win_rate":0.0,"timestamp":1608699829,"path_taken":["R","M","M","M","?","?","T","R","$","R","E","M","M","M","M","BOSS"],"items_purchased_type":["Card"],"build_version":"2020-12-13","purchased_purges":0,"victory":false,"max_hp_per_floor":[67,67,67,67,67,67,67,67,67,67,67,67,67,67,67,67,67,67],"card_choices":[{"not_picked":["champ:SwordSigil","champ:TornadoPunch"],"picked":"champ:FlashCut","floor":2},{"not_picked":["champ:FightOn","champ:Backstep"],"picked":"champ:FanOfKnives","floor":3},{"not_picked":["champ:BerserkersShout","champ:TornadoPunch"],"picked":"champ:DefensiveShout","floor":4},{"not_picked":["champ:Haymaker","champ:FalseCounter"],"picked":"champ:AdrenalArmor","floor":9},{"not_picked":["champ:Circumvent","champ:DefensiveShout"],"picked":"champ:SteelEdge","floor":11},{"not_picked":["champ:BerserkersShout","champ:RageSigil"],"picked":"champ:ViciousMockery","floor":12},{"not_picked":["champ:Backstep","champ:FocusedGladiator","champ:TornadoPunch"],"picked":"SKIP","floor":13},{"not_picked":["champ:TornadoPunch","champ:SkillfulDodge","champ:ArenaPreparation"],"picked":"SKIP","floor":14},{"not_picked":["champ:IronFortress","champ:GladiatorsShout","champ:StanceDance"],"picked":"SKIP","floor":15}],"player_experience":661038,"relics_obtained":[{"floor":7,"key":"jedi:cryingmask"},{"floor":11,"key":"hubris:MysteriousPyramids"}],"event_choices":[{"cards_removed":["champ:Strike"],"damage_healed":0,"gold_gain":0,"player_choice":"Card Removal","damage_taken":0,"max_hp_gain":0,"max_hp_loss":0,"event_name":"The Cleric","floor":5,"gold_loss":0}],"is_beta":false,"boss_relics":[],"items_purged_floors":[],"is_endless":false,"potions_floor_spawned":[3,4,13,14],"killed_by":"downfall:Silent","ascension_level":0}}