{"host":"rou2s2eil6jywznd","time":1608685216,"event":{"mods":["Bard","BaseMod","Minty Spire (QoL Compilation)","Relic Sorter","StSLib","The Disciple","The Judge","The Marked","The Runesmith","Wandering Minibosses"],"gold_per_floor":[112,123,142,160,176,176,176,176,229,229,81,109,129,140,140,243,243,253,266,283,283,283,283,293,303,303,321,321,336,336,4,4,4,4],"floor_reached":33,"playtime":1345,"items_purged":["theMarked:Strike"],"score":253,"play_id":"cc76fb35-a1e8-4431-b31f-38ee05a9a46e","local_time":"20201222180016","is_ascension_mode":false,"campfire_choices":[{"data":"theMarked:SelfDefenseTraining","floor":6,"key":"SMITH"},{"data":"theMarked:Static","floor":8,"key":"SMITH"},{"data":"theMarked:SoldierOfQuellstein","floor":10,"key":"SMITH"},{"data":"theMarked:Generate","floor":15,"key":"SMITH"},{"data":"theMarked:MagicAdept","floor":23,"key":"SMITH"},{"floor":28,"key":"REST"},{"data":"theMarked:StartUp","floor":30,"key":"SMITH"},{"data":"theMarked:Parkour","floor":32,"key":"SMITH"}],"circlet_count":0,"master_deck":["theMarked:Strike","theMarked:Strike","theMarked:Strike","theMarked:Strike","theMarked:Defend","theMarked:Defend","theMarked:Defend","theMarked:Defend","theMarked:SoldierOfQuellstein+1","theMarked:Opportunist","theMarked:HeightenedSenses","theMarked:MagicAdept+1","theMarked:SelfDefenseTraining+1","theMarked:Static+1","theMarked:Generate+1","theMarked:Parkour+1","theMarked:ResourceFulStrike","theMarked:SoldierForm+1","theMarked:BanishingStrike","theMarked:StartUp+1"],"relics":["theMarked:ArtifactOfAir","NeowsBlessing","Pantograph","Oddly Smooth Stone","Ancient Tea Set","Sozu","Letter Opener","Eternal Feather"],"acts_visited":["Exordium","TheCity"],"potions_floor_usage":[16,27,27],"damage_taken":[{"damage":0,"enemies":"Small Slimes","floor":1,"turns":1},{"damage":0,"enemies":"2 Louse","floor":2,"turns":1},{"damage":0,"enemies":"Cultist","floor":3,"turns":1},{"damage":5,"enemies":"Lots of Slimes","floor":4,"turns":4},{"damage":13,"enemies":"2 Fungi Beasts","floor":5,"turns":5},{"damage":8,"enemies":"3 Sentries","floor":12,"turns":8},{"damage":6,"enemies":"Blue Slaver","floor":13,"turns":3},{"damage":1,"enemies":"3 Louse","floor":14,"turns":3},{"damage":27,"enemies":"Slime Boss","floor":16,"turns":10},{"damage":3,"enemies":"3 Byrds","floor":18,"turns":7},{"damage":0,"enemies":"Chosen","floor":19,"turns":4},{"damage":20,"enemies":"Sentry and Sphere","floor":20,"turns":5},{"damage":18,"enemies":"3 Cultists","floor":24,"turns":5},{"damage":0,"enemies":"Centurion and Healer","floor":25,"turns":6},{"damage":7,"enemies":"Snake Plant","floor":27,"turns":4},{"damage":18,"enemies":"Sentry and Sphere","floor":29,"turns":4},{"damage":60,"enemies":"Collector","floor":33,"turns":7}],"seed_played":"-287749254936375318","potions_obtained":[{"floor":4,"key":"PowerPotion"},{"floor":5,"key":"Ancient Potion"},{"floor":13,"key":"Weak Potion"},{"floor":16,"key":"SneckoOil"}],"is_trial":false,"path_per_floor":["M","M","M","M","M","R","?","R","T","R","$","E","M","M","R","B",null,"M","M","M","?","?","R","M","M","T","M","R","M","R","$","R","B"],"character_chosen":"THE_DEFAULT","items_purchased":["Oddly Smooth Stone","Eternal Feather"],"campfire_rested":1,"item_purchase_floors":[11,31],"current_hp_per_floor":[70,70,70,65,52,52,34,34,34,34,34,26,20,19,19,17,70,67,67,47,34,34,34,16,16,16,9,31,13,13,13,25,0,0],"gold":4,"neow_bonus":"THREE_ENEMY_KILL","is_daily":false,"chose_seed":false,"campfire_upgraded":7,"win_rate":0.0,"timestamp":1608685216,"path_taken":["M","M","M","M","M","R","?","R","T","R","$","E","M","M","R","BOSS","M","M","M","?","?","R","M","?","T","M","R","?","R","$","R","BOSS"],"items_purchased_type":["Relic","Relic"],"build_version":"2020-12-13","purchased_purges":1,"victory":false,"max_hp_per_floor":[70,70,70,70,70,70,70,70,70,70,70,70,70,70,70,70,70,70,70,70,75,75,75,75,75,75,75,75,75,75,75,75,75,75],"card_choices":[{"not_picked":["theMarked:RepellingDischarge","theMarked:Frustration"],"picked":"theMarked:Opportunist","floor":1},{"not_picked":["theMarked:EnhancedHearing","theMarked:Improvise"],"picked":"theMarked:HeightenedSenses","floor":2},{"not_picked":["theMarked:Parkour","theMarked:Improvise"],"picked":"theMarked:MagicAdept","floor":3},{"not_picked":["theMarked:ContemptForTheProud","theMarked:StartUp"],"picked":"theMarked:SelfDefenseTraining","floor":4},{"not_picked":["theMarked:Snap","theMarked:Improvise"],"picked":"theMarked:Static","floor":5},{"not_picked":["theMarked:TunnelVision","theMarked:Seal"],"picked":"theMarked:Generate","floor":12},{"not_picked":["theMarked:Convert","theMarked:WastefulAttack"],"picked":"theMarked:Parkour","floor":13},{"not_picked":["theMarked:WardOff","theMarked:SwordAndMagic"],"picked":"theMarked:ResourceFulStrike","floor":14},{"not_picked":["theMarked:SummonStrength","theMarked:FavorableWinds"],"picked":"theMarked:SoldierForm","floor":16},{"not_picked":["theMarked:RepellingDischarge","theMarked:ElectricStrings"],"picked":"theMarked:BanishingStrike","floor":18},{"not_picked":["theMarked:MagicAdept+1","theMarked:PowerFlow+1","theMarked:Aftermath"],"picked":"SKIP","floor":19},{"not_picked":["theMarked:Panic","theMarked:HeightenedSenses","theMarked:CreepingChasm"],"picked":"SKIP","floor":20},{"not_picked":["theMarked:Opportunist","theMarked:RogueSparks"],"picked":"theMarked:StartUp","floor":24},{"not_picked":["theMarked:Polarize","theMarked:WastefulDefense","theMarked:HeritageOfTheMarked"],"picked":"SKIP","floor":25},{"not_picked":["theMarked:DeterminationOfTheMarked","theMarked:Reabsorb","theMarked:ShockingTouch+1"],"picked":"SKIP","floor":27},{"not_picked":["theMarked:RepellingDischarge+1","theMarked:Static","theMarked:GodGivenPower"],"picked":"SKIP","floor":29}],"player_experience":244393,"relics_obtained":[{"floor":12,"key":"Ancient Tea Set"},{"floor":26,"key":"Letter Opener"}],"event_choices":[{"damage_healed":0,"gold_gain":0,"player_choice":"Success","damage_taken":18,"relics_obtained":["Pantograph"],"max_hp_gain":0,"max_hp_loss":0,"event_name":"Scrap Ooze","floor":7,"gold_loss":0},{"damage_healed":0,"gold_gain":0,"player_choice":"Shed Blood","damage_taken":18,"max_hp_gain":5,"max_hp_loss":0,"event_name":"Forgotten Altar","floor":21,"gold_loss":0},{"damage_healed":0,"gold_gain":0,"player_choice":"Forge","damage_taken":0,"max_hp_gain":0,"max_hp_loss":0,"event_name":"Accursed Blacksmith","floor":22,"gold_loss":0,"cards_upgraded":["theMarked:SoldierForm"]}],"is_beta":false,"boss_relics":[{"not_picked":["Snecko Eye","Calling Bell"],"picked":"Sozu"}],"items_purged_floors":[31],"is_endless":false,"potions_floor_spawned":[4,5,13,14,16,20,24,25,27],"killed_by":"Collector","ascension_level":0}}