{"host":"lpze9ywvzk5bsxql","time":1608724546,"event":{"mods":["2.2 Compatiblity","BaseMod","Bestiary","Better Third Choice","Colored Map","Downfall","Hermit","Ironclad Rager","Minty Spire (QoL Compilation)","Replay The Spire","StSLib"],"gold_per_floor":[18,38,38,0,0,0,33,46,46,64,14,29,58,78,78,176,176,191,191,191,36,56,56,68,102,102,102,68,88,123,141,141,245,245,259,277,277,288,288,288],"floor_reached":39,"playtime":5577,"items_purged":[],"score":504,"play_id":"b12f567e-59aa-4d4f-85be-70a4cbf7b362","local_time":"20201223125546","is_ascension_mode":true,"campfire_choices":[{"floor":6,"key":"REST"},{"floor":15,"key":"REST"},{"floor":23,"key":"REST"},{"floor":27,"key":"RECALL"},{"floor":32,"key":"REST"}],"circlet_count":0,"master_deck":["Survivor","Neutralize","Poisoned Stab","Poisoned Stab","Poisoned Stab","Poisoned Stab","Poisoned Stab","Dodge and Roll","Dodge and Roll","Dodge and Roll","Dodge and Roll","Dodge and Roll","Dagger Spray","Crippling Poison","Apotheosis+1","Enlightenment","Bane","Deflect","Backflip","Deadly Poison","Infinite Blades","PiercingWail","Deflect","ICR:Cloudkill","Noxious Fumes","Deflect","Terror","Backflip","Catalyst","Fluid Movement","Well Laid Plans","Corpse Explosion","Footwork","Noxious Fumes"],"relics":["Ring of the Snake","Snack Pack","Ice Cream","Question Card","Sozu","MutagenicStrength","Orrery","Girya","Replay:Bottled Snecko"],"acts_visited":["Exordium","TheCity","TheBeyond"],"potions_floor_usage":[7,16,16],"damage_taken":[{"damage":0,"enemies":"Jaw Worm","floor":1,"turns":3},{"damage":0,"enemies":"Small Slimes","floor":2,"turns":2},{"damage":6,"enemies":"3 Sentries","floor":7,"turns":6},{"damage":6,"enemies":"2 Louse","floor":8,"turns":2},{"damage":0,"enemies":"2 Fungi Beasts","floor":10,"turns":3},{"damage":2,"enemies":"Blue Slaver","floor":12,"turns":3},{"damage":13,"enemies":"Lagavulin","floor":13,"turns":4},{"damage":2,"enemies":"Gremlin Gang","floor":14,"turns":4},{"damage":14,"enemies":"Fading Forest","floor":16,"turns":11},{"damage":15,"enemies":"2 Thieves","floor":18,"turns":4},{"damage":12,"enemies":"3 Byrds","floor":22,"turns":4},{"damage":13,"enemies":"Cultist and Chosen","floor":24,"turns":6},{"damage":1,"enemies":"Replay:Snechameleon","floor":25,"turns":5},{"damage":0,"enemies":"3 Cultists","floor":29,"turns":4},{"damage":1,"enemies":"Gremlin Leader","floor":30,"turns":4},{"damage":11,"enemies":"Centurion and Healer","floor":31,"turns":7},{"damage":1,"enemies":"Champ","floor":33,"turns":7},{"damage":15,"enemies":"Orb Walker","floor":35,"turns":4},{"damage":12,"enemies":"3 Darklings","floor":36,"turns":5},{"damage":22,"enemies":"Sphere and 2 Shapes","floor":38,"turns":5},{"damage":37,"enemies":"Transient","floor":39,"turns":4}],"seed_played":"-3929561758616995228","potions_obtained":[{"floor":1,"key":"Adrenaline Potion"},{"floor":8,"key":"champ:CounterPotion"},{"floor":10,"key":"champ:CounterPotion"},{"floor":13,"key":"Dexterity Potion"}],"is_trial":false,"path_per_floor":["M","M","?","?","$","R","E","M","T","M","$","M","E","M","R","B",null,"M","?","?","$","M","R","M","E","T","R","$","M","E","M","R","B",null,"M","M","?","M","M"],"character_chosen":"THE_SILENT","items_purchased":["Deadly Poison","Orrery","Catalyst"],"campfire_rested":4,"item_purchase_floors":[11,21,28],"current_hp_per_floor":[45,45,45,51,51,69,63,59,59,61,61,61,50,48,68,69,69,56,56,56,56,48,68,59,60,60,60,60,60,59,52,69,69,69,56,44,44,22,0,0],"gold":288,"neow_bonus":"SILENT_ASSASSIN","is_daily":false,"chose_seed":false,"campfire_upgraded":0,"win_rate":0.0,"timestamp":1608724546,"path_taken":["M","M","?","?","$","R","E","M","T","M","?","M","E","M","R","BOSS","M","?","?","?","M","R","M","E","T","R","$","M","E","M","R","BOSS","M","?","?","M","M"],"items_purchased_type":["Card","Relic","Card"],"build_version":"2020-12-22","purchased_purges":0,"victory":false,"max_hp_per_floor":[63,63,63,69,69,69,69,69,69,69,69,69,69,69,69,69,69,69,69,69,69,69,69,69,69,69,69,69,69,69,69,69,69,69,69,69,69,69,69,69],"card_choices":[{"not_picked":["Outmaneuver","Flying Knee"],"picked":"Dagger Spray","floor":1},{"not_picked":["ReplayTheSpireMod:Scrap Shanks","Prepared"],"picked":"Crippling Poison","floor":2},{"not_picked":["Venomology","Hidden Blade"],"picked":"Bane","floor":7},{"not_picked":["Quick Slash","Skewer"],"picked":"Deflect","floor":8},{"not_picked":["Deflect","Blade Dance"],"picked":"Backflip","floor":10},{"not_picked":["Dodge and Roll","Endless Agony"],"picked":"Infinite Blades","floor":12},{"not_picked":["Choke","Flying Knee"],"picked":"PiercingWail","floor":13},{"not_picked":["ReplayTheSpireMod:From All Sides","Slice","ReplayTheSpireMod:The Works"],"picked":"Deflect","floor":14},{"not_picked":["Blade Dance+1","Terror","Deflect+1"],"picked":"ICR:Cloudkill","floor":18},{"not_picked":["Concentrate","Quick Slash","Bane"],"picked":"Noxious Fumes","floor":21},{"not_picked":["Deadly Poison+1","Quick Slash","Malaise"],"picked":"Deflect","floor":21},{"not_picked":["Choke","Dagger Throw","ReplayTheSpireMod:Shiv Toss"],"picked":"Terror","floor":22},{"not_picked":["Poisoned Stab","Blade Dance+1","Dagger Throw+1","Cloak And Dagger"],"picked":"SKIP","floor":24},{"not_picked":["Poisoned Stab+1","Slice","Flying Knee"],"picked":"Backflip","floor":25},{"not_picked":["Concentrate","Accuracy","Backflip+1","ReplayTheSpireMod:Shiv Toss+1"],"picked":"SKIP","floor":29},{"not_picked":["Eviscerate","All Out Attack","Cloak And Dagger"],"picked":"Fluid Movement","floor":30},{"not_picked":["Backflip","Bane","Outmaneuver"],"picked":"Well Laid Plans","floor":31},{"not_picked":["Storm of Steel","ReplayTheSpireMod:From All Sides","ReplayTheSpireMod:Necrosis"],"picked":"Corpse Explosion","floor":33},{"not_picked":["ICR:Vanish","Reflex","Endless Agony","ReplayTheSpireMod:The Works+1"],"picked":"SKIP","floor":35},{"not_picked":["Terror","Poisoned Stab","Bane+1"],"picked":"Footwork","floor":36},{"not_picked":["Expertise","Hidden Blade+1","Flying Knee+1","Dagger Throw+1"],"picked":"SKIP","floor":38}],"player_experience":285536,"relics_obtained":[{"floor":7,"key":"Snack Pack"},{"floor":9,"key":"Ice Cream"},{"floor":13,"key":"Question Card"},{"floor":25,"key":"Girya"},{"floor":30,"key":"Replay:Bottled Snecko"}],"event_choices":[{"damage_healed":45,"gold_gain":0,"player_choice":"Embrace","damage_taken":0,"max_hp_gain":0,"max_hp_loss":63,"event_name":"betterThird:BetterShining","floor":3,"gold_loss":0},{"damage_healed":0,"gold_gain":0,"player_choice":"RENOUNCE","damage_taken":38,"max_hp_gain":0,"max_hp_loss":0,"event_name":"betterThird:BetterSerpent","floor":4,"gold_loss":38,"cards_obtained":["Enlightenment"]},{"damage_healed":0,"gold_gain":0,"player_choice":"Inject Mutagens","damage_taken":0,"relics_obtained":["MutagenicStrength"],"max_hp_gain":0,"max_hp_loss":0,"event_name":"Drug Dealer","floor":19,"gold_loss":0},{"cards_removed":["Sickly"],"damage_healed":0,"gold_gain":0,"player_choice":"Elegance","damage_taken":0,"max_hp_gain":0,"max_hp_loss":0,"event_name":"betterThird:BetterWriting","floor":20,"gold_loss":0},{"damage_healed":0,"gold_gain":0,"player_choice":"Copied","damage_taken":0,"max_hp_gain":0,"max_hp_loss":0,"event_name":"Duplicator","floor":37,"gold_loss":0,"cards_obtained":["Noxious Fumes"]}],"is_beta":false,"boss_relics":[{"not_picked":["SacredBark","ChewingGum"],"picked":"Sozu"},{"not_picked":["Cursed Key","Replay:Drink Me","Snecko Scales"]}],"items_purged_floors":[],"is_endless":false,"potions_floor_spawned":[1,8,10,13,25,29,30],"killed_by":"Transient","ascension_level":2}}