{"host":"r3eb5kff0hcmimdq","time":1608711575,"event":{"mods":["BaseMod","Colored Powertips","KinomotoSakuraMod(木之本樱)","LagranYue(拉格朗・月)","Luminous","Marisa（F雨　魔理沙）","Minty Spire (QoL Compilation)","MostiFishMod","Quick Restart","Relic Filter","Replay The Spire","Shop Mod","Spicy Shops","StSLib","The Alterego","【遗物卡牌】REMEMod"],"gold_per_floor":[115,115,130,55,55,86,86,100,100,100,123,139,155,174,174,293,293,293],"floor_reached":17,"playtime":686,"items_purged":["Voices"],"score":234,"play_id":"3e4395fb-2af8-48b5-a15a-18743c148c31","local_time":"20201223161935","is_ascension_mode":false,"campfire_choices":[{"data":"LagranYue:PhysicalFitnessCard","floor":7,"key":"SMITH"},{"data":"LagranYue:AttackTopazCard","floor":10,"key":"SMITH"},{"data":"LagranYue:SkillBlazingSevenRingsCard","floor":15,"key":"SMITH"}],"circlet_count":0,"master_deck":["LagranYue:AttackTopazCard","LagranYue:SkillBrokenSwordCard","LagranYue:AttackCrowCrossbowCard","LagranYue:SkillWoodSpearCard","LagranYue:SapphirePrayerCard","LagranYue:SkillIncompleteArchCard","LagranYue:PhysicalFitnessCard+1","LagranYue:AttackTopazCard+1","LagranYue:AttackDivineGuidanceCard","LagranYue:AttackGalacticZeroCard","MostiFishMod:PerfectForm","LagranYue:FantasyCard","LagranYue:AttackFutureCard","LagranYue:SkillBlazingSevenRingsCard+1","LagranYue:SkillCocoonEvolutionCard"],"relics":["LagranYue:ArmsProficiencyRelics","REME_ComplimentaryCards","DaveBox","LagranYue:RandomDrawCardRelic","Pandora\u0027s Box","NeowsBlessing","Ring of Peace","Ring of Searing","Golden Idol","CaptainsWheel","SentryEyes","ShadowXiaoBlade"],"acts_visited":["Exordium","TheCity"],"potions_floor_usage":[],"damage_taken":[{"damage":0.0,"enemies":"2 Louse","floor":1.0,"turns":1.0},{"damage":7.0,"enemies":"Small Slimes","floor":3.0,"turns":2.0},{"damage":0,"enemies":"3 Sentries","floor":6,"turns":1},{"damage":0,"enemies":"Jaw Worm","floor":8,"turns":5},{"damage":0,"enemies":"Exordium Wildlife","floor":11,"turns":2},{"damage":0,"enemies":"3 Louse","floor":12,"turns":2},{"damage":0,"enemies":"Red Slaver","floor":13,"turns":2},{"damage":0,"enemies":"Large Slime","floor":14,"turns":3},{"damage":0,"enemies":"The Guardian","floor":16,"turns":8}],"seed_played":"5911056519330763506","potions_obtained":[{"floor":1.0,"key":"SmokeBomb"},{"floor":6,"key":"DuplicationPotion"},{"floor":12,"key":"DuplicationPotion"}],"is_trial":false,"path_per_floor":["M","?","M","$","?","E","R","M","T","R","M","M","M","M","R","B",null],"character_chosen":"LagranYueCharacter","items_purchased":[],"campfire_rested":0,"item_purchase_floors":[],"current_hp_per_floor":[75,75,68,68,50,50,50,50,50,50,50,50,50,50,50,50,75,75],"gold":293,"neow_bonus":"THREE_ENEMY_KILL","is_daily":false,"chose_seed":false,"campfire_upgraded":3,"win_rate":0.0,"timestamp":1608711575,"path_taken":["M","?","M","$","?","E","R","M","T","R","M","M","M","M","R","BOSS"],"items_purchased_type":[],"build_version":"2020-12-22","purchased_purges":1,"victory":false,"max_hp_per_floor":[75,75,75,75,75,75,75,75,75,75,75,75,75,75,75,75,75,75],"card_choices":[{"not_picked":["LagranYue:SkillWoodSpearCard","LagranYue:AttackRavagedCard","LagranYue:AttackMagicStarsCard"],"picked":"SKIP","floor":1.0},{"not_picked":["LagranYue:AttackIceCard","LagranYue:AttackRubyCard","LagranYue:SkillWoodSpearCard"],"picked":"SKIP","floor":3.0},{"not_picked":["LagranYue:AttackMagicStarsCard","LagranYue:EmeraldRemorseCard","LagranYue:SkillFalseAerialAceCard"],"picked":"SKIP","floor":6},{"not_picked":["LagranYue:SkillTestamentCard","LagranYue:SkillBrokenSwordCard"],"picked":"LagranYue:FantasyCard","floor":8},{"not_picked":["LagranYue:SkillIncompleteArchCard","LagranYue:EmeraldRemorseCard","LagranYue:PowerGoldStartCard"],"picked":"SKIP","floor":11},{"not_picked":["LagranYue:SkillBrokenSwordCard","LagranYue:SkillIncompleteArchCard","LagranYue:MultipleThornsCard"],"picked":"SKIP","floor":12},{"not_picked":["LagranYue:AttackPurpleCard","LagranYue:SkillExplosiveArmorCard"],"picked":"LagranYue:AttackFutureCard","floor":13},{"not_picked":["LagranYue:SkillExplosiveArmorCard","LagranYue:AttackBetterCard"],"picked":"LagranYue:SkillBlazingSevenRingsCard","floor":14},{"not_picked":["LagranYue:AttackEmeraldCard","LagranYue:SkillVictorySwordCard"],"picked":"LagranYue:SkillCocoonEvolutionCard","floor":16}],"player_experience":195790,"relics_obtained":[{"floor":2.0,"key":"Ring of Peace"},{"floor":2.0,"key":"Ring of Searing"},{"floor":6,"key":"CaptainsWheel"},{"floor":9,"key":"SentryEyes"}],"event_choices":[{"damage_healed":0,"gold_gain":0,"player_choice":"Take Damage","damage_taken":18,"relics_obtained":["Golden Idol"],"max_hp_gain":0,"max_hp_loss":0,"event_name":"Golden Idol","floor":5,"gold_loss":0}],"is_beta":false,"boss_relics":[{"not_picked":["ChewingGum","ExusiaiGun"],"picked":"ShadowXiaoBlade"}],"items_purged_floors":[4],"is_endless":false,"potions_floor_spawned":[1,6,12,14,16],"ascension_level":0}}