{"host":"07tcb8n8jdavk3gs","time":1608686319,"event":{"mods":["BaseMod","Colored Map","Hermit","Marisa????????","Minty Spire (QoL Compilation)","StSLib","The Animator","The Cursed","The Servant 0.9.4"],"gold_per_floor":[119,135,45,45,45,45,45,85,85,85,123,153,228,113,125,204,204,233,233,257,16,16,16,16,16,16,52,0,24,24,42,42,42,42],"floor_reached":33,"playtime":1967,"items_purged":[],"score":546,"play_id":"5446cd9b-4bf6-4446-9b1c-160fd3b53db7","local_time":"20201222191839","is_ascension_mode":true,"campfire_choices":[{"data":"animator:MumenRider","floor":7,"key":"SMITH"},{"floor":10,"key":"REST"},{"floor":15,"key":"REST"},{"floor":23,"key":"REST"},{"floor":32,"key":"REST"}],"circlet_count":0,"master_deck":["AscendersBane","animator:Strike_OnePunchMan","animator:Defend_OnePunchMan","animator:Genos","animator:MumenRider+1","animator:Bozes+1","animator:YaoHaDucy","animator:Strike_Kancolle","animator:Strike_GATE","animator:Strike_TenSura","animator:Defend_Elsword","animator:Defend_Fate","animator:Defend_TenSura","animator:Raven","animator:Priestess","animator:IzunaHatsuse","animator:Elsword","animator:Cirno","animator:SilverFang","animator:Saitama","animator:Lu","animator:Ciel","animator:MaesHughes","animator:MisaKurobane","animator:Magilou","animator:IzunaHatsuse","animator:Tatsumaki","animator:MumenRider"],"relics":["animator:LivingPicture","animator:TheMissingPiece","animator:PurgingStone","NeowsBlessing","Bag of Marbles","Dream Catcher","Odd Mushroom","The Courier","Fusion Hammer","Red Skull","Juzu Bracelet","Regal Pillow","Bag of Preparation","Question Card"],"acts_visited":["Exordium","TheCity"],"potions_floor_usage":[16,18,29,30],"damage_taken":[{"damage":0,"enemies":"Cultist","floor":1,"turns":1},{"damage":0,"enemies":"Small Slimes","floor":2,"turns":1},{"damage":0,"enemies":"Lagavulin","floor":8,"turns":1},{"damage":18,"enemies":"The Mushroom Lair","floor":11,"turns":4},{"damage":28,"enemies":"3 Sentries","floor":12,"turns":9},{"damage":1,"enemies":"Slime Boss","floor":16,"turns":11},{"damage":11,"enemies":"2 Thieves","floor":18,"turns":4},{"damage":18,"enemies":"Spheric Guardian","floor":20,"turns":4},{"damage":52,"enemies":"Gremlin Leader","floor":27,"turns":9},{"damage":0,"enemies":"Chosen and Byrds","floor":29,"turns":2},{"damage":0,"enemies":"animator:HornedBat","floor":30,"turns":1},{"damage":6,"enemies":"Cultist and Chosen","floor":31,"turns":3},{"damage":54,"enemies":"Automaton","floor":33,"turns":6}],"seed_played":"-7568335155331132139","potions_obtained":[{"floor":16,"key":"BlessingOfTheForge"},{"floor":20,"key":"SmokeBomb"},{"floor":27,"key":"AttackPotion"}],"is_trial":false,"path_per_floor":["M","M","?","?","$","?","R","E","T","R","?","E","?","$","R","B",null,"M","?","M","$","?","R","?","?","T","E","?","M","E","M","R","B"],"character_chosen":"THE_ANIMATOR","items_purchased":["animator:Cirno","PowerPotion","Red Skull","Juzu Bracelet"],"campfire_rested":4,"item_purchase_floors":[14,14,21,21],"current_hp_per_floor":[54,54,54,54,54,59,59,59,59,65,47,20,9,9,28,28,57,46,46,29,29,29,64,64,45,45,5,5,13,13,15,50,0,0],"gold":42,"neow_bonus":"THREE_ENEMY_KILL","is_daily":false,"chose_seed":false,"campfire_upgraded":1,"win_rate":0.0,"timestamp":1608686319,"path_taken":["M","M","?","?","?","?","R","E","T","R","?","E","?","$","R","BOSS","M","?","M","$","?","R","?","?","T","E","?","M","E","M","R","BOSS"],"items_purchased_type":["Card","Potion","Relic","Relic"],"build_version":"2020-12-13","purchased_purges":0,"victory":false,"max_hp_per_floor":[60,60,60,60,60,65,65,65,65,65,65,66,66,66,66,67,67,67,67,68,68,68,68,68,68,68,68,68,68,68,68,68,68,68],"card_choices":[{"not_picked":["animator:DolaRiku","animator:DolaSchwi"],"picked":"animator:Bozes","floor":1},{"not_picked":["animator:ZankiKiguchi","animator:Sebas"],"picked":"animator:YaoHaDucy","floor":2},{"not_picked":["animator:LizardPriest","animator:PandorasActor"],"picked":"animator:Raven","floor":8},{"not_picked":["animator:DolaSchwi","animator:GuildGirl"],"picked":"animator:Priestess","floor":10},{"not_picked":["animator:Ain","animator:DwarfShaman"],"picked":"animator:IzunaHatsuse","floor":11},{"not_picked":["animator:Rena","animator:Rose"],"picked":"animator:Elsword","floor":12},{"not_picked":["animator:Bozes","animator:Emonzaemon"],"picked":"animator:SilverFang","floor":15},{"not_picked":["animator:Envy","animator:SwordMaiden"],"picked":"animator:Saitama","floor":16},{"not_picked":["animator:Illya","animator:IzunaHatsuse"],"picked":"animator:Lu","floor":18},{"not_picked":["animator:Archer+1","animator:HighElfArcher"],"picked":"animator:Ciel","floor":20},{"not_picked":["animator:Assassin","animator:Demiurge"],"picked":"animator:MaesHughes","floor":23},{"not_picked":["animator:EmiyaShirou","animator:Sloth"],"picked":"animator:IzunaHatsuse","floor":27},{"not_picked":["animator:Genos","animator:SilverFang","animator:MetalKnight"],"picked":"animator:Tatsumaki","floor":29},{"not_picked":["animator:Hitei","animator:YaoHaDucy","animator:Raven"],"picked":"animator:MumenRider","floor":31}],"player_experience":907651,"relics_obtained":[{"floor":8,"key":"Bag of Marbles"},{"floor":9,"key":"Dream Catcher"},{"floor":11,"key":"Odd Mushroom"},{"floor":12,"key":"The Courier"},{"floor":26,"key":"Bag of Preparation"},{"floor":27,"key":"Question Card"}],"event_choices":[{"damage_healed":0,"gold_gain":0,"player_choice":"Grow","damage_taken":0,"max_hp_gain":0,"max_hp_loss":0,"event_name":"Living Wall","floor":4,"gold_loss":0,"cards_upgraded":["animator:Bozes"]},{"damage_healed":0,"gold_gain":0,"player_choice":"Donut","damage_taken":0,"max_hp_gain":5,"max_hp_loss":0,"event_name":"Big Fish","floor":6,"gold_loss":0},{"damage_healed":0,"gold_gain":0,"player_choice":"Fought Mushrooms","damage_taken":0,"max_hp_gain":0,"max_hp_loss":0,"event_name":"Mushrooms","floor":11,"gold_loss":0},{"damage_healed":0,"gold_gain":75,"player_choice":"Gather Gold","damage_taken":11,"max_hp_gain":0,"max_hp_loss":0,"event_name":"World of Goop","floor":13,"gold_loss":0},{"damage_healed":0,"gold_gain":0,"player_choice":"Ignored","damage_taken":0,"max_hp_gain":0,"max_hp_loss":0,"event_name":"Vampires","floor":19,"gold_loss":0},{"damage_healed":0,"gold_gain":0,"player_choice":"Stole Relic","damage_taken":0,"relics_obtained":["Regal Pillow"],"max_hp_gain":0,"max_hp_loss":0,"event_name":"Addict","floor":22,"gold_loss":0,"cards_obtained":["Shame"]},{"cards_removed":["Shame"],"damage_healed":0,"gold_gain":0,"player_choice":"Removed","damage_taken":0,"max_hp_gain":0,"max_hp_loss":0,"event_name":"The Cursed Forest","floor":24,"gold_loss":0},{"damage_healed":0,"gold_gain":0,"player_choice":"CARD CARD ","damage_taken":19,"max_hp_gain":0,"max_hp_loss":0,"event_name":"Knowing Skull","floor":25,"potions_obtained":[],"gold_loss":0,"cards_obtained":["animator:MisaKurobane","animator:Magilou"]},{"damage_healed":0,"gold_gain":0,"player_choice":"Paid Fearfully","damage_taken":0,"max_hp_gain":0,"max_hp_loss":0,"event_name":"Masked Bandits","floor":28,"gold_loss":52}],"is_beta":false,"boss_relics":[{"not_picked":["animator:RacePiece","Sozu"],"picked":"Fusion Hammer"}],"items_purged_floors":[],"is_endless":false,"potions_floor_spawned":[16,20,27],"killed_by":"Automaton","ascension_level":15}}