{"host":"Melcetto","time":1608762328,"event":{"mods":["AlwaysNeverKeys","BaseMod","Better Vampires","Colored Map","Colored Powertips","DeckTracker","Emptier Cage","Minty Spire (QoL Compilation)","Permanent Neow","Quick Restart","Random Character Button","Rare Cards Sparkle","Relic Sorter","Relic Stats","StSLib","Transform Curses"],"gold_per_floor":[20,20,34,34,58,58,94,109,109,109,152,152,152,186,186,275,275,298,322,68,82,120,120,120],"floor_reached":23,"playtime":1973,"items_purged":[],"score":418,"play_id":"71709a73-ee1e-4780-a2d7-9d0199719aa1","local_time":"20201223172528","is_ascension_mode":true,"campfire_choices":[{"data":"Bash","floor":6.0,"key":"SMITH"},{"data":"Flame Barrier","floor":10.0,"key":"SMITH"},{"floor":12.0,"key":"REST"},{"data":"Armaments","floor":15.0,"key":"SMITH"}],"circlet_count":0,"master_deck":["AscendersBane","Strike_R","Strike_R","Strike_R","Strike_R","Strike_R","Defend_R","Defend_R","Defend_R","Defend_R","Bash+1","Flame Barrier+1","Body Slam+1","Evolve","Armaments+1","Feed+1","Shrug It Off","Immolate+1","Feel No Pain","Shrug It Off"],"relics":["Burning Blood","Golden Idol","Red Skull","Juzu Bracelet","Gremlin Horn","Molten Egg 2","Philosopher\u0027s Stone","OrangePellets","Red Mask"],"acts_visited":["Exordium","TheCity"],"potions_floor_usage":[22],"damage_taken":[{"damage":8.0,"enemies":"2 Louse","floor":1.0,"turns":3.0},{"damage":8.0,"enemies":"Small Slimes","floor":3.0,"turns":5.0},{"damage":1.0,"enemies":"Cultist","floor":5.0,"turns":3.0},{"damage":43.0,"enemies":"Gremlin Nob","floor":7.0,"turns":5.0},{"damage":17.0,"enemies":"Lots of Slimes","floor":8.0,"turns":6.0},{"damage":20.0,"enemies":"Lagavulin","floor":11.0,"turns":3.0},{"damage":25.0,"enemies":"3 Sentries","floor":14.0,"turns":7.0},{"damage":21.0,"enemies":"The Guardian","floor":16.0,"turns":14.0},{"damage":32.0,"enemies":"3 Byrds","floor":18.0,"turns":4.0},{"damage":10.0,"enemies":"2 Thieves","floor":19.0,"turns":4.0},{"damage":0.0,"enemies":"Chosen and Byrds","floor":21.0,"turns":4.0},{"damage":31,"enemies":"Masked Bandits","floor":22,"turns":5},{"damage":28,"enemies":"Book of Stabbing","floor":23,"turns":4}],"seed_played":"-4585420858445473916","potions_obtained":[{"floor":1.0,"key":"LiquidMemories"},{"floor":5.0,"key":"EssenceOfSteel"},{"floor":7.0,"key":"AttackPotion"},{"floor":8.0,"key":"BlessingOfTheForge"},{"floor":14.0,"key":"Ancient Potion"},{"floor":18.0,"key":"Fire Potion"},{"floor":19.0,"key":"Strength Potion"}],"is_trial":false,"path_per_floor":["M","?","M","?","M","R","E","M","T","R","E","R","?","E","R","B",null,"M","M","$","M","?","E"],"character_chosen":"IRONCLAD","items_purchased":["OrangePellets","Immolate+1"],"campfire_rested":1,"item_purchase_floors":[20,20],"current_hp_per_floor":[80,80,78,78,81,81,44,33,33,33,19,43,48,29,29,14,68,42,42,42,52,27,0,0],"gold":120,"neow_bonus":"TWENTY_PERCENT_HP_BONUS","is_daily":false,"chose_seed":false,"campfire_upgraded":3,"win_rate":0.0,"timestamp":1608762328,"path_taken":["M","?","M","?","M","R","E","?","T","R","E","R","?","E","R","BOSS","M","M","$","M","?","E"],"items_purchased_type":["Relic","Card"],"build_version":"2020-12-18","purchased_purges":0,"victory":false,"max_hp_per_floor":[89,81,81,81,81,81,81,81,81,81,81,81,86,86,86,86,86,86,90,90,94,94,94,94],"relic_stats":{"OrangePellets":[1],"Gremlin Horn":[8,8],"counters":[13,67],"Golden Idol":73,"Juzu Bracelet":1,"obtain_stats":[{"OrangePellets":20,"Gremlin Horn":11,"Golden Idol":2,"Molten Egg 2":14,"Philosopher\u0027s Stone":17,"Juzu Bracelet":9,"Red Mask":22,"Burning Blood":0,"Red Skull":7},{"OrangePellets":10,"Gremlin Horn":6,"Golden Idol":1,"Molten Egg 2":7,"Philosopher\u0027s Stone":8,"Juzu Bracelet":5,"Red Mask":12,"Burning Blood":0,"Red Skull":4},{"OrangePellets":54,"Gremlin Horn":25,"Golden Idol":3,"Molten Egg 2":32,"Philosopher\u0027s Stone":46,"Juzu Bracelet":22,"Red Mask":63,"Burning Blood":0,"Red Skull":16}],"Burning Blood":70},"card_choices":[{"not_picked":["Heavy Blade","Pommel Strike"],"picked":"Flame Barrier","floor":1.0},{"not_picked":["Havoc","Body Slam","Sword Boomerang"],"picked":"SKIP","floor":3.0},{"not_picked":["Havoc","Sword Boomerang"],"picked":"Body Slam","floor":3.0},{"not_picked":["True Grit","Pommel Strike"],"picked":"Evolve","floor":5.0},{"not_picked":["Body Slam","Perfected Strike","Entrench"],"picked":"SKIP","floor":7.0},{"not_picked":["Searing Blow","Second Wind","Anger"],"picked":"SKIP","floor":8.0},{"not_picked":["Reckless Charge","Flex","Sword Boomerang"],"picked":"SKIP","floor":11.0},{"not_picked":["Perfected Strike+1","Anger+1"],"picked":"Armaments","floor":14.0},{"not_picked":["Fiend Fire+1","Reaper+1"],"picked":"Feed+1","floor":16.0},{"not_picked":["Entrench","Reckless Charge+1","Perfected Strike+1"],"picked":"SKIP","floor":18.0},{"not_picked":["Anger+1","Pummel+1"],"picked":"Shrug It Off","floor":19.0},{"not_picked":["Shrug It Off","True Grit"],"picked":"Feel No Pain","floor":21.0},{"not_picked":["Anger+1","Cleave+1"],"picked":"Shrug It Off","floor":22}],"player_experience":18773527,"relics_obtained":[{"floor":7.0,"key":"Red Skull"},{"floor":9.0,"key":"Juzu Bracelet"},{"floor":11.0,"key":"Gremlin Horn"},{"floor":14.0,"key":"Molten Egg 2"},{"floor":22,"key":"Red Mask"}],"event_choices":[{"damage_healed":0.0,"max_hp_gain":0.0,"max_hp_loss":8.0,"gold_gain":0.0,"event_name":"Golden Idol","player_choice":"Lose Max HP","floor":2.0,"gold_loss":0.0,"damage_taken":0.0,"relics_obtained":["Golden Idol"]},{"damage_healed":0.0,"max_hp_gain":0.0,"max_hp_loss":0.0,"gold_gain":0.0,"event_name":"Upgrade Shrine","player_choice":"Upgraded","floor":4.0,"gold_loss":0.0,"damage_taken":0.0,"cards_upgraded":["Body Slam"]},{"damage_healed":0.0,"max_hp_gain":5.0,"max_hp_loss":0.0,"gold_gain":0.0,"event_name":"Big Fish","player_choice":"Donut","floor":13.0,"gold_loss":0.0,"damage_taken":0.0},{"damage_healed":0,"gold_gain":0,"player_choice":"Fought Bandits","damage_taken":0,"max_hp_gain":0,"max_hp_loss":0,"event_name":"Masked Bandits","floor":22,"gold_loss":0}],"is_beta":true,"boss_relics":[{"not_picked":["Black Star","Mark of Pain"],"picked":"Philosopher\u0027s Stone"}],"items_purged_floors":[],"is_endless":false,"potions_floor_spawned":[1,5,7,8,14,18,19],"killed_by":"Book of Stabbing","ascension_level":20}}