{"host":"dw8ij7emqco3quom","time":1608767557,"event":{"mods":["BaseMod","Minty Spire (QoL Compilation)"],"gold_per_floor":[119,139,67,67,67,94,94,111,134,146,175,175,194,214,214,314,314,328,328,340,340,359,387,60,73,73,73,73,73,85,137,137,238,238,251,269,269,269,269],"floor_reached":38,"playtime":3123,"items_purged":[],"score":547,"play_id":"ba2e90c1-2506-458d-8f6e-e90371a8cc83","local_time":"20201224005237","is_ascension_mode":true,"campfire_choices":[{"data":"Wraith Form v2","floor":7.0,"key":"SMITH"},{"floor":12.0,"key":"REST"},{"floor":15.0,"key":"REST"},{"floor":29,"key":"REST"},{"floor":32,"key":"REST"}],"circlet_count":0,"master_deck":["Strike_G","Strike_G","Defend_G","Defend_G","Survivor","Neutralize","Backflip","Catalyst","Footwork","Wraith Form v2+1","PiercingWail","Flying Knee","Well Laid Plans","Noxious Fumes","Deadly Poison","Heel Hook","Burst","Cloak And Dagger+1","Acrobatics","Flechettes","Setup+1","Leg Sweep","Flying Knee+1","Mayhem","Distraction+1","Bullet Time","Outmaneuver","Envenom","Catalyst","Reflex","Noxious Fumes+1","Phantasmal Killer","Poisoned Stab+1","Deflect+1"],"relics":["Ring of the Serpent","NeowsBlessing","Ancient Tea Set","Oddly Smooth Stone","Thread and Needle","SlaversCollar","The Specimen","Orrery","Nunchaku"],"acts_visited":["Exordium","TheCity","TheBeyond"],"potions_floor_usage":[18,18,22,23,25,33,38],"damage_taken":[{"damage":0.0,"enemies":"Small Slimes","floor":1.0,"turns":1.0},{"damage":0.0,"enemies":"Jaw Worm","floor":2.0,"turns":1.0},{"damage":0.0,"enemies":"3 Sentries","floor":6.0,"turns":2.0},{"damage":0.0,"enemies":"2 Louse","floor":8.0,"turns":4.0},{"damage":6.0,"enemies":"Red Slaver","floor":10.0,"turns":6.0},{"damage":30.0,"enemies":"Gremlin Nob","floor":11.0,"turns":7.0},{"damage":0.0,"enemies":"Exordium Thugs","floor":13.0,"turns":6.0},{"damage":0.0,"enemies":"Large Slime","floor":14.0,"turns":5.0},{"damage":27.0,"enemies":"The Guardian","floor":16.0,"turns":10.0},{"damage":15,"enemies":"3 Byrds","floor":18,"turns":7},{"damage":20,"enemies":"Chosen","floor":20,"turns":7},{"damage":0,"enemies":"Snecko","floor":22,"turns":6},{"damage":23,"enemies":"Gremlin Leader","floor":23,"turns":7},{"damage":22,"enemies":"Snake Plant","floor":25,"turns":6},{"damage":30,"enemies":"Cultist and Chosen","floor":30,"turns":8},{"damage":22,"enemies":"Collector","floor":33,"turns":7},{"damage":3,"enemies":"3 Darklings","floor":35,"turns":5},{"damage":11,"enemies":"Orb Walker","floor":36,"turns":5},{"damage":63,"enemies":"3 Darklings","floor":38,"turns":6}],"seed_played":"-2093960637764322269","potions_obtained":[{"floor":2.0,"key":"Fire Potion"},{"floor":13.0,"key":"Block Potion"},{"floor":16.0,"key":"ColorlessPotion"},{"floor":20,"key":"Poison Potion"},{"floor":22,"key":"SpeedPotion"},{"floor":23,"key":"BlessingOfTheForge"},{"floor":30,"key":"LiquidBronze"},{"floor":35,"key":"Dexterity Potion"}],"is_trial":false,"path_per_floor":["M","M","$","?","?","E","R","M","T","M","E","R","M","M","R","B",null,"M","?","M","?","M","E","$","M","T","$","?","R","M","T","R","B",null,"M","M","?","M"],"character_chosen":"THE_SILENT","items_purchased":["Footwork","Mayhem","Orrery"],"campfire_rested":4,"item_purchase_floors":[3,24,24],"current_hp_per_floor":[70,70,70,63,63,63,63,63,63,57,27,48,48,48,69,42,70,55,55,35,58,58,35,35,13,13,13,13,34,4,4,25,3,70,67,56,56,0,0],"gold":269,"neow_bonus":"THREE_ENEMY_KILL","is_daily":false,"chose_seed":false,"campfire_upgraded":1,"win_rate":0.0,"timestamp":1608767557,"path_taken":["M","M","$","?","?","E","R","M","T","M","E","R","M","M","R","BOSS","M","?","M","?","M","E","$","M","T","?","?","R","?","?","R","BOSS","M","M","?","M"],"items_purchased_type":["Card","Card","Relic"],"build_version":"2020-12-22","purchased_purges":0,"victory":false,"max_hp_per_floor":[70,70,70,70,70,70,70,70,70,70,70,70,70,70,70,70,70,70,70,70,70,70,70,70,70,70,70,70,70,70,70,70,70,70,70,70,70,70,70],"card_choices":[{"not_picked":["Sucker Punch","Setup"],"picked":"Backflip","floor":1.0},{"not_picked":["Quick Slash","Outmaneuver"],"picked":"Catalyst","floor":2.0},{"not_picked":["Dodge and Roll","Infinite Blades"],"picked":"PiercingWail","floor":6.0},{"not_picked":["Masterful Stab","Finisher"],"picked":"Flying Knee","floor":8.0},{"not_picked":["PiercingWail","Choke"],"picked":"Well Laid Plans","floor":10.0},{"not_picked":["Poisoned Stab","Riddle With Holes"],"picked":"Noxious Fumes","floor":11.0},{"not_picked":["Dagger Throw","Tactician"],"picked":"Deadly Poison","floor":13.0},{"not_picked":["Skewer","Underhanded Strike"],"picked":"Heel Hook","floor":14.0},{"not_picked":["A Thousand Cuts","Unload"],"picked":"Burst","floor":16.0},{"not_picked":["Bane","Deadly Poison"],"picked":"Cloak And Dagger+1","floor":18},{"not_picked":["Prepared","Bane"],"picked":"Setup+1","floor":20},{"not_picked":["Deflect","Deadly Poison"],"picked":"Leg Sweep","floor":22},{"not_picked":["Cloak And Dagger","Sucker Punch"],"picked":"Flying Knee+1","floor":23},{"not_picked":["Well Laid Plans+1","Sucker Punch"],"picked":"Distraction+1","floor":24},{"not_picked":["Bane+1","Setup+1"],"picked":"Bullet Time","floor":24},{"not_picked":["Concentrate","Quick Slash"],"picked":"Outmaneuver","floor":24},{"not_picked":["Dagger Throw","Poisoned Stab"],"picked":"Envenom","floor":24},{"not_picked":["Deflect","Caltrops"],"picked":"Catalyst","floor":24},{"not_picked":["Acrobatics","Predator","Poisoned Stab+1"],"picked":"SKIP","floor":25},{"not_picked":["Underhanded Strike","Backstab+1"],"picked":"Noxious Fumes+1","floor":30},{"not_picked":["Grand Finale","Unload"],"picked":"Phantasmal Killer","floor":33},{"not_picked":["Cloak And Dagger","Sucker Punch+1"],"picked":"Poisoned Stab+1","floor":35},{"not_picked":["Choke","Backstab+1"],"picked":"Deflect+1","floor":36}],"player_experience":583664,"relics_obtained":[{"floor":6.0,"key":"Ancient Tea Set"},{"floor":9.0,"key":"Oddly Smooth Stone"},{"floor":11.0,"key":"Thread and Needle"},{"floor":23,"key":"The Specimen"},{"floor":31,"key":"Nunchaku"}],"event_choices":[{"cards_removed":["Defend_G"],"damage_healed":0.0,"max_hp_gain":0.0,"max_hp_loss":0.0,"gold_gain":0.0,"event_name":"Golden Wing","player_choice":"Card Removal","floor":4.0,"gold_loss":0.0,"damage_taken":7.0},{"damage_healed":0.0,"max_hp_gain":0.0,"max_hp_loss":0.0,"gold_gain":0.0,"cards_transformed":["Strike_G"],"event_name":"Living Wall","player_choice":"Change","floor":5.0,"gold_loss":0.0,"damage_taken":0.0,"cards_obtained":["Wraith Form v2"]},{"damage_healed":0,"gold_gain":0,"cards_transformed":["Defend_G","Defend_G"],"player_choice":"Became Test Subject","damage_taken":0,"max_hp_gain":0,"max_hp_loss":0,"event_name":"Drug Dealer","floor":19,"gold_loss":0,"cards_obtained":["Acrobatics","Flechettes"]},{"damage_healed":23,"gold_gain":0,"player_choice":"Heal","damage_taken":0,"max_hp_gain":0,"max_hp_loss":0,"event_name":"The Library","floor":21,"gold_loss":0},{"damage_healed":0,"gold_gain":0,"cards_transformed":["Strike_G"],"player_choice":"Transformed","damage_taken":0,"max_hp_gain":0,"max_hp_loss":0,"event_name":"Transmorgrifier","floor":28,"gold_loss":0,"cards_obtained":["Reflex"]},{"cards_removed":["Strike_G"],"damage_healed":0,"gold_gain":0,"player_choice":"Removed Attack","damage_taken":0,"max_hp_gain":0,"max_hp_loss":0,"event_name":"Falling","floor":37,"gold_loss":0}],"is_beta":false,"boss_relics":[{"not_picked":["Runic Pyramid","Coffee Dripper"],"picked":"SlaversCollar"},{"not_picked":["SacredBark","Philosopher\u0027s Stone"],"picked":"Ring of the Serpent"}],"items_purged_floors":[],"is_endless":false,"potions_floor_spawned":[2,13,16,20,22,23,30,35],"killed_by":"3 Darklings","ascension_level":4}}