{"host":"3j7xx3dgykcuif7u","time":1608765841,"event":{"mods":["2.2 Compatiblity","Bard","BaseMod","Better Note","Better Third Choice","BetterRewards","Colored Map","Colored Powertips","Conspire","Custom Start","Downfall","Faster Ascension Climbing","Friendly Minions","GifTheSpireLib","Gremlin Skip","Hermit","Highlight Path","Hubris","Infinite Spire","Mad Scientist","Marisa????????","Mimic Mod","Minty Spire (QoL Compilation)","Permanent Neow","Potionbrewer","Quick Restart","RNG Fix","Relic Sorter","Relic Stats","Replay The Spire","Shop Mod","Somnambulant","StSLib","Stuff the Spire","SuperFastMode","The Blue Laboratory","The Construct","The Disciple","The Jungle","The Mystic","The Servant 0.9.4","vexMod"],"gold_per_floor":[117,117,135,135,159,200,200,234,234,29,49,63,63,103,103,194,194,207,207,250,282,321,321,321,404,404,404,460,483,483,516,516,609,609,633,653,93,93,114,154,174,208,256,287,287,398,398,437,437,437,437,437,3,63,63],"floor_reached":54,"playtime":7054,"items_purged":["MadScienceMod:Strike_MadScience","MadScienceMod:Strike_MadScience","MadScienceMod:BandageBot"],"score":2032,"play_id":"97dd5bf5-353a-4e75-b850-3fafc2716278","local_time":"20201223172401","is_ascension_mode":true,"campfire_choices":[{"floor":7.0,"key":"REST"},{"floor":13.0,"key":"REST"},{"floor":15.0,"key":"REST"},{"data":"MadScienceMod:OmniHammer","floor":23.0,"key":"SMITH"},{"floor":32.0,"key":"DIG"},{"data":"Replay:SS_hec_2","floor":47,"key":"SMITH"},{"floor":49,"key":"RECALL"},{"data":"MadScienceMod:Bombardment","floor":52,"key":"SMITH"}],"circlet_count":0,"master_deck":["AscendersBane","MadScienceMod:Strike_MadScience","MadScienceMod:Defend_MadScience","MadScienceMod:Defend_MadScience","MadScienceMod:Defend_MadScience","MadScienceMod:Defend_MadScience","MadScienceMod:PoweredStrike+1","MadScienceMod:HideBehindJunk","MadScienceMod:Detonate+1","MadScienceMod:AntimatterBomb+1","MadScienceMod:AntimatterBomb+1","Replay:SS_hec_2+1","MadScienceMod:SelfDestruct","MadScienceMod:RecyclingStation+1","MadScienceMod:FragmentationGrenade+1","MadScienceMod:Redesign","MadScienceMod:OmniHammer+1","MadScienceMod:MinatureWeapons+1","MadScienceMod:Bombardment+1","MadScienceMod:CloneVats","MadScienceMod:NowOrNever","MadScienceMod:NowOrNever","ReplayTheSpireMod:Book of Names","MadScienceMod:EnergyBarrier+1","MadScienceMod:Refine","MadScienceMod:ImposingConstruct+1","MadScienceMod:AssemblyLine","MadScienceMod:MakeOrBreak+1","MadScienceMod:NowOrNever+1","MadScienceMod:Booster","MadScienceMod:ExploreOptions+1","MadScienceMod:Weaponize+1","MadScienceMod:FlexibleSpear+1","MadScienceMod:NowOrNever+1","MadScienceMod:AntimatterBomb+1"],"relics":["MadScienceMod:FuelTank","infinitespire:Satchel","Golden Idol","infinitespire:CheckeredPen","StuffTheSpire:Expresso","Oddly Smooth Stone","Slimebound:TarBlob","vexMod:ConsolationPrize","MerchantsRug","infinitespire:CursedDice","hubris:TerracottaHorce","StuffTheSpire:Rhapsscallions","Anchor","hubris:BottledHeart","Darkstone Periapt","Pen Nib","hubris:RunicObelisk","vexMod:PlasmaPancake","Omamori","Garlic","Dead Branch","Whetstone","Ornamental Fan","infinitespire:Beetle Shell","StuffTheSpire:Gunfinga"],"acts_visited":["Exordium","TheCity","TheBeyond","TheEnding"],"potions_floor_usage":[],"damage_taken":[{"damage":11.0,"enemies":"conspire:RoseBush","floor":1.0,"turns":4.0},{"damage":0.0,"enemies":"Cultist","floor":3.0,"turns":4.0},{"damage":1.0,"enemies":"2 Louse","floor":5.0,"turns":1.0},{"damage":50.0,"enemies":"Gremlin Nob","floor":6.0,"turns":5.0},{"damage":13.0,"enemies":"3 Sentries","floor":8.0,"turns":6.0},{"damage":6.0,"enemies":"Exordium Thugs","floor":11.0,"turns":4.0},{"damage":0.0,"enemies":"conspire:2 RoseBushes","floor":12.0,"turns":6.0},{"damage":26.0,"enemies":"Gremlin Nob","floor":14.0,"turns":4.0},{"damage":0.0,"enemies":"Hexaghost","floor":16.0,"turns":7.0},{"damage":0.0,"enemies":"Chosen","floor":18.0,"turns":4.0},{"damage":19.0,"enemies":"2 Thieves","floor":20.0,"turns":3.0},{"damage":18.0,"enemies":"Snake Plant","floor":21.0,"turns":4.0},{"damage":48.0,"enemies":"Slavers","floor":25.0,"turns":7.0},{"damage":18.0,"enemies":"Nightmare","floor":28.0,"turns":5.0},{"damage":0.0,"enemies":"Centurion and Healer","floor":29.0,"turns":5.0},{"damage":0.0,"enemies":"Replay:Snechameleon","floor":31.0,"turns":5.0},{"damage":0.0,"enemies":"Automaton","floor":33.0,"turns":9.0},{"damage":0.0,"enemies":"3 Darklings","floor":35.0,"turns":4.0},{"damage":0.0,"enemies":"3 Shapes","floor":36.0,"turns":4.0},{"damage":0.0,"enemies":"Transient","floor":39.0,"turns":6.0},{"damage":0.0,"enemies":"Nemesis","floor":40.0,"turns":7.0},{"damage":0.0,"enemies":"3 Darklings","floor":41.0,"turns":3.0},{"damage":0.0,"enemies":"R_Hoarder","floor":42.0,"turns":12.0},{"damage":0.0,"enemies":"Nemesis","floor":44.0,"turns":7.0},{"damage":0,"enemies":"Reptomancer","floor":48,"turns":8},{"damage":0,"enemies":"Time Eater","floor":50,"turns":9},{"damage":25,"enemies":"Shield and Spear","floor":54,"turns":10}],"seed_played":"8307357291417848759","potions_obtained":[{"floor":3.0,"key":"PowerPotion"},{"floor":6.0,"key":"Weak Potion"},{"floor":8.0,"key":"blueLaboratory:ImpenetrablePotion"},{"floor":11.0,"key":"Slimebound:ThreeZeroPotion"},{"floor":14.0,"key":"potionbrewer:QuicksilverPotion"},{"floor":18.0,"key":"blueLaboratory:FruitPunch"},{"floor":21.0,"key":"LifebloodPotion"},{"floor":33.0,"key":"DistilledChaos"},{"floor":41.0,"key":"Strength Potion"},{"floor":48,"key":"Adrenaline Potion"}],"is_trial":false,"path_per_floor":["M","?","M","?","M","E","R","E","T","$","M","M","R","E","R","B",null,"M","T","M","M","$","R","?","E","T","AVR","NM","M","?","E","R_BF","B",null,"M","M","$","?","M","E","M","E","T","E","?","?","R","E","R","B",null,"R","$","E"],"character_chosen":"MAD_SCIENTIST","items_purchased":["MadScienceMod:OmniHammer","MadScienceMod:MinatureWeapons+1","MerchantsRug","MadScienceMod:AssemblyLine","MadScienceMod:MakeOrBreak+1","vexMod:PlasmaPancake","Ornamental Fan","infinitespire:Beetle Shell"],"campfire_rested":3,"item_purchase_floors":[10,10,22,37,37,37,53,53],"current_hp_per_floor":[57,57,57,57,56,6,26,13,13,13,7,7,27,1,21,21,57,57,57,38,22,22,22,22,17,17,19,1,1,1,1,1,1,1,1,1,1,1,1,1,1,1,1,1,1,1,1,1,1,1,1,1,1,1,1],"gold":63,"neow_bonus":"RANDOM_COLORLESS","is_daily":false,"chose_seed":false,"campfire_upgraded":3,"win_rate":0.0,"timestamp":1608765841,"path_taken":["M","?","M","?","M","E","R","E","T","$","M","M","R","E","R","BOSS","M","?","M","M","$","R","?","E","T","AVR","NM","M","?","E","R_BF","BOSS","M","M","$","?","M","E","M","E","T","E","?","?","R","E","R","BOSS","R","$","E"],"items_purchased_type":["Card","Card","Relic","Card","Card","Relic","Relic","Relic"],"build_version":"2020-12-22","purchased_purges":3,"victory":false,"max_hp_per_floor":[75,69,69,69,69,69,69,69,69,69,69,69,69,69,69,69,69,69,69,69,71,71,71,71,71,71,73,73,73,1,1,1,1,1,1,1,1,1,1,1,1,1,1,1,1,1,1,1,1,1,1,1,1,1,1],"relic_stats":{"Darkstone Periapt":0,"counters":[27,153],"Golden Idol":208,"Ornamental Fan":[16],"Dead Branch":[115],"Pen Nib":[11],"Whetstone":["MadScienceMod:PoweredStrike","MadScienceMod:FragmentationGrenade"],"obtain_stats":[{"MadScienceMod:FuelTank":0,"Darkstone Periapt":31,"vexMod:PlasmaPancake":37,"StuffTheSpire:Rhapsscallions":27,"Whetstone":48,"hubris:RunicObelisk":34,"hubris:TerracottaHorce":27,"StuffTheSpire:Gunfinga":54,"MerchantsRug":22,"potionbrewer:WarMedal":9,"Golden Idol":2,"infinitespire:CursedDice":25,"vexMod:ConsolationPrize":19,"Dead Branch":44,"StuffTheSpire:Expresso":8,"Oddly Smooth Stone":14,"vexMod:MysteryBossChallenge":17,"Pen Nib":32,"infinitespire:Beetle Shell":53,"Omamori":40,"infinitespire:CheckeredPen":6,"Slimebound:TarBlob":17,"Anchor":28,"hubris:BottledHeart":30,"Ornamental Fan":53,"infinitespire:Satchel":26,"Garlic":42},{"MadScienceMod:FuelTank":0,"Darkstone Periapt":16,"vexMod:PlasmaPancake":19,"StuffTheSpire:Rhapsscallions":13,"Whetstone":25,"hubris:RunicObelisk":17,"hubris:TerracottaHorce":13,"StuffTheSpire:Gunfinga":27,"MerchantsRug":12,"potionbrewer:WarMedal":5,"Golden Idol":1,"infinitespire:CursedDice":13,"vexMod:ConsolationPrize":10,"Dead Branch":24,"StuffTheSpire:Expresso":5,"Oddly Smooth Stone":8,"vexMod:MysteryBossChallenge":9,"Pen Nib":16,"infinitespire:Beetle Shell":26,"Omamori":21,"infinitespire:CheckeredPen":4,"Slimebound:TarBlob":9,"Anchor":14,"hubris:BottledHeart":15,"Ornamental Fan":26,"infinitespire:Satchel":13,"Garlic":23},{"MadScienceMod:FuelTank":0,"Darkstone Periapt":74,"vexMod:PlasmaPancake":91,"StuffTheSpire:Rhapsscallions":59,"Whetstone":134,"hubris:RunicObelisk":83,"hubris:TerracottaHorce":59,"StuffTheSpire:Gunfinga":153,"MerchantsRug":52,"potionbrewer:WarMedal":20,"Golden Idol":4,"infinitespire:CursedDice":59,"vexMod:ConsolationPrize":45,"Dead Branch":126,"StuffTheSpire:Expresso":20,"Oddly Smooth Stone":34,"vexMod:MysteryBossChallenge":41,"Pen Nib":74,"infinitespire:Beetle Shell":143,"Omamori":104,"infinitespire:CheckeredPen":14,"Slimebound:TarBlob":41,"Anchor":64,"hubris:BottledHeart":69,"Ornamental Fan":143,"infinitespire:Satchel":59,"Garlic":119}]},"card_choices":[{"not_picked":["Jack Of All Trades","Survey Options"],"picked":"Replay:SS_hec_2","floor":0.0},{"not_picked":["MadScienceMod:Bayonet","MadScienceMod:LightOnFire"],"picked":"MadScienceMod:SelfDestruct","floor":1.0},{"not_picked":["MadScienceMod:FumeBlast","MadScienceMod:AcidSpray"],"picked":"MadScienceMod:RecyclingStation","floor":3.0},{"not_picked":["MadScienceMod:RadioactiveSword","MadScienceMod:MechanicalClaw"],"picked":"MadScienceMod:FragmentationGrenade","floor":5.0},{"not_picked":["MadScienceMod:LabAccident","MadScienceMod:FumeBlast"],"picked":"MadScienceMod:Redesign","floor":6.0},{"not_picked":["MadScienceMod:Sprocket","MadScienceMod:Poke","MadScienceMod:FlexibleSpear"],"picked":"SKIP","floor":8.0},{"not_picked":["MadScienceMod:GlassCannon","MadScienceMod:RadioactiveSword"],"picked":"MadScienceMod:Bombardment","floor":11.0},{"not_picked":["MadScienceMod:RecyclingStation","MadScienceMod:FragmentationGrenade","MadScienceMod:EnergyBarrier"],"picked":"SKIP","floor":12.0},{"not_picked":["MadScienceMod:FlexibleSpear","MadScienceMod:Refuel","MadScienceMod:Generator"],"picked":"SKIP","floor":14.0},{"not_picked":["MadScienceMod:ArtilleryShot","MadScienceMod:Postpone"],"picked":"MadScienceMod:CloneVats","floor":16.0},{"not_picked":["MadScienceMod:Bombardment","MadScienceMod:MindControlBeam","MadScienceMod:GattlingGun"],"picked":"SKIP","floor":18.0},{"not_picked":["MadScienceMod:Refuel","MadScienceMod:Strafe"],"picked":"MadScienceMod:NowOrNever","floor":20.0},{"not_picked":["MadScienceMod:RadioactiveSword","MadScienceMod:AntimatterBomb","MadScienceMod:FlameCannon"],"picked":"SKIP","floor":21.0},{"not_picked":["MadScienceMod:LightOnFire","MadScienceMod:AutoStrike"],"picked":"MadScienceMod:NowOrNever","floor":25.0},{"not_picked":["MadScienceMod:Bayonet","MadScienceMod:MinatureWeapons"],"picked":"MadScienceMod:EnergyBarrier+1","floor":28.0},{"not_picked":["MadScienceMod:RadioactiveSword","MadScienceMod:SelfDestruct"],"picked":"MadScienceMod:BandageBot","floor":29.0},{"not_picked":["MadScienceMod:Virus","MadScienceMod:FlexibleSpear","MadScienceMod:MinatureWeapons"],"picked":"SKIP","floor":31.0},{"not_picked":["MadScienceMod:Automate","MadScienceMod:ArtilleryShot"],"picked":"MadScienceMod:Refine","floor":33.0},{"not_picked":["MadScienceMod:Refuel","MadScienceMod:EnergyBarrier+1"],"picked":"MadScienceMod:ImposingConstruct+1","floor":35.0},{"not_picked":["MadScienceMod:AntimatterBomb","MadScienceMod:EnergyBarrier","MadScienceMod:AutoStrike"],"picked":"SKIP","floor":36.0},{"not_picked":["MadScienceMod:RadioactiveSword","MadScienceMod:ImposingConstruct"],"picked":"MadScienceMod:NowOrNever+1","floor":39.0},{"not_picked":["MadScienceMod:ExtractOil","MadScienceMod:AssemblyLine"],"picked":"MadScienceMod:Booster","floor":40.0},{"not_picked":["MadScienceMod:FlameThrower+1","MadScienceMod:FlexibleSpear+1"],"picked":"MadScienceMod:ExploreOptions+1","floor":41.0},{"not_picked":["MadScienceMod:Lightbulb","MadScienceMod:NowOrNever","MadScienceMod:MechanicalClaw"],"picked":"SKIP","floor":42.0},{"not_picked":["MadScienceMod:Generator","MadScienceMod:Refuel","MadScienceMod:GattlingGun"],"picked":"SKIP","floor":44.0},{"not_picked":["MadScienceMod:OilDrum","MadScienceMod:MindControlBeam"],"picked":"MadScienceMod:Weaponize+1","floor":46.0},{"not_picked":["MadScienceMod:EnergyBarrier","MadScienceMod:AntimatterBomb"],"picked":"MadScienceMod:FlexibleSpear+1","floor":46.0},{"not_picked":["MadScienceMod:MindControlBeam","MadScienceMod:FragmentationGrenade"],"picked":"MadScienceMod:NowOrNever+1","floor":48},{"not_picked":["MadScienceMod:Refuel","MadScienceMod:NowOrNever"],"picked":"MadScienceMod:AntimatterBomb+1","floor":54}],"player_experience":944323,"relics_obtained":[{"floor":6.0,"key":"infinitespire:CheckeredPen"},{"floor":8.0,"key":"StuffTheSpire:Expresso"},{"floor":9.0,"key":"potionbrewer:WarMedal"},{"floor":14.0,"key":"Oddly Smooth Stone"},{"floor":19.0,"key":"vexMod:ConsolationPrize"},{"floor":25.0,"key":"infinitespire:CursedDice"},{"floor":26.0,"key":"infinitespire:Satchel"},{"floor":28.0,"key":"Anchor"},{"floor":31.0,"key":"Darkstone Periapt"},{"floor":32.0,"key":"Pen Nib"},{"floor":40.0,"key":"Omamori"},{"floor":42.0,"key":"Garlic"},{"floor":44.0,"key":"Dead Branch"},{"floor":48,"key":"Whetstone"},{"floor":54,"key":"StuffTheSpire:Gunfinga"}],"event_choices":[{"damage_healed":0.0,"max_hp_gain":0.0,"max_hp_loss":6.0,"gold_gain":0.0,"event_name":"Golden Idol","player_choice":"Lose Max HP","floor":2.0,"gold_loss":0.0,"damage_taken":0.0,"relics_obtained":["Golden Idol"]},{"damage_healed":0.0,"max_hp_gain":0.0,"max_hp_loss":0.0,"gold_gain":0.0,"event_name":"Living Wall","player_choice":"Grow","floor":4.0,"gold_loss":0.0,"damage_taken":0.0,"cards_upgraded":["MadScienceMod:RecyclingStation"]},{"cards_removed":["MadScienceMod:OmniHammer"],"damage_healed":0.0,"max_hp_gain":0.0,"max_hp_loss":0.0,"gold_gain":0.0,"event_name":"betterNote:BetterNote","player_choice":"Give","floor":24.0,"gold_loss":0.0,"damage_taken":0.0,"cards_obtained":["None"]}],"is_beta":false,"boss_relics":[{"not_picked":["ReplayTheSpireMod:DimensionalGlitch","vexMod:BigBerry"],"picked":"vexMod:MysteryBossChallenge"},{"not_picked":["ChewingGum","hubris:CrackedHourglass"],"picked":"hubris:RunicObelisk"}],"items_purged_floors":[10,27,37],"is_endless":false,"potions_floor_spawned":[3,6,8,11,14,16,18,21,25,33,35,36,41,48],"killed_by":"Shield and Spear","ascension_level":13}}