{"host":"6ld56ls1xbe0aj21","time":1608692863,"event":{"mods":["AchievementEnabler","BaseMod","Colored Powertips","Minty Spire (QoL Compilation)","Quick Restart","Rare Cards Sparkle","StSLib","SuperFastMode","everything is the same but u backflip on backflip","slay the spire mod where everything is the same but ironclad has a cowboy hat"],"gold_per_floor":[113,63,63,63,138,138,153,181,204,271,300,300,325,365,365,470,479,501,522,555,586,598,610,610],"floor_reached":23,"playtime":759,"items_purged":[],"score":229,"play_id":"82b3bf92-33c3-4951-8536-d7f8c90a7cdc","local_time":"20201223140743","is_ascension_mode":true,"campfire_choices":[{"data":"Poisoned Stab","floor":6.0,"key":"SMITH"},{"floor":12.0,"key":"REST"},{"data":"Bane","floor":15.0,"key":"SMITH"}],"circlet_count":0,"master_deck":["Strike_G","Strike_G","Strike_G","Defend_G","Defend_G","Defend_G","Defend_G","Defend_G","Survivor","Neutralize","Poisoned Stab+1","Terror","Poisoned Stab","Noxious Fumes","Setup+1","Dodge and Roll+1","Bane+1","Bullet Time+1","CurseOfTheBell","Distraction+1","Backflip+1","Venomology+1"],"relics":["Black Star","Paper Crane","PreservedInsect","Toxic Egg 2","Potion Belt","CeramicFish","Happy Flower","Matryoshka","Calling Bell","MawBank","Ornamental Fan","Incense Burner"],"acts_visited":["TheCity"],"potions_floor_usage":[],"damage_taken":[{"damage":0.0,"enemies":"Small Slimes","floor":1.0,"turns":3.0},{"damage":1.0,"enemies":"2 Louse","floor":7.0,"turns":2.0},{"damage":22.0,"enemies":"Gremlin Nob","floor":8.0,"turns":4.0},{"damage":17.0,"enemies":"Lagavulin Event","floor":10.0,"turns":4.0},{"damage":1.0,"enemies":"Cultist","floor":11.0,"turns":3.0},{"damage":3.0,"enemies":"Exordium Thugs","floor":13.0,"turns":4.0},{"damage":2.0,"enemies":"Lagavulin","floor":14.0,"turns":5.0},{"damage":9.0,"enemies":"Hexaghost","floor":16.0,"turns":7.0},{"damage":24.0,"enemies":"Shell Parasite","floor":18.0,"turns":6.0},{"damage":11.0,"enemies":"Spheric Guardian","floor":20.0,"turns":7.0},{"damage":3.0,"enemies":"Centurion and Healer","floor":21.0,"turns":6.0},{"damage":21,"enemies":"Slavers","floor":23,"turns":1}],"seed_played":"1742893532963810940","potions_obtained":[{"floor":1.0,"key":"Dexterity Potion"},{"floor":7.0,"key":"AttackPotion"},{"floor":8.0,"key":"CultistPotion"},{"floor":11.0,"key":"LiquidMemories"},{"floor":16.0,"key":"DuplicationPotion"},{"floor":20.0,"key":"BlessingOfTheForge"}],"is_trial":false,"path_per_floor":["M","?","$","?","?","R","M","E","T","?","M","R","M","E","R","B",null,"M","?","M","M","?","E"],"character_chosen":"THE_SILENT","items_purchased":[],"campfire_rested":1,"item_purchase_floors":[],"current_hp_per_floor":[70,70,70,67,56,56,55,33,33,16,15,36,33,31,31,22,70,46,46,35,32,19,0,0],"gold":610,"neow_bonus":"BOSS_RELIC","is_daily":false,"chose_seed":false,"campfire_upgraded":2,"win_rate":0.0,"timestamp":1608692863,"path_taken":["M","?","$","?","?","R","M","E","T","?","M","R","M","E","R","BOSS","M","?","?","M","?","E"],"items_purchased_type":[],"build_version":"2020-12-13","purchased_purges":0,"victory":false,"max_hp_per_floor":[70,70,70,70,70,70,70,70,70,70,70,70,70,70,70,70,70,70,70,70,70,75,75,75],"card_choices":[{"not_picked":["Slice","Expertise"],"picked":"Poisoned Stab","floor":1.0},{"not_picked":["Calculated Gamble","Heel Hook"],"picked":"Terror","floor":7.0},{"not_picked":["Cloak And Dagger+1","Dagger Spray"],"picked":"Poisoned Stab","floor":8.0},{"not_picked":["Dagger Spray","Deflect+1"],"picked":"Noxious Fumes","floor":10.0},{"not_picked":["Dagger Spray","Cloak And Dagger+1"],"picked":"Setup+1","floor":11.0},{"not_picked":["Terror+1","Flying Knee"],"picked":"Dodge and Roll+1","floor":13.0},{"not_picked":["Reflex+1","Infinite Blades"],"picked":"Bane","floor":14.0},{"not_picked":["Malaise+1","After Image"],"picked":"Bullet Time+1","floor":16.0},{"not_picked":["Outmaneuver+1","Dagger Throw","Underhanded Strike"],"picked":"SKIP","floor":18.0},{"not_picked":["Footwork","Underhanded Strike"],"picked":"Backflip+1","floor":20.0},{"not_picked":["Cloak And Dagger+1","Slice"],"picked":"Venomology+1","floor":21.0}],"player_experience":235811,"relics_obtained":[{"floor":8.0,"key":"PreservedInsect"},{"floor":8.0,"key":"Toxic Egg 2"},{"floor":9.0,"key":"Potion Belt"},{"floor":10.0,"key":"CeramicFish"},{"floor":14.0,"key":"Happy Flower"},{"floor":14.0,"key":"Matryoshka"},{"floor":17.0,"key":"MawBank"},{"floor":17.0,"key":"Ornamental Fan"},{"floor":17.0,"key":"Incense Burner"}],"event_choices":[{"cards_removed":["Strike_G"],"damage_healed":0.0,"max_hp_gain":0.0,"max_hp_loss":0.0,"gold_gain":0.0,"event_name":"The Cleric","player_choice":"Card Removal","floor":2.0,"gold_loss":50.0,"damage_taken":0.0},{"damage_healed":0.0,"max_hp_gain":0.0,"max_hp_loss":0.0,"gold_gain":0.0,"event_name":"Scrap Ooze","player_choice":"Success","floor":4.0,"gold_loss":0.0,"damage_taken":3.0,"relics_obtained":["Paper Crane"]},{"damage_healed":0.0,"max_hp_gain":0.0,"max_hp_loss":0.0,"gold_gain":75.0,"event_name":"World of Goop","player_choice":"Gather Gold","floor":5.0,"gold_loss":0.0,"damage_taken":11.0},{"damage_healed":0.0,"max_hp_gain":0.0,"max_hp_loss":0.0,"gold_gain":0.0,"event_name":"Dead Adventurer","player_choice":"Searched \u00272\u0027 times","floor":10.0,"gold_loss":0.0,"damage_taken":0.0},{"damage_healed":0.0,"max_hp_gain":0.0,"max_hp_loss":0.0,"gold_gain":0.0,"cards_transformed":["Strike_G"],"event_name":"Transmorgrifier","player_choice":"Transformed","floor":19.0,"gold_loss":0.0,"damage_taken":0.0,"cards_obtained":["Distraction"]},{"damage_healed":0.0,"max_hp_gain":5.0,"max_hp_loss":0.0,"gold_gain":0.0,"event_name":"Forgotten Altar","player_choice":"Shed Blood","floor":22.0,"gold_loss":0.0,"damage_taken":18.0}],"is_beta":false,"boss_relics":[{"not_picked":["Snecko Eye","Philosopher\u0027s Stone"],"picked":"Calling Bell"}],"items_purged_floors":[],"is_endless":false,"potions_floor_spawned":[1,7,8,11,16,20],"killed_by":"Slavers","ascension_level":3}}