{"host":"naykp6d9ulahlwib","time":1608760263,"event":{"mods":["BaseMod","Highlight Path","Minty Spire (QoL Compilation)","Shop Mod","StSLib"],"gold_per_floor":[110,110,134,152,171,171,171,202,226,226,226,66,85,100,100,100,100],"floor_reached":16,"playtime":1345,"items_purged":["Regret"],"score":189,"play_id":"0fabcb60-b539-46e9-b158-88c23e725be4","local_time":"20201223155103","is_ascension_mode":true,"campfire_choices":[{"floor":6,"key":"REST"},{"data":"SpiritShield","floor":10,"key":"SMITH"},{"floor":15,"key":"REST"}],"circlet_count":0,"master_deck":["AscendersBane","Strike_P","Strike_P","Strike_P","Defend_P","Defend_P","Defend_P","Defend_P","Eruption","Vigilance","SpiritShield+1","Wallop","Prostrate","Judgement","EmptyFist","Pray"],"relics":["PureWater","Golden Idol","Nunchaku","Bag of Preparation","Oddly Smooth Stone"],"acts_visited":["Exordium"],"potions_floor_usage":[8,16],"damage_taken":[{"damage":0.0,"enemies":"2 Louse","floor":1.0,"turns":4.0},{"damage":5.0,"enemies":"Small Slimes","floor":3.0,"turns":5.0},{"damage":0,"enemies":"Jaw Worm","floor":4,"turns":3},{"damage":4,"enemies":"2 Fungi Beasts","floor":5,"turns":5},{"damage":12,"enemies":"3 Sentries","floor":8,"turns":9},{"damage":1,"enemies":"Large Slime","floor":13,"turns":7},{"damage":0,"enemies":"Exordium Wildlife","floor":14,"turns":3},{"damage":63,"enemies":"The Guardian","floor":16,"turns":9}],"seed_played":"1411608148246502545","potions_obtained":[{"floor":1.0,"key":"BottledMiracle"},{"floor":3.0,"key":"Dexterity Potion"}],"is_trial":false,"path_per_floor":["M","?","M","M","M","R","?","E","T","R","?","$","M","M","R","B"],"character_chosen":"WATCHER","items_purchased":["Pray"],"campfire_rested":2,"item_purchase_floors":[12],"current_hp_per_floor":[61,38,33,33,29,49,49,37,37,37,37,37,36,36,56,0,0],"gold":100,"neow_bonus":"ONE_RANDOM_RARE_CARD","is_daily":false,"chose_seed":false,"campfire_upgraded":1,"win_rate":0.0,"timestamp":1608760263,"path_taken":["M","?","M","M","M","R","?","E","T","R","?","$","M","M","R","BOSS"],"items_purchased_type":["Card"],"build_version":"2020-12-22","purchased_purges":1,"victory":false,"max_hp_per_floor":[68,68,68,68,68,68,68,68,68,68,68,68,68,68,68,68,68],"card_choices":[{"not_picked":["EmptyMind","Evaluate"],"picked":"Wallop","floor":1.0},{"not_picked":["WreathOfFlame","Adaptation"],"picked":"Prostrate","floor":3.0},{"not_picked":["ThirdEye","Protect","EmptyBody"],"picked":"SKIP","floor":4},{"not_picked":["ThirdEye","PathToVictory"],"picked":"Judgement","floor":5},{"not_picked":["PathToVictory","FlurryOfBlows"],"picked":"EmptyFist","floor":8},{"not_picked":["FlyingSleeves","ReachHeaven","BowlingBash"],"picked":"SKIP","floor":13},{"not_picked":["BowlingBash","FlyingSleeves","Protect"],"picked":"SKIP","floor":14}],"player_experience":876993,"relics_obtained":[{"floor":8,"key":"Nunchaku"},{"floor":9,"key":"Bag of Preparation"}],"event_choices":[{"damage_healed":0.0,"max_hp_gain":0.0,"max_hp_loss":0.0,"gold_gain":0.0,"event_name":"Golden Idol","player_choice":"Take Damage","floor":2.0,"gold_loss":0.0,"damage_taken":23.0,"relics_obtained":["Golden Idol"]},{"cards_removed":["Strike_P"],"damage_healed":0,"gold_gain":0,"player_choice":"Forget","damage_taken":0,"max_hp_gain":0,"max_hp_loss":0,"event_name":"Living Wall","floor":7,"gold_loss":0},{"damage_healed":0,"gold_gain":0,"player_choice":"Box","damage_taken":0,"relics_obtained":["Oddly Smooth Stone"],"max_hp_gain":0,"max_hp_loss":0,"event_name":"Big Fish","floor":11,"gold_loss":0,"cards_obtained":["Regret"]}],"is_beta":false,"boss_relics":[],"items_purged_floors":[12],"is_endless":false,"potions_floor_spawned":[1,3,4],"killed_by":"The Guardian","ascension_level":17}}