{"host":"mqhvlr3kpxebko0t","time":1608685217,"event":{"mods":["AchievementEnabler","BaseMod","Colored Map","Colored Powertips","Keyboard Shortcuts","Minty Spire (QoL Compilation)","StSLib","SuperFastMode"],"gold_per_floor":[110,110,137,150,75,102,117,42,42,42,42,70,70,84,84,161,161,180,180,193,93,107,136,149,24,24,42,61,261,261,281,281,354,354,367,101,111,111,111,111,111,111,111,111,125,156,156,62,62,62],"floor_reached":51,"playtime":990,"items_purged":["Strike_G","Defend_G","Defend_G","Dash"],"score":1324,"play_id":"1bbf6266-ff1f-4e6f-bfb2-e031234791c3","local_time":"20201223100017","is_ascension_mode":true,"campfire_choices":[{"data":"Footwork","floor":11.0,"key":"SMITH"},{"data":"Accuracy","floor":13.0,"key":"SMITH"},{"data":"Neutralize","floor":15.0,"key":"SMITH"},{"floor":30,"key":"REST"},{"data":"A Thousand Cuts","floor":32,"key":"SMITH"},{"data":"Prepared","floor":40,"key":"SMITH"},{"data":"Cloak And Dagger","floor":42,"key":"SMITH"},{"data":"Accuracy","floor":44,"key":"SMITH"},{"data":"Reflex","floor":47,"key":"SMITH"},{"data":"Finesse","floor":49,"key":"SMITH"}],"circlet_count":0,"master_deck":["AscendersBane","Defend_G","Survivor","Neutralize+1","Blade Dance+1","Footwork+1","Accuracy+1","PiercingWail","A Thousand Cuts+1","Dodge and Roll+1","Distraction+1","Caltrops+1","Escape Plan","Reflex+1","Blade Dance+1","Cloak And Dagger+1","Accuracy+1","Prepared+1","Finesse+1"],"relics":["Ring of the Snake","NeowsBlessing","War Paint","Ancient Tea Set","Omamori","Shuriken","Astrolabe","Strawberry","Bird Faced Urn","WristBlade","Ninja Scroll","White Beast Statue"],"acts_visited":["Exordium","TheCity","TheBeyond"],"potions_floor_usage":[50],"damage_taken":[{"damage":0.0,"enemies":"Small Slimes","floor":1.0,"turns":1.0},{"damage":0.0,"enemies":"Jaw Worm","floor":4.0,"turns":1.0},{"damage":0.0,"enemies":"Lagavulin","floor":6.0,"turns":1.0},{"damage":0.0,"enemies":"Cultist","floor":7.0,"turns":3.0},{"damage":3.0,"enemies":"3 Sentries","floor":12.0,"turns":11.0},{"damage":0.0,"enemies":"2 Fungi Beasts","floor":14.0,"turns":3.0},{"damage":11.0,"enemies":"Hexaghost","floor":16.0,"turns":13.0},{"damage":0.0,"enemies":"Chosen","floor":18.0,"turns":5.0},{"damage":3.0,"enemies":"Shell Parasite","floor":20.0,"turns":4.0},{"damage":7.0,"enemies":"Centurion and Healer","floor":22.0,"turns":6.0},{"damage":48.0,"enemies":"Slavers","floor":23.0,"turns":6.0},{"damage":4.0,"enemies":"3 Cultists","floor":24.0,"turns":6.0},{"damage":1.0,"enemies":"Snecko","floor":27.0,"turns":4.0},{"damage":9.0,"enemies":"Shelled Parasite and Fungi","floor":28.0,"turns":4.0},{"damage":0,"enemies":"Centurion and Healer","floor":31,"turns":4},{"damage":23,"enemies":"Automaton","floor":33,"turns":6},{"damage":0,"enemies":"Orb Walker","floor":35,"turns":2},{"damage":9,"enemies":"3 Shapes","floor":37,"turns":8},{"damage":2,"enemies":"Sphere and 2 Shapes","floor":45,"turns":3},{"damage":0,"enemies":"Reptomancer","floor":46,"turns":3},{"damage":76,"enemies":"Time Eater","floor":50,"turns":7}],"seed_played":"-1403665885943200957","potions_obtained":[{"floor":4.0,"key":"BlessingOfTheForge"},{"floor":7.0,"key":"Dexterity Potion"},{"floor":14.0,"key":"Explosive Potion"},{"floor":18.0,"key":"Strength Potion"},{"floor":22.0,"key":"AttackPotion"},{"floor":24.0,"key":"Block Potion"},{"floor":31,"key":"SpeedPotion"},{"floor":33,"key":"SteroidPotion"},{"floor":45,"key":"GamblersBrew"}],"is_trial":false,"path_per_floor":["M","?","T","M","$","E","M","?","T","?","R","E","R","M","R","B",null,"M","?","M","$","M","E","M","$","T","M","M","?","R","M","R","B",null,"M","$","M","?","$","R","?","R","T","R","M","E","R","$","R","B",null],"character_chosen":"THE_SILENT","items_purchased":["Accuracy","Prepared","Finesse"],"campfire_rested":1,"item_purchase_floors":[36,36,48],"current_hp_per_floor":[59,64,64,64,64,64,64,64,64,53,53,50,50,50,50,39,63,63,63,60,60,53,12,8,8,8,11,8,8,31,39,39,24,65,65,65,66,66,66,66,66,66,66,66,72,78,78,78,78,6],"gold":62,"neow_bonus":"THREE_ENEMY_KILL","is_daily":false,"chose_seed":false,"campfire_upgraded":9,"win_rate":0.0,"timestamp":1608685217,"path_taken":["M","?","?","M","$","E","?","?","T","?","R","E","R","M","R","BOSS","M","?","M","$","M","E","M","$","T","M","?","?","R","M","R","BOSS","M","?","M","?","$","R","?","R","T","R","M","E","R","$","R","BOSS"],"items_purchased_type":["Card","Card","Card"],"build_version":"2020-12-13","purchased_purges":4,"victory":true,"max_hp_per_floor":[66,71,71,71,71,71,71,71,71,71,71,71,71,71,71,71,71,71,71,71,71,71,78,78,78,78,78,78,78,78,78,78,78,78,78,78,78,78,78,78,78,78,78,78,78,78,78,78,78,78],"card_choices":[{"not_picked":["Outmaneuver","Noxious Fumes"],"picked":"Blade Dance","floor":1.0},{"not_picked":["Prepared","Concentrate","Sucker Punch"],"picked":"SKIP","floor":4.0},{"not_picked":["Sucker Punch","Tactician"],"picked":"Dash","floor":6.0},{"not_picked":["PiercingWail","Endless Agony"],"picked":"Footwork","floor":7.0},{"not_picked":["Grand Finale","Backstab"],"picked":"Accuracy","floor":12.0},{"not_picked":["PiercingWail","Endless Agony","Skewer"],"picked":"SKIP","floor":14.0},{"not_picked":["Endless Agony","Skewer"],"picked":"PiercingWail","floor":14.0},{"not_picked":["Wraith Form v2","Doppelganger"],"picked":"A Thousand Cuts","floor":16.0},{"not_picked":["Catalyst","Underhanded Strike"],"picked":"Escape Plan","floor":18.0},{"not_picked":["Flying Knee","Endless Agony","Slice+1"],"picked":"SKIP","floor":20.0},{"not_picked":["Crippling Poison","Acrobatics","Quick Slash+1"],"picked":"SKIP","floor":22.0},{"not_picked":["Flying Knee","Outmaneuver"],"picked":"Reflex","floor":23.0},{"not_picked":["Tactician","Slice+1"],"picked":"Blade Dance+1","floor":24.0},{"not_picked":["Deadly Poison","Endless Agony+1"],"picked":"Cloak And Dagger","floor":27.0},{"not_picked":["Flying Knee","Caltrops","Riddle With Holes+1"],"picked":"SKIP","floor":28.0},{"not_picked":["Reflex","Dagger Throw+1","Distraction"],"picked":"SKIP","floor":31},{"not_picked":["Deflect+1","Slice","Quick Slash"],"picked":"SKIP","floor":35},{"not_picked":["Outmaneuver","Heel Hook","Poisoned Stab"],"picked":"SKIP","floor":37},{"not_picked":["Dagger Throw+1","Slice","Backstab"],"picked":"SKIP","floor":45},{"not_picked":["Dagger Spray","Caltrops+1","Noxious Fumes+1"],"picked":"SKIP","floor":46}],"player_experience":676688,"relics_obtained":[{"floor":3.0,"key":"War Paint"},{"floor":6.0,"key":"Ancient Tea Set"},{"floor":12.0,"key":"Shuriken"},{"floor":23.0,"key":"Strawberry"},{"floor":26.0,"key":"Bird Faced Urn"},{"floor":43,"key":"Ninja Scroll"},{"floor":46,"key":"White Beast Statue"}],"event_choices":[{"damage_healed":0.0,"max_hp_gain":5.0,"max_hp_loss":0.0,"gold_gain":0.0,"event_name":"Big Fish","player_choice":"Donut","floor":2.0,"gold_loss":0.0,"damage_taken":0.0},{"cards_removed":["Strike_G"],"damage_healed":0.0,"max_hp_gain":0.0,"max_hp_loss":0.0,"gold_gain":0.0,"event_name":"The Cleric","player_choice":"Card Removal","floor":8.0,"gold_loss":75.0,"damage_taken":0.0},{"damage_healed":0.0,"max_hp_gain":0.0,"max_hp_loss":0.0,"gold_gain":0.0,"event_name":"Scrap Ooze","player_choice":"Success","floor":10.0,"gold_loss":0.0,"damage_taken":11.0,"relics_obtained":["Omamori"]},{"cards_removed":["Defend_G"],"damage_healed":0.0,"max_hp_gain":0.0,"max_hp_loss":0.0,"gold_gain":0.0,"event_name":"Bonfire Elementals","player_choice":"Offered Basic","floor":19.0,"gold_loss":0.0,"damage_taken":0.0},{"damage_healed":0,"gold_gain":250,"player_choice":"Bet on Owner","damage_taken":0,"max_hp_gain":0,"max_hp_loss":0,"event_name":"The Joust","floor":29,"gold_loss":50},{"damage_healed":0,"gold_gain":0,"player_choice":"Ignored","damage_taken":0,"max_hp_gain":0,"max_hp_loss":0,"event_name":"Tomb of Lord Red Mask","floor":38,"gold_loss":0},{"cards_removed":["Defend_G"],"damage_healed":0,"gold_gain":0,"player_choice":"Removed Skill","damage_taken":0,"max_hp_gain":0,"max_hp_loss":0,"event_name":"Falling","floor":41,"gold_loss":0}],"is_beta":false,"boss_relics":[{"not_picked":["Fusion Hammer","Runic Pyramid"],"picked":"Astrolabe"},{"not_picked":["HoveringKite","Empty Cage"],"picked":"WristBlade"}],"items_purged_floors":[5,21,25,36],"is_endless":false,"potions_floor_spawned":[4,7,14,18,20,22,24,31,33,45],"ascension_level":15}}