{"host":"porgtwlvhh3hs75v","time":1608697165,"event":{"mods":["ATMod(°¢èªMod)","Act Like it!","BaseMod","GifTheSpireLib","Minty Spire (QoL Compilation)","Replay The Spire","StSLib","The Cursed","The Servant 0.9.4"],"gold_per_floor":[117,117,167,179,194,194,37,37,37,71,88,98,117,117,117,117,117],"floor_reached":16,"playtime":670,"items_purged":[],"score":204,"play_id":"a7ab4214-7ec7-489c-bfcb-7cbee8ea337b","local_time":"20201223121925","is_ascension_mode":true,"campfire_choices":[{"data":"Blade Dance","floor":6.0,"key":"SMITH"},{"data":"AT_Dispersion","floor":8.0,"key":"SMITH"},{"data":"Glass Knife","floor":15.0,"key":"SMITH"}],"circlet_count":0,"master_deck":["AscendersBane","Strike_G","Strike_G","Strike_G","Strike_G","Defend_G","Defend_G","Defend_G","Defend_G","Defend_G","Survivor","Neutralize","AT_Dispersion+1","Hidden Blade","Blade Dance+1","Glass Knife+1"],"relics":["Ring of the Snake","AT_ATBox","NeowsBlessing","Gremlin Food","Vajra","TungstenRod"],"acts_visited":["Exordium"],"potions_floor_usage":[16],"damage_taken":[{"damage":0.0,"enemies":"2 Louse","floor":1.0,"turns":2.0},{"damage":0.0,"enemies":"Cultist","floor":4.0,"turns":1.0},{"damage":0.0,"enemies":"Jaw Worm","floor":5.0,"turns":1.0},{"damage":15.0,"enemies":"3 Sentries","floor":10.0,"turns":9.0},{"damage":9.0,"enemies":"Exordium Thugs","floor":11.0,"turns":4.0},{"damage":0.0,"enemies":"Blue Slaver","floor":12.0,"turns":1.0},{"damage":0.0,"enemies":"2 Fungi Beasts","floor":13.0,"turns":3.0},{"damage":33,"enemies":"Fading Forest","floor":16,"turns":12}],"seed_played":"1058735371695136789","potions_obtained":[{"floor":5.0,"key":"Energy Potion"},{"floor":13.0,"key":"AttackPotion"}],"is_trial":false,"path_per_floor":["M","?","?","M","M","R","$","R","T","E","M","M","M","?","R","B"],"character_chosen":"THE_SILENT","items_purchased":["Gremlin Food"],"campfire_rested":0,"item_purchase_floors":[7],"current_hp_per_floor":[59,59,59,59,59,59,59,59,59,44,35,35,35,30,30,0,0],"gold":117,"neow_bonus":"THREE_ENEMY_KILL","is_daily":false,"chose_seed":false,"campfire_upgraded":3,"win_rate":0.0,"timestamp":1608697165,"path_taken":["M","?","?","?","M","R","$","R","T","E","M","M","M","?","R","BOSS"],"items_purchased_type":["Relic"],"build_version":"2020-12-13","purchased_purges":0,"victory":false,"max_hp_per_floor":[66,66,66,66,66,66,66,66,66,66,66,66,66,66,66,66,66],"card_choices":[{"not_picked":["Deflect","ReplayTheSpireMod:Shiv Toss","Dagger Spray"],"picked":"SKIP","floor":1.0},{"not_picked":["Toxin Wave","Slice"],"picked":"Hidden Blade","floor":4.0},{"not_picked":["Slice","All Out Attack"],"picked":"Blade Dance","floor":5.0},{"not_picked":["PiercingWail","Flying Knee","Masterful Stab"],"picked":"SKIP","floor":10.0},{"not_picked":["Dodge and Roll","Hidden Blade"],"picked":"Glass Knife","floor":11.0},{"not_picked":["ReplayTheSpireMod:Exploit Weakness","Hidden Blade","Choke"],"picked":"SKIP","floor":12.0},{"not_picked":["Heel Hook","AT_WindFlip","Bane"],"picked":"SKIP","floor":13.0}],"player_experience":519723,"relics_obtained":[{"floor":10.0,"key":"Vajra"}],"event_choices":[{"cards_removed":["Strike_G"],"damage_healed":0.0,"max_hp_gain":0.0,"max_hp_loss":0.0,"gold_gain":0.0,"event_name":"Living Wall","player_choice":"Forget","floor":2.0,"gold_loss":0.0,"damage_taken":0.0},{"damage_healed":0.0,"max_hp_gain":0.0,"max_hp_loss":0.0,"gold_gain":50.0,"event_name":"Golden Shrine","player_choice":"Pray","floor":3.0,"gold_loss":0.0,"damage_taken":0.0},{"damage_healed":0.0,"max_hp_gain":0.0,"max_hp_loss":0.0,"gold_gain":0.0,"event_name":"Scrap Ooze","player_choice":"Success","floor":14.0,"gold_loss":0.0,"damage_taken":5.0,"relics_obtained":["TungstenRod"]}],"is_beta":false,"boss_relics":[],"items_purged_floors":[],"is_endless":false,"potions_floor_spawned":[5,13],"killed_by":"Fading Forest","ascension_level":20}}