{"host":"580ga1x1z8x1b2ni","time":1608727858,"event":{"mods":["Act Like it!","BaseMod","BetterRewards","Hallownest","Hubris","Minty Spire (QoL Compilation)","Replay The Spire","StSLib","Waifu the Spire","[IsaacMod]ÒÔÈö¼âËþ","vexMod"],"gold_per_floor":[115,115,133,133,157,210,210,238,238,284,284,331,354,402,402,516,516,547,577,481,481,55,55,55,99,124,171,171,228,255,309,309,424,424,448,448,481,481,515,554,654,682,705,752,623,668,668,703,703,739],"floor_reached":51,"playtime":2323,"items_purged":["EmptyFist"],"score":1413,"play_id":"3217941e-e2fd-4b3e-9a49-960aec5838d8","local_time":"20201223205058","daily_mods":["SealedDeck","Vintage","Heirloom","Time Dilation","Elite Swarm","Binary"],"is_ascension_mode":true,"campfire_choices":[{"data":"Pray","floor":7.0,"key":"SMITH"},{"data":"Replay:Cycle","floor":15.0,"key":"SMITH"},{"data":"DeusExMachina","floor":23.0,"key":"SMITH"},{"data":"Protect+1","floor":32,"key":"PURGE"}],"circlet_count":0,"master_deck":["FearNoEvil+1","FollowUp+1","Replay:Cycle+1","Pray+1","EmptyMind+1","MentalFortress+1","CutThroughFate+1","CutThroughFate+1","DeusExMachina+1","LessonLearned+1","Tantrum+1","InnerPeace+1","Judgement","Fasting2+1","Replay:BasicMightCard+1","TalkToTheHand+1"],"relics":["PureWater","Busted Crown","HushsDoor","Leech","Peace Pipe","Replay:Bandana","The Courier","Frozen Egg 2","hubris:TenFootPole","vexMod:FocusSash","Bag of Preparation","Mercury Hourglass","MoneyPower","Anchor","Torii","hubris:Teleporter","Runic Dome","Regal Pillow","PreservedInsect","HornCleat","ReplayTheSpireMod:Lightbulb","Dream Catcher","Akabeko","ReplayFunnel","Replay:Bottled Steam","Red Mask","BFFS","SalivaCoin","Replay:Rubber Ducky","Fusion Hammer","Vajra","Blue Candle","Blood Vial","Du-Vu Doll","Question Card","Ancient Tea Set","Smiling Mask","Blue Doll","Chameleon Ring"],"acts_visited":["Hallownest:Greenpath","Hallownest:CityofTears","TheBeyond"],"potions_floor_usage":[50,50],"damage_taken":[{"damage":0.0,"enemies":"Hallownest:2_Baldur","floor":1.0,"turns":2.0},{"damage":0.0,"enemies":"Hallownest:monsterHuskWarrior","floor":3.0,"turns":2.0},{"damage":0.0,"enemies":"Hallownest:2_MossCreeps","floor":5.0,"turns":1.0},{"damage":0.0,"enemies":"Hallownest:eliteVengeflyKing","floor":6.0,"turns":3.0},{"damage":1.0,"enemies":"Hallownest:1_Baldur_1_Crawlid_1_Warrior","floor":8.0,"turns":3.0},{"damage":0.0,"enemies":"Hallownest:eliteCrystalGuardian","floor":10.0,"turns":2.0},{"damage":0.0,"enemies":"Hallownest:eliteMossKnight","floor":12.0,"turns":2.0},{"damage":0.0,"enemies":"Hallownest:Guard_and_Warrior","floor":13.0,"turns":1.0},{"damage":0.0,"enemies":"Hallownest:eliteVengeflyKing","floor":14.0,"turns":2.0},{"damage":0.0,"enemies":"Hallownest:BossBrokenVessel","floor":16.0,"turns":2.0},{"damage":0.0,"enemies":"Hallownest:3_Youths","floor":18.0,"turns":2.0},{"damage":0.0,"enemies":"Hallownest:2_Mistakes","floor":19.0,"turns":1.0},{"damage":0.0,"enemies":"Hallownest:3_Mistakes","floor":25.0,"turns":2.0},{"damage":0,"enemies":"Hallownest:eliteWatcherKnight","floor":27,"turns":5},{"damage":0,"enemies":"Hallownest:Nosk","floor":29,"turns":2},{"damage":0,"enemies":"Hallownest:Master_and_Novice","floor":30,"turns":1},{"damage":0,"enemies":"Hallownest:Glutton_and_Coward","floor":31,"turns":1},{"damage":0,"enemies":"Hallownest:BossGrimm","floor":33,"turns":2},{"damage":0,"enemies":"Orb Walker","floor":35,"turns":1},{"damage":0,"enemies":"3 Darklings","floor":37,"turns":1},{"damage":0,"enemies":"Spire Growth","floor":39,"turns":1},{"damage":0,"enemies":"R_Hoarder","floor":40,"turns":2},{"damage":0,"enemies":"Jaw Worm Horde","floor":42,"turns":1},{"damage":0,"enemies":"Nemesis","floor":44,"turns":1},{"damage":0,"enemies":"Giant Head","floor":46,"turns":1},{"damage":0,"enemies":"Maw","floor":48,"turns":2},{"damage":0,"enemies":"Donu and Deca","floor":50,"turns":3}],"seed_played":"558098041702276222","potions_obtained":[{"floor":3.0,"key":"ColorlessPotion"},{"floor":6.0,"key":"Fire Potion"},{"floor":12.0,"key":"BlessingOfTheForge"},{"floor":18.0,"key":"Milkshake"},{"floor":27,"key":"PowerPotion"},{"floor":35,"key":"StancePotion"}],"is_trial":true,"path_per_floor":["M","?","M","?","M","E","R","M","T","E","?","E","M","E","R","B",null,"M","M","$","?","$","R","?","M","T","E","?","E","M","M","R","B",null,"M","?","M","?","M","E","?","M","T","E","$","E","?","M","R","B",null],"character_chosen":"WATCHER","items_purchased":["DeusExMachina","Study+1","ClearTheMind","LessonLearned","HornCleat","ReplayTheSpireMod:Lightbulb","Tantrum","InnerPeace","Fasting2+1","Replay:BasicMightCard+1"],"campfire_rested":0,"item_purchase_floors":[17,17,20,22,22,22,34,34,45,45],"current_hp_per_floor":[72,32,33,33,33,35,35,37,37,38,38,39,39,40,40,41,66,66,66,66,66,66,66,59,60,60,64,64,65,65,65,65,66,60,60,60,60,60,60,60,60,60,60,60,60,60,60,60,60,60],"gold":739,"neow_bonus":"","is_daily":false,"chose_seed":false,"campfire_upgraded":3,"win_rate":0.0,"timestamp":1608727858,"path_taken":["M","?","?","?","M","E","R","M","T","E","?","E","M","E","R","BOSS","M","M","$","?","$","R","?","?","T","E","?","E","M","M","R","BOSS","M","?","M","?","?","E","?","?","T","E","$","E","?","M","R","BOSS"],"items_purchased_type":["Card","Card","Card","Card","Relic","Relic","Card","Card","Card","Card"],"build_version":"2020-12-22","purchased_purges":1,"victory":true,"max_hp_per_floor":[72,72,72,72,72,72,72,72,72,72,72,72,72,72,72,72,66,66,66,66,66,66,66,66,66,66,66,66,66,66,66,66,66,60,60,60,60,60,60,60,60,60,60,60,60,60,60,60,60,60],"card_choices":[{"not_picked":[],"picked":"Judgement","floor":44},{"not_picked":["Blasphemy"],"picked":"SKIP","floor":46}],"player_experience":209337,"relics_obtained":[{"floor":1.0,"key":"Replay:Bandana"},{"floor":3.0,"key":"hubris:TenFootPole"},{"floor":5.0,"key":"vexMod:FocusSash"},{"floor":6.0,"key":"Bag of Preparation"},{"floor":9.0,"key":"Mercury Hourglass"},{"floor":10.0,"key":"MoneyPower"},{"floor":12.0,"key":"Anchor"},{"floor":13.0,"key":"Torii"},{"floor":14.0,"key":"hubris:Teleporter"},{"floor":18.0,"key":"Regal Pillow"},{"floor":19.0,"key":"PreservedInsect"},{"floor":25.0,"key":"Akabeko"},{"floor":26.0,"key":"ReplayFunnel"},{"floor":27,"key":"Replay:Bottled Steam"},{"floor":29,"key":"BFFS"},{"floor":30,"key":"SalivaCoin"},{"floor":31,"key":"Replay:Rubber Ducky"},{"floor":35,"key":"Vajra"},{"floor":37,"key":"Blue Candle"},{"floor":39,"key":"Blood Vial"},{"floor":40,"key":"Du-Vu Doll"},{"floor":42,"key":"Question Card"},{"floor":43,"key":"Ancient Tea Set"},{"floor":44,"key":"Smiling Mask"},{"floor":46,"key":"Blue Doll"},{"floor":48,"key":"Chameleon Ring"}],"event_choices":[{"cards_removed":["ClearTheMind"],"damage_healed":0,"gold_gain":0,"player_choice":"Purged","damage_taken":0,"max_hp_gain":0,"max_hp_loss":0,"event_name":"Purifier","floor":36,"gold_loss":0},{"cards_removed":["Study"],"damage_healed":0,"gold_gain":0,"player_choice":"Card Removal","damage_taken":0,"max_hp_gain":0,"max_hp_loss":0,"event_name":"Wheel of Change","floor":38,"gold_loss":0},{"damage_healed":0,"gold_gain":100,"player_choice":"Pray","damage_taken":0,"max_hp_gain":0,"max_hp_loss":0,"event_name":"Golden Shrine","floor":41,"gold_loss":0}],"is_beta":false,"boss_relics":[{"not_picked":["Tiny House","hubris:BlackHole"],"picked":"Runic Dome"},{"not_picked":[]},{"not_picked":["vexMod:ImprovementManual","VioletLotus"],"picked":"Fusion Hammer"},{"not_picked":[]}],"items_purged_floors":[20],"is_endless":false,"potions_floor_spawned":[3,6,12,13,14,18,19,27,35,39,42,46,48],"ascension_level":1}}