{"host":"Letariel","time":1608766792,"event":{"mods":["BaseMod","Minty Spire (QoL Compilation)"],"gold_per_floor":[118,118,118,136,148,175,187,242,330,342,378,390,477,504,516,637,649,689,728,766,803,833,882,894,926,938,950,1004,1016,1037,550,550,662,662,691,691,691,718,777,777,793,793,820,820,367,367,63,76,76,76,76,76,27,71,71],"floor_reached":56,"playtime":4554,"items_purged":["Writhe","Defend_R"],"score":1218,"play_id":"72d07ee4-ba4b-4830-be5b-1ef0d05567e2","local_time":"20201223153952","is_ascension_mode":false,"campfire_choices":[{"data":"Pommel Strike","floor":7.0,"key":"SMITH"},{"data":"True Grit","floor":12.0,"key":"SMITH"},{"data":"Pommel Strike","floor":15.0,"key":"SMITH"},{"data":"Feel No Pain","floor":27.0,"key":"SMITH"},{"data":"Inflame","floor":29.0,"key":"SMITH"},{"data":"Dark Embrace","floor":32.0,"key":"SMITH"},{"floor":40.0,"key":"REST"},{"floor":42.0,"key":"RECALL"},{"floor":49,"key":"REST"},{"floor":52,"key":"REST"}],"circlet_count":0,"master_deck":["Strike_R","Strike_R","Strike_R","Defend_R","Bash+1","Shrug It Off","Battle Trance","Pommel Strike+1","True Grit+1","Pommel Strike+1","Reaper","Spot Weakness","True Grit+1","Sword Boomerang+1","Pommel Strike","Inflame+1","Pommel Strike","Power Through+1","Feel No Pain+1","True Grit+1","Dark Embrace+1","Feed","Limit Break","Shrug It Off+1","Shrug It Off+1","True Grit+1","Feel No Pain"],"relics":["Burning Blood","Ginger","FossilizedHelix","MawBank","CeramicFish","Paper Frog","Mark of Pain","Meat on the Bone","Mummified Hand","Centennial Puzzle","Darkstone Periapt","Singing Bowl","Fusion Hammer","Bird Faced Urn","Calipers","HandDrill","Bronze Scales","Anchor"],"acts_visited":["Exordium","TheCity","TheBeyond","TheEnding"],"potions_floor_usage":[50,50,54,55],"damage_taken":[{"damage":5.0,"enemies":"2 Louse","floor":1.0,"turns":3.0},{"damage":0.0,"enemies":"Small Slimes","floor":4.0,"turns":5.0},{"damage":0.0,"enemies":"Cultist","floor":5.0,"turns":4.0},{"damage":8.0,"enemies":"Gremlin Nob","floor":6.0,"turns":4.0},{"damage":26.0,"enemies":"3 Sentries","floor":8.0,"turns":10.0},{"damage":0.0,"enemies":"Blue Slaver","floor":11.0,"turns":3.0},{"damage":8.0,"enemies":"Gremlin Gang","floor":14.0,"turns":6.0},{"damage":17.0,"enemies":"The Guardian","floor":16.0,"turns":16.0},{"damage":0.0,"enemies":"Shell Parasite","floor":18.0,"turns":6.0},{"damage":0.0,"enemies":"Chosen","floor":19.0,"turns":4.0},{"damage":0.0,"enemies":"Snecko","floor":20.0,"turns":4.0},{"damage":11.0,"enemies":"Centurion and Healer","floor":21.0,"turns":5.0},{"damage":58.0,"enemies":"Gremlin Leader","floor":23.0,"turns":7.0},{"damage":10.0,"enemies":"Snake Plant","floor":25.0,"turns":3.0},{"damage":8.0,"enemies":"Slavers","floor":28.0,"turns":6.0},{"damage":38.0,"enemies":"Automaton","floor":33.0,"turns":12.0},{"damage":28.0,"enemies":"3 Shapes","floor":35.0,"turns":5.0},{"damage":0.0,"enemies":"Orb Walker","floor":38.0,"turns":3.0},{"damage":38.0,"enemies":"2 Orb Walkers","floor":39.0,"turns":8.0},{"damage":4.0,"enemies":"Sphere and 2 Shapes","floor":41.0,"turns":7.0},{"damage":0,"enemies":"3 Darklings","floor":48,"turns":4},{"damage":56,"enemies":"Awakened One","floor":50,"turns":17},{"damage":37,"enemies":"Shield and Spear","floor":54,"turns":6},{"damage":18,"enemies":"The Heart","floor":55,"turns":7}],"seed_played":"8511007420796248085","potions_obtained":[{"floor":1.0,"key":"SkillPotion"},{"floor":8.0,"key":"SteroidPotion"},{"floor":11.0,"key":"Regen Potion"},{"floor":20.0,"key":"Weak Potion"},{"floor":21.0,"key":"Ancient Potion"},{"floor":25.0,"key":"LiquidMemories"},{"floor":35.0,"key":"EssenceOfSteel"},{"floor":39.0,"key":"DistilledChaos"}],"is_trial":false,"path_per_floor":["M","?","?","M","M","E","R","E","T","?","M","R","?","M","R","B",null,"M","M","M","M","?","E","?","M","T","R","E","R","?","$","R","B",null,"M","?","?","M","?","R","M","R","T","?","$","?","$","M","R","B",null,"R","$","E","B",null],"character_chosen":"IRONCLAD","items_purchased":["Singing Bowl","Dark Embrace","Feed","Calipers","Dexterity Potion","HandDrill","Bronze Scales","PowerPotion"],"campfire_rested":3,"item_purchase_floors":[31,31,31,45,45,47,47,53],"current_hp_per_floor":[72,54,54,60,66,64,64,44,44,44,50,50,43,56,56,45,72,72,72,72,67,67,33,33,41,41,41,57,57,63,63,63,57,78,76,76,72,78,55,81,92,92,92,92,92,92,92,94,94,60,94,94,94,71,69],"gold":71,"neow_bonus":"ONE_RARE_RELIC","is_daily":false,"chose_seed":false,"campfire_upgraded":6,"win_rate":0.0,"timestamp":1608766792,"path_taken":["M","?","?","M","M","E","R","E","T","?","?","R","?","M","R","BOSS","M","?","M","M","?","E","?","M","T","R","E","R","?","$","R","BOSS","M","?","?","M","?","R","M","R","T","?","$","?","$","M","R","BOSS","R","$","E","BOSS"],"items_purchased_type":["Relic","Card","Card","Relic","Potion","Relic","Relic","Potion"],"build_version":"2020-12-18","purchased_purges":2,"victory":true,"max_hp_per_floor":[72,72,72,72,72,72,72,72,72,72,72,72,72,72,72,72,72,72,72,72,72,72,72,72,72,72,72,72,72,78,78,78,78,78,81,81,87,87,87,87,92,92,92,92,92,92,92,94,94,94,94,94,94,97,97],"card_choices":[{"not_picked":["Burning Pact","Power Through","Thunderclap"],"picked":"SKIP","floor":1.0},{"not_picked":["Anger","Fire Breathing"],"picked":"Shrug It Off","floor":4.0},{"not_picked":["True Grit","Entrench"],"picked":"Battle Trance","floor":5.0},{"not_picked":["Shrug It Off","Sword Boomerang"],"picked":"Pommel Strike","floor":6.0},{"not_picked":["Dropkick","Rampage"],"picked":"True Grit","floor":8.0},{"not_picked":["Havoc","Burning Pact"],"picked":"Pommel Strike","floor":11.0},{"not_picked":["Havoc","Offering","Intimidate"],"picked":"SKIP","floor":14.0},{"not_picked":["Fiend Fire","Double Tap"],"picked":"Reaper","floor":16.0},{"not_picked":["Cleave","Sword Boomerang+1"],"picked":"Spot Weakness","floor":18.0},{"not_picked":["Cleave+1","Clothesline"],"picked":"True Grit+1","floor":19.0},{"not_picked":["Headbutt","Bloodletting"],"picked":"Sword Boomerang+1","floor":20.0},{"not_picked":["Impervious","Havoc+1"],"picked":"Pommel Strike","floor":21.0},{"not_picked":["Warcry","Battle Trance"],"picked":"Power Through+1","floor":23.0},{"not_picked":["Rage","Sentinel"],"picked":"Feel No Pain","floor":25.0},{"not_picked":["Heavy Blade","Infernal Blade"],"picked":"True Grit+1","floor":28.0},{"not_picked":["Exhume","Fiend Fire"],"picked":"Limit Break","floor":33.0},{"not_picked":["Havoc+1","Rupture"],"picked":"Shrug It Off+1","floor":35.0},{"not_picked":["Dramatic Entrance","Transmutation","Purity"],"picked":"Singing Bowl","floor":37.0},{"not_picked":["Magnetism","Swift Strike","Forethought"],"picked":"Singing Bowl","floor":37.0},{"not_picked":["Metamorphosis","Chrysalis","Mind Blast"],"picked":"Singing Bowl","floor":37.0},{"not_picked":["Pommel Strike+1","Heavy Blade+1"],"picked":"Shrug It Off+1","floor":38.0},{"not_picked":["Anger+1","Shrug It Off"],"picked":"True Grit+1","floor":39.0},{"not_picked":["Dark Embrace","Flex","Iron Wave+1"],"picked":"Singing Bowl","floor":41.0},{"not_picked":["Anger+1","Flame Barrier+1","Shrug It Off+1"],"picked":"Singing Bowl","floor":48},{"not_picked":["Clothesline+1","Shrug It Off+1"],"picked":"Feel No Pain","floor":54}],"player_experience":733165,"relics_obtained":[{"floor":6.0,"key":"MawBank"},{"floor":8.0,"key":"CeramicFish"},{"floor":9.0,"key":"Paper Frog"},{"floor":23.0,"key":"Meat on the Bone"},{"floor":26.0,"key":"Mummified Hand"},{"floor":28.0,"key":"Centennial Puzzle"},{"floor":39.0,"key":"Bird Faced Urn"},{"floor":54,"key":"Anchor"}],"event_choices":[{"damage_healed":0.0,"max_hp_gain":0.0,"max_hp_loss":0.0,"gold_gain":0.0,"event_name":"Scrap Ooze","player_choice":"Success","floor":2.0,"gold_loss":0.0,"damage_taken":18.0,"relics_obtained":["FossilizedHelix"]},{"damage_healed":0.0,"max_hp_gain":0.0,"max_hp_loss":0.0,"gold_gain":0.0,"event_name":"Living Wall","player_choice":"Grow","floor":3.0,"gold_loss":0.0,"damage_taken":0.0,"cards_upgraded":["Bash"]},{"damage_healed":0.0,"max_hp_gain":0.0,"max_hp_loss":0.0,"gold_gain":0.0,"event_name":"NoteForYourself","player_choice":"Ignored","floor":10.0,"gold_loss":0.0,"damage_taken":0.0},{"damage_healed":0.0,"max_hp_gain":0.0,"max_hp_loss":0.0,"gold_gain":75.0,"event_name":"FaceTrader","player_choice":"Touch","floor":13.0,"gold_loss":0.0,"damage_taken":7.0},{"damage_healed":0.0,"max_hp_gain":0.0,"max_hp_loss":0.0,"gold_gain":0.0,"cards_transformed":["Strike_R","Strike_R"],"event_name":"Drug Dealer","player_choice":"Became Test Subject","floor":22.0,"gold_loss":0.0,"damage_taken":0.0,"cards_obtained":["Inflame","Pommel Strike"]},{"damage_healed":0.0,"max_hp_gain":0.0,"max_hp_loss":0.0,"gold_gain":0.0,"event_name":"Ghosts","player_choice":"Ignored","floor":24.0,"gold_loss":0.0,"damage_taken":0.0},{"damage_healed":0.0,"max_hp_gain":0.0,"max_hp_loss":0.0,"gold_gain":0.0,"event_name":"The Mausoleum","player_choice":"Opened","floor":30.0,"gold_loss":0.0,"damage_taken":0.0,"relics_obtained":["Darkstone Periapt"],"cards_obtained":["Writhe"]},{"damage_healed":0.0,"max_hp_gain":0.0,"max_hp_loss":0.0,"gold_gain":0.0,"event_name":"Tomb of Lord Red Mask","player_choice":"Ignored","floor":36.0,"gold_loss":0.0,"damage_taken":0.0},{"damage_healed":0.0,"max_hp_gain":0.0,"max_hp_loss":0.0,"gold_gain":0.0,"event_name":"SensoryStone","player_choice":"Memory 3","floor":37.0,"gold_loss":0.0,"damage_taken":10.0},{"damage_healed":0.0,"max_hp_gain":0.0,"max_hp_loss":0.0,"gold_gain":0.0,"event_name":"Mysterious Sphere","player_choice":"Fight","floor":39.0,"gold_loss":0.0,"damage_taken":0.0},{"cards_removed":["Defend_R"],"damage_healed":0,"gold_gain":0,"player_choice":"Removed Skill","damage_taken":0,"max_hp_gain":0,"max_hp_loss":0,"event_name":"Falling","floor":44,"gold_loss":0},{"cards_removed":["Defend_R"],"damage_healed":0,"gold_gain":0,"player_choice":"Offered Basic","damage_taken":0,"max_hp_gain":0,"max_hp_loss":0,"event_name":"Bonfire Elementals","floor":46,"gold_loss":0}],"is_beta":true,"boss_relics":[{"not_picked":["SlaversCollar","SacredBark"],"picked":"Mark of Pain"},{"not_picked":["Velvet Choker","Calling Bell"],"picked":"Fusion Hammer"}],"items_purged_floors":[31,45],"is_endless":false,"potions_floor_spawned":[1,8,11,20,21,25,35,39],"ascension_level":0}}