{"host":"8s7r99mpv862ws6o","time":1608749657,"event":{"mods":["ATMod(°¢èªMod)","AchievementEnabler","BaseMod","GifTheSpireLib","Minty Spire (QoL Compilation)","Quick Restart","StSLib","UnlockEverythingMod"],"gold_per_floor":[113,113,113,38,38,169,169,508,579,600,613,749,749,768,768,768,768],"floor_reached":16,"playtime":606,"items_purged":["Regret"],"score":124,"play_id":"c37772c0-c83a-4b96-b3a9-83e0bc35d10b","local_time":"20201224025417","is_ascension_mode":true,"campfire_choices":[{"data":"AT_ThunderBolt","floor":7,"key":"SMITH"},{"data":"AT_ThreeBodyProblem","floor":15,"key":"SMITH"}],"circlet_count":0,"master_deck":["Strike_B","Strike_B","Strike_B","Strike_B","Defend_B","Defend_B","Defend_B","Defend_B","Zap","Dualcast","Decay","AT_ThunderBolt+1","Ball Lightning","AT_ThreeBodyProblem+1","Hologram","Conserve Battery","Thunder Strike","Reboot","Sweeping Beam"],"relics":["Cracked Core","AT_ATBox","AT_TheCollector","Lizard Tail","Golden Idol","Orichalcum","Tiny Chest","AT_SilverBalance","White Beast Statue","Oddly Smooth Stone"],"acts_visited":["Exordium"],"potions_floor_usage":[8,12,16,16],"damage_taken":[{"damage":9,"enemies":"2 Louse","floor":1,"turns":3},{"damage":20,"enemies":"Lagavulin","floor":6,"turns":6},{"damage":30,"enemies":"3 Sentries","floor":8,"turns":6},{"damage":5,"enemies":"Small Slimes","floor":10,"turns":4},{"damage":10,"enemies":"Cultist","floor":11,"turns":5},{"damage":21,"enemies":"Gremlin Nob","floor":12,"turns":5},{"damage":7,"enemies":"Blue Slaver","floor":14,"turns":3},{"damage":38,"enemies":"Hexaghost","floor":16,"turns":4}],"seed_played":"9146945288268159068","potions_obtained":[{"floor":6,"key":"Fire Potion"},{"floor":10,"key":"SkillPotion"},{"floor":11,"key":"Strength Potion"},{"floor":14,"key":"GamblersBrew"}],"is_trial":false,"path_per_floor":["M","?","?","$","?","E","R","E","T","M","M","E","?","M","R","B"],"character_chosen":"DEFECT","items_purchased":[],"campfire_rested":0,"item_purchase_floors":[],"current_hp_per_floor":[66,66,48,48,48,28,28,37,37,32,27,16,13,30,30,0,0],"gold":768,"neow_bonus":"ONE_RARE_RELIC","is_daily":false,"chose_seed":false,"campfire_upgraded":2,"win_rate":0.0,"timestamp":1608749657,"path_taken":["M","?","?","$","?","E","R","E","T","M","M","E","?","M","R","BOSS"],"items_purchased_type":[],"build_version":"2020-12-22","purchased_purges":1,"victory":false,"max_hp_per_floor":[75,75,75,75,75,75,75,75,75,75,75,75,75,75,75,75,75],"card_choices":[{"not_picked":["Go for the Eyes","Streamline"],"picked":"Ball Lightning","floor":1},{"not_picked":["AT_RobotInSpace","Reprogram"],"picked":"AT_ThreeBodyProblem","floor":6},{"not_picked":["AT_ThreeBodyProblem","Barrage"],"picked":"Hologram","floor":8},{"not_picked":["Stack","Chaos"],"picked":"Conserve Battery","floor":10},{"not_picked":["Steam","Barrage"],"picked":"Thunder Strike","floor":11},{"not_picked":["Coolheaded","Conserve Battery"],"picked":"Reboot","floor":12},{"not_picked":["Go for the Eyes","Reinforced Body"],"picked":"Sweeping Beam","floor":14}],"player_experience":587772,"relics_obtained":[{"floor":6,"key":"Orichalcum"},{"floor":8,"key":"Tiny Chest"},{"floor":9,"key":"AT_SilverBalance"},{"floor":12,"key":"White Beast Statue"}],"event_choices":[{"damage_healed":0,"gold_gain":0,"player_choice":"Box","damage_taken":0,"relics_obtained":["Lizard Tail"],"max_hp_gain":0,"max_hp_loss":0,"event_name":"Big Fish","floor":2,"gold_loss":0,"cards_obtained":["Regret"]},{"damage_healed":0,"gold_gain":0,"player_choice":"Take Damage","damage_taken":18,"relics_obtained":["Golden Idol"],"max_hp_gain":0,"max_hp_loss":0,"event_name":"Golden Idol","floor":3,"gold_loss":0},{"damage_healed":0,"gold_gain":0,"player_choice":"Leave","damage_taken":0,"max_hp_gain":0,"max_hp_loss":0,"event_name":"The Cleric","floor":5,"gold_loss":0},{"damage_healed":0,"gold_gain":0,"player_choice":"Success","damage_taken":3,"relics_obtained":["Oddly Smooth Stone"],"max_hp_gain":0,"max_hp_loss":0,"event_name":"Scrap Ooze","floor":13,"gold_loss":0}],"is_beta":false,"boss_relics":[],"items_purged_floors":[4],"is_endless":false,"potions_floor_spawned":[6,10,11,14],"killed_by":"Hexaghost","ascension_level":1}}