{"host":"na09lpbrez4gbfiz","time":1608718784,"event":{"mods":["Act Like it!","BaseMod","BetterRewards","Colored Map","Colored Powertips","DeckTracker","Googly Eyes","Highlight Path","Minty Spire (QoL Compilation)","Quick Restart","Spicy Shops","StSLib","SuperFastMode","Synergy Search"],"gold_per_floor":[110,285,298,258,269,269,288,288,288,316,316,328,25,56,56,152,152,166,184,184,210,16,16,28,61,61,61,61,61,92,92,92],"floor_reached":31,"playtime":717,"items_purged":[],"score":572,"play_id":"02e79cc3-dfa9-4d22-b6bf-3077ee98897f","local_time":"20201223111944","is_ascension_mode":true,"campfire_choices":[{"data":"Carnage","floor":6,"key":"SMITH"},{"data":"Bash","floor":8,"key":"SMITH"},{"data":"Offering","floor":11,"key":"SMITH"},{"floor":15,"key":"REST"},{"data":"Doubt","floor":23,"key":"PURGE"}],"circlet_count":0,"master_deck":["AscendersBane","Strike_R+1","Strike_R+1","Strike_R+1","Strike_R+1","Strike_R+1","Defend_R+1","Defend_R+1","Defend_R+1","Defend_R+1","Bash+1","Carnage+1","Cleave","Thunderclap","Offering+1","Twin Strike","Offering","Corruption","Havoc","Sword Boomerang","Limit Break+1","Heavy Blade","Metallicize+1","Decay"],"relics":["Burning Blood","NeowsBlessing","Ginger","Peace Pipe","Membership Card","Brimstone","Prayer Wheel","Juzu Bracelet","Fusion Hammer","Nunchaku","Turnip","Champion Belt","Letter Opener","Self Forming Clay"],"acts_visited":["Exordium","TheCity"],"potions_floor_usage":[10,10,14,18,18,25,30,30],"damage_taken":[{"damage":0,"enemies":"2 Louse","floor":1,"turns":1},{"damage":0,"enemies":"Cultist","floor":3,"turns":1},{"damage":0,"enemies":"Small Slimes","floor":5,"turns":1},{"damage":25,"enemies":"Exordium Thugs","floor":7,"turns":5},{"damage":0,"enemies":"Gremlin Nob","floor":10,"turns":2},{"damage":18,"enemies":"Exordium Wildlife","floor":12,"turns":3},{"damage":19,"enemies":"3 Sentries","floor":14,"turns":4},{"damage":6,"enemies":"Slime Boss","floor":16,"turns":4},{"damage":12,"enemies":"3 Byrds","floor":18,"turns":2},{"damage":15,"enemies":"Spheric Guardian","floor":19,"turns":3},{"damage":25,"enemies":"Centurion and Healer","floor":24,"turns":3},{"damage":6,"enemies":"Book of Stabbing","floor":25,"turns":3},{"damage":14,"enemies":"Slavers","floor":30,"turns":3},{"damage":26,"enemies":"Chosen and Byrds","floor":31,"turns":2}],"seed_played":"8809125373033321307","potions_obtained":[{"floor":4,"key":"EssenceOfSteel"},{"floor":4,"key":"Swift Potion"},{"floor":4,"key":"SteroidPotion"},{"floor":7,"key":"Regen Potion"},{"floor":10,"key":"SkillPotion"},{"floor":14,"key":"Weak Potion"},{"floor":16,"key":"ColorlessPotion"},{"floor":24,"key":"Explosive Potion"},{"floor":30,"key":"Block Potion"}],"is_trial":false,"path_per_floor":["M","?","M","?","M","R","M","R","T","E","R","M","$","E","R","B",null,"M","M","?","T","$","R","M","E","T","?","?","?","E","M"],"character_chosen":"IRONCLAD","items_purchased":["Membership Card","Brimstone","Prayer Wheel","Turnip","Energy Potion"],"campfire_rested":1,"item_purchase_floors":[13,13,13,22,22],"current_hp_per_floor":[78,78,80,80,80,80,61,61,61,67,67,55,55,42,66,66,77,71,62,62,62,62,62,43,43,43,34,34,34,26,0,0],"gold":92,"neow_bonus":"THREE_ENEMY_KILL","is_daily":false,"chose_seed":false,"campfire_upgraded":3,"win_rate":0.0,"timestamp":1608718784,"path_taken":["M","?","M","?","?","R","M","R","T","E","R","M","$","E","R","BOSS","M","M","?","?","$","R","M","E","T","?","?","?","E","M"],"items_purchased_type":["Relic","Relic","Relic","Relic","Potion"],"build_version":"2020-12-22","purchased_purges":0,"victory":false,"max_hp_per_floor":[80,80,80,80,80,80,80,80,80,80,80,80,80,80,80,80,80,80,80,80,80,80,80,80,80,80,80,80,80,80,80,80],"card_choices":[{"not_picked":["Perfected Strike","Thunderclap"],"picked":"Carnage","floor":1},{"not_picked":["Sword Boomerang","Heavy Blade"],"picked":"Cleave","floor":3},{"not_picked":["Havoc","Dual Wield"],"picked":"Thunderclap","floor":5},{"not_picked":["Dark Embrace","Cleave","Whirlwind"],"picked":"SKIP","floor":7},{"not_picked":["Pommel Strike","Iron Wave"],"picked":"Offering","floor":10},{"not_picked":["Thunderclap","Headbutt","Shrug It Off"],"picked":"SKIP","floor":12},{"not_picked":["Rampage","True Grit"],"picked":"Twin Strike","floor":14},{"not_picked":["Double Tap","Immolate"],"picked":"Offering","floor":16},{"not_picked":["Anger","Blood for Blood"],"picked":"Corruption","floor":18},{"not_picked":["Flex","Perfected Strike"],"picked":"Havoc","floor":18},{"not_picked":["True Grit","Rage"],"picked":"Sword Boomerang","floor":19},{"not_picked":["Body Slam","Power Through"],"picked":"Limit Break","floor":19},{"not_picked":["Flex","Headbutt"],"picked":"Heavy Blade","floor":24},{"not_picked":["Shrug It Off","Heavy Blade"],"picked":"Metallicize+1","floor":24},{"not_picked":["Clash","Hemokinesis+1","Feed"],"picked":"SKIP","floor":25},{"not_picked":["Carnage","Seeing Red","Combust"],"picked":"SKIP","floor":30}],"player_experience":241325,"relics_obtained":[{"floor":9,"key":"Ginger"},{"floor":10,"key":"Peace Pipe"},{"floor":14,"key":"Juzu Bracelet"},{"floor":21,"key":"Nunchaku"},{"floor":25,"key":"Champion Belt"},{"floor":26,"key":"Letter Opener"},{"floor":30,"key":"Self Forming Clay"}],"event_choices":[{"damage_healed":0,"gold_gain":175,"player_choice":"AGREE","damage_taken":0,"max_hp_gain":0,"max_hp_loss":0,"event_name":"Liars Game","floor":2,"gold_loss":0,"cards_obtained":["Doubt"]},{"damage_healed":0,"gold_gain":0,"player_choice":"Bought 3 Potions","damage_taken":0,"max_hp_gain":0,"max_hp_loss":0,"event_name":"The Woman in Blue","floor":4,"gold_loss":0},{"damage_healed":0,"gold_gain":0,"player_choice":"Simplicity","damage_taken":0,"max_hp_gain":0,"max_hp_loss":0,"event_name":"Back to Basics","floor":20,"gold_loss":0,"cards_upgraded":["Strike_R","Strike_R","Strike_R","Strike_R","Strike_R","Defend_R","Defend_R","Defend_R","Defend_R"]},{"damage_healed":0,"gold_gain":0,"player_choice":"Stopped","damage_taken":9,"max_hp_gain":0,"max_hp_loss":0,"event_name":"Cursed Tome","floor":27,"gold_loss":0},{"damage_healed":0,"gold_gain":0,"player_choice":"Smashed Altar","damage_taken":0,"max_hp_gain":0,"max_hp_loss":0,"event_name":"Forgotten Altar","floor":28,"gold_loss":0,"cards_obtained":["Decay"]},{"damage_healed":0,"gold_gain":0,"player_choice":"Forge","damage_taken":0,"max_hp_gain":0,"max_hp_loss":0,"event_name":"Accursed Blacksmith","floor":29,"gold_loss":0,"cards_upgraded":["Limit Break"]}],"is_beta":false,"boss_relics":[{"not_picked":["SacredBark","Snecko Eye"],"picked":"Fusion Hammer"}],"items_purged_floors":[],"is_endless":false,"potions_floor_spawned":[7,10,14,16,24,30],"killed_by":"Chosen and Byrds","ascension_level":10}}