{"host":"coame8l8goqx0svj","time":1608720722,"event":{"mods":["BaseMod","Downfall","Minty Spire (QoL Compilation)","StSLib"],"gold_per_floor":[99,99,129,229,229,155,155,73,85,112,97,131,56,156,175,175,175,175],"floor_reached":16,"playtime":729,"items_purged":[],"score":177,"play_id":"4f3ef1d0-ea17-4d0e-9371-3be653b17d3b","local_time":"20201223115202","is_ascension_mode":true,"campfire_choices":[{"floor":1,"key":"RECALL"},{"floor":13,"key":"REST"}],"circlet_count":0,"master_deck":["AscendersBane","champ:Strike","champ:Strike","champ:Strike","champ:Strike","champ:Defend","champ:Defend","champ:Defend","champ:Defend","champ:Execute","champ:Taunt","champ:ShieldWall","champ:Lariat","champ:SteelEdge","champ:SteelEdge","expansioncontent:CaCaw","champ:StanceDance","champ:SkillfulDodge","champ:Duel"],"relics":["champ:ChampionCrown","downfall:HeartsMalice","downfall:ShatteredFragment","StoneCalendar","Eternal Feather","downfall:HeartBlessingBlue","WristBlade"],"acts_visited":["Exordium"],"potions_floor_usage":[12,16,16],"damage_taken":[{"damage":0,"enemies":"Small Slimes","floor":2,"turns":1},{"damage":0,"enemies":"downfall:FleeingMerchant","floor":6,"turns":1},{"damage":0,"enemies":"downfall:FleeingMerchant","floor":8,"turns":1},{"damage":0,"enemies":"2 Louse","floor":9,"turns":2},{"damage":20,"enemies":"Lagavulin","floor":10,"turns":7},{"damage":5,"enemies":"downfall:FleeingMerchant","floor":11,"turns":4},{"damage":25,"enemies":"3 Sentries","floor":12,"turns":7},{"damage":51,"enemies":"3 Sentries","floor":14,"turns":6},{"damage":0,"enemies":"Jaw Worm","floor":15,"turns":2},{"damage":25,"enemies":"downfall:Ironclad","floor":16,"turns":3}],"seed_played":"-5312446378868059437","potions_obtained":[{"floor":9,"key":"BlessingOfTheForge"},{"floor":14,"key":"EssenceOfSteel"},{"floor":15,"key":"DuplicationPotion"}],"is_trial":false,"path_per_floor":["R","M","?","?","?","$","T","$","M","E","$","E","R","?","M","B"],"character_chosen":"THE_CHAMP","items_purchased":["champ:SteelEdge","expansioncontent:CaCaw"],"campfire_rested":1,"item_purchase_floors":[6,8],"current_hp_per_floor":[73,73,73,73,46,46,46,46,46,26,26,6,52,2,2,0,0,0],"gold":175,"neow_bonus":"THREE_ENEMY_KILL","is_daily":false,"chose_seed":false,"campfire_upgraded":0,"win_rate":0.0,"timestamp":1608720722,"path_taken":["R","M","?","?","?","?","T","$","M","E","$","E","R","?","M","BOSS"],"items_purchased_type":["Card","Card"],"build_version":"2020-12-22","purchased_purges":0,"victory":false,"max_hp_per_floor":[81,81,81,81,81,81,81,81,81,81,81,81,91,91,91,91,91,91],"card_choices":[{"not_picked":["champ:BerserkersShout","champ:ShieldSigil"],"picked":"champ:ShieldWall","floor":2},{"not_picked":["champ:PerfectedStrike","champ:Circumvent"],"picked":"champ:Lariat","floor":6},{"not_picked":["champ:ViciousMockery","champ:CrookedStrike"],"picked":"champ:SteelEdge","floor":8},{"not_picked":["champ:ShieldSigil","champ:Encircle"],"picked":"champ:StanceDance","floor":9},{"not_picked":["champ:GutPunch","champ:StanceDance","champ:RecklessLeap"],"picked":"SKIP","floor":10},{"not_picked":["champ:FanOfKnives","champ:AdrenalArmor"],"picked":"champ:SkillfulDodge","floor":11},{"not_picked":["champ:BladeFlurry","champ:PerfectedStrike","champ:CrookedStrike"],"picked":"SKIP","floor":12},{"not_picked":["champ:DefensiveShout","champ:CrookedStrike"],"picked":"champ:Duel","floor":14},{"not_picked":["champ:CrookedStrike","champ:GladiatorsShout","champ:Haymaker"],"picked":"SKIP","floor":15}],"player_experience":1720221,"relics_obtained":[{"floor":10,"key":"StoneCalendar"},{"floor":12,"key":"Eternal Feather"},{"floor":14,"key":"WristBlade"}],"event_choices":[],"is_beta":false,"boss_relics":[],"items_purged_floors":[],"is_endless":false,"potions_floor_spawned":[9,14,15],"killed_by":"downfall:Ironclad","ascension_level":14}}