{"host":"3srbdas3e7jgqz5l","time":1608751308,"event":{"mods":["BaseMod","Downfall","Jorbs\u0027s Wanderer Trilogy","Minty Spire (QoL Compilation)","StSLib"],"gold_per_floor":[149,160,170,170,170,184,236,161,181,212,64,90,90,90,90,90],"floor_reached":14,"playtime":498,"items_purged":["Guardian:Strike_Guardian"],"score":113,"play_id":"2de6fbf4-cd4b-4952-885b-ef48642d36eb","local_time":"20201223192148","is_ascension_mode":true,"campfire_choices":[{"floor":1,"key":"RECALL"},{"data":"Guardian:AncientConstruct","floor":8,"key":"SMITH"}],"circlet_count":0,"master_deck":["Guardian:Strike_Guardian","Guardian:Strike_Guardian","Guardian:Strike_Guardian","Guardian:Defend_Guardian","Guardian:Defend_Guardian","Guardian:Defend_Guardian","Guardian:Defend_Guardian","Guardian:CurlUp","Guardian:TwinSlam+1","Guardian:RollAttack","Guardian:FuturePlans","Guardian:TimeCapacitor","Guardian:AncientConstruct+1","Guardian:ShieldCharger","Guardian:DecasProtection","Guardian:StasisStrike","Guardian:BronzeArmor","Guardian:Gem_Red","Guardian:Gem_Red","Guardian:HyperBeam_Guardian"],"relics":["Tiny House","Meat on the Bone","Eternal Feather","Smiling Mask","downfall:HeartBlessingRed","Lantern","Omamori"],"acts_visited":["Exordium"],"potions_floor_usage":[12,14],"damage_taken":[{"damage":11,"enemies":"Cultist","floor":2,"turns":4},{"damage":0,"enemies":"2 Louse","floor":3,"turns":3},{"damage":6,"enemies":"Jaw Worm","floor":6,"turns":3},{"damage":0,"enemies":"Lots of Slimes","floor":9,"turns":1},{"damage":42,"enemies":"Gremlin Nob","floor":10,"turns":5},{"damage":0,"enemies":"downfall:FleeingMerchant","floor":11,"turns":4},{"damage":26,"enemies":"3 Sentries","floor":12,"turns":8},{"damage":38,"enemies":"Gremlin Nob","floor":14,"turns":4}],"seed_played":"-6233045609268488354","potions_obtained":[{"floor":0,"key":"Ancient Potion"},{"floor":10,"key":"DistilledChaos"},{"floor":12,"key":"Slimebound:ThreeZeroPotion"}],"is_trial":false,"path_per_floor":["R","M","M","?","T","M","T","R","M","E","$","E","?","E"],"character_chosen":"GUARDIAN","items_purchased":["Guardian:BronzeArmor","Guardian:Gem_Red"],"campfire_rested":0,"item_purchase_floors":[11,11],"current_hp_per_floor":[85,74,74,62,62,56,56,62,62,32,44,30,30,0,0,0],"gold":90,"neow_bonus":"BOSS_RELIC","is_daily":false,"chose_seed":false,"campfire_upgraded":1,"win_rate":0.0,"timestamp":1608751308,"path_taken":["R","M","?","?","?","M","T","R","M","E","$","E","?","E"],"items_purchased_type":["Card","Card"],"build_version":"2020-12-22","purchased_purges":1,"victory":false,"max_hp_per_floor":[85,85,85,85,85,85,85,85,85,85,85,85,85,85,85,85],"card_choices":[{"not_picked":["Guardian:TemporalShield","Guardian:SentryBeam"],"picked":"Guardian:RollAttack","floor":0},{"not_picked":["Guardian:Repulse","Guardian:SentryBeam"],"picked":"Guardian:FuturePlans","floor":2},{"not_picked":["Guardian:PiercingHide","Guardian:TemporalShield"],"picked":"Guardian:TimeCapacitor","floor":3},{"not_picked":["Guardian:CrystalBeam","Guardian:Gem_Green"],"picked":"Guardian:AncientConstruct","floor":6},{"not_picked":["Guardian:Gem_Cyan","Guardian:Gem_Red"],"picked":"Guardian:ShieldCharger","floor":9},{"not_picked":["Guardian:FuturePlans","Guardian:Recover"],"picked":"Guardian:DecasProtection","floor":10},{"not_picked":["Guardian:Gem_Green","Guardian:ShieldCharger"],"picked":"Guardian:StasisStrike","floor":11},{"not_picked":["Guardian:WalkerClaw","Guardian:HyperBeam_Guardian"],"picked":"Guardian:Gem_Red","floor":12}],"player_experience":506776,"relics_obtained":[{"floor":5,"key":"Eternal Feather"},{"floor":7,"key":"Smiling Mask"},{"floor":10,"key":"Lantern"},{"floor":12,"key":"Omamori"}],"event_choices":[{"damage_healed":0,"gold_gain":0,"player_choice":"Success","damage_taken":12,"relics_obtained":["Meat on the Bone"],"max_hp_gain":0,"max_hp_loss":0,"event_name":"Scrap Ooze","floor":4,"gold_loss":0}],"is_beta":false,"boss_relics":[],"items_purged_floors":[11],"is_endless":false,"potions_floor_spawned":[10,12],"killed_by":"Gremlin Nob","ascension_level":3}}