{"host":"rwzz6mk6bpmb57ql","time":1608702271,"event":{"mods":["AchievementEnabler","BaseMod","BetterRewards","Colored Map","Highlight Path","Hubris","Minty Spire (QoL Compilation)","Replay The Spire","StSLib"],"gold_per_floor":[6111,5295,5307,4413,4431,4431,4465,4480,4480,4497,4509,4534,4553,4571,4571,4645,4645,4660,4675,4675,4675,4205,4205,4238,3649,3779,3808,3827,3837,3867,3867,3867,3942,3942,3942,3942,3942,3960,3695,3726,3726,3753,3753,3753,3778,3427,3427,3439,3439,3439,3439,3439,2928,2928,2928],"floor_reached":56,"playtime":3702,"items_purged":["Strike_R","Defend_R","Strike_R","Strike_R","Overencumbered","Doubt","Strike_R"],"score":2943,"play_id":"03674a2d-a124-4b67-a507-2822b01c198c","local_time":"20201222234431","is_ascension_mode":true,"campfire_choices":[{"floor":6,"key":"RECALL"},{"data":"Body Slam","floor":15,"key":"SMITH"},{"data":"ReplayUltimateDefense","floor":23,"key":"SMITH"},{"data":"ReplayTheSpireMod:Brewmster","floor":32,"key":"SMITH"},{"data":"Shockwave","floor":41,"key":"SMITH"},{"data":"Offering","floor":44,"key":"SMITH"},{"data":"hubris:EnhanceAbility","floor":49,"key":"SMITH"},{"data":"Metallicize","floor":52,"key":"SMITH"}],"circlet_count":0,"master_deck":["AscendersBane","Barricade+1","Defend_R","Defend_R+1","Defend_R","Bash","hubris:EnhanceAbility+1","Ghostly Armor","ReplayUltimateDefense+1","Body Slam+1","Shockwave+1","Disarm","Offering+1","Body Slam+1","Replay:Bootleg Shield Generator","Shrug It Off+1","ReplayTheSpireMod:Brewmster+1","Shrug It Off+1","Metallicize+1","Juggernaut","hubris:StunningStrike+1"],"relics":["Burning Blood","Replay:Baseball","Potion Belt","Potion Belt","hubris:OldNail","Red Skull","Toolbox","hubris:PeanutButter","Dream Catcher","OrangePellets","hubris:Potato","hubris:ScarierMask","ReplayTheSpireMod:Ring of Collecting","Membership Card","Bag of Marbles","Replay:Rubber Ducky","Replay:Wax Seal","Chemical X","Oddly Smooth Stone","Quantum Egg","Ring of Greed","Blue Doll","Replay:Accelerometer","Lizard Tail","hubris:FunFungus","Busted Crown","hubris:IronBody","Replay:WaspNest","Happy Flower","Ring of Peace","Nunchaku","Whetstone","Blood Vial","Orrery","War Paint","ClockworkSouvenir","Orichalcum","Durian","ReplayFunnel"],"acts_visited":["Exordium","TheCity","TheBeyond","TheEnding"],"potions_floor_usage":[7,7,11,12,16,24,24,27,27,27,27,27,27,27,27,27,27,27,27,27,27,28,28,29,29,29,29,30,30,30,30,31,33,33,33,33,33,33,33,33,33,36,36,38,38,38,40,40,40,40,40,42,42,42,42,45,45,45,45,47,48,48,48,48,50,54,54,55,55,55,55,55,55,55,55,55],"damage_taken":[{"damage":12,"enemies":"Small Slimes","floor":1,"turns":4},{"damage":4,"enemies":"2 Louse","floor":3,"turns":4},{"damage":0,"enemies":"Cultist","floor":5,"turns":5},{"damage":8,"enemies":"3 Sentries","floor":7,"turns":16},{"damage":3,"enemies":"3 Louse","floor":8,"turns":5},{"damage":4,"enemies":"Red Slaver","floor":10,"turns":4},{"damage":14,"enemies":"Blue Slaver","floor":11,"turns":5},{"damage":0,"enemies":"Lagavulin","floor":12,"turns":7},{"damage":10,"enemies":"Exordium Thugs","floor":13,"turns":8},{"damage":7,"enemies":"Red Slaver","floor":14,"turns":4},{"damage":30,"enemies":"Slime Boss","floor":16,"turns":6},{"damage":0,"enemies":"Shell Parasite","floor":18,"turns":8},{"damage":0,"enemies":"2 Thieves","floor":19,"turns":3},{"damage":18,"enemies":"Book of Stabbing","floor":24,"turns":7},{"damage":16,"enemies":"Slavers","floor":27,"turns":8},{"damage":0,"enemies":"Snecko","floor":28,"turns":5},{"damage":0,"enemies":"3 Cultists","floor":29,"turns":6},{"damage":0,"enemies":"Replay:Snechameleon","floor":30,"turns":6},{"damage":0,"enemies":"Cultist and Chosen","floor":31,"turns":3},{"damage":0,"enemies":"Collector","floor":33,"turns":8},{"damage":2,"enemies":"3 Shapes","floor":35,"turns":4},{"damage":0,"enemies":"Orb Walker","floor":36,"turns":5},{"damage":2,"enemies":"Jaw Worm Horde","floor":38,"turns":6},{"damage":0,"enemies":"Nemesis","floor":40,"turns":7},{"damage":0,"enemies":"Reptomancer","floor":42,"turns":6},{"damage":0,"enemies":"Giant Head","floor":45,"turns":6},{"damage":0,"enemies":"Maw","floor":47,"turns":1},{"damage":0,"enemies":"Transient","floor":48,"turns":6},{"damage":0,"enemies":"hubris:GrandSnecko","floor":50,"turns":3},{"damage":0,"enemies":"Shield and Spear","floor":54,"turns":5},{"damage":0,"enemies":"The Heart","floor":55,"turns":9}],"seed_played":"4362075365590330205","potions_obtained":[{"floor":1,"key":"Dexterity Potion"},{"floor":8,"key":"Explosive Potion"},{"floor":10,"key":"SpeedPotion"},{"floor":11,"key":"PowerPotion"},{"floor":12,"key":"LiquidBronze"},{"floor":14,"key":"LiquidBronze"},{"floor":18,"key":"BlessingOfTheForge"},{"floor":27,"key":"Fruit Juice"},{"floor":30,"key":"LifebloodPotion"},{"floor":31,"key":"LiquidBronze"},{"floor":33,"key":"AttackPotion"},{"floor":36,"key":"PowerPotion"},{"floor":42,"key":"Dexterity Potion"},{"floor":45,"key":"SmokeBomb"},{"floor":48,"key":"SmokeBomb"}],"is_trial":false,"path_per_floor":["M","$","M","$","M","R","E","M","T","M","M","E","M","M","R","B",null,"M","M","?","?","$","R","E","$","T","E","M","M","E","M","R","B",null,"M","M","?","M","$","E","R","E","T","R","E","$","M","M","R","B",null,"R","$","E","B",null],"character_chosen":"IRONCLAD","items_purchased":["hubris:OldNail","Red Skull","Toolbox","hubris:EnhanceAbility","SkillPotion","hubris:PeanutButter","Dream Catcher","OrangePellets","ReplayUltimateDefense","Membership Card","Bag of Marbles","Replay:Rubber Ducky","Block Potion","Replay:Bootleg Shield Generator","Shrug It Off","Chemical X","Oddly Smooth Stone","Quantum Egg","ReplayTheSpireMod:Brewmster","BloodPotion","Explosive Potion","Dexterity Potion","hubris:IronBody","DistilledChaos","Blood Vial","Orrery","War Paint","ClockworkSouvenir","Orichalcum","Durian","Adrenaline Potion","Languid Potion"],"campfire_rested":0,"item_purchase_floors":[2,2,2,2,2,4,4,4,4,22,22,22,22,22,25,25,25,25,25,25,25,25,39,39,46,46,46,53,53,53,53,53],"current_hp_per_floor":[132,132,134,134,140,140,138,141,141,143,135,141,137,136,136,112,137,143,145,145,145,145,145,133,133,133,150,150,150,150,150,150,150,150,150,150,150,150,150,150,150,150,150,150,150,150,150,150,150,150,150,150,155,155,155],"gold":2928,"neow_bonus":"RANDOM_COMMON_RELIC","is_daily":false,"chose_seed":false,"campfire_upgraded":7,"win_rate":0.0,"timestamp":1608702271,"path_taken":["M","$","M","$","M","R","E","M","T","M","M","E","M","M","R","BOSS","M","M","?","?","$","R","E","$","T","E","M","M","E","?","R","BOSS","M","M","?","?","$","E","R","E","T","R","E","$","M","M","R","BOSS","R","$","E","BOSS"],"items_purchased_type":["Relic","Relic","Relic","Card","Potion","Relic","Relic","Relic","Card","Relic","Relic","Relic","Potion","Card","Card","Relic","Relic","Relic","Card","Potion","Potion","Potion","Relic","Potion","Relic","Relic","Relic","Relic","Relic","Relic","Potion","Potion"],"build_version":"2020-12-13","purchased_purges":7,"victory":true,"max_hp_per_floor":[145,145,145,145,145,145,145,145,145,145,145,145,145,145,145,145,145,145,145,145,145,145,145,145,145,145,150,150,150,150,150,150,150,150,150,150,150,150,150,150,150,150,150,150,150,150,150,150,150,150,150,150,155,155,155],"card_choices":[{"not_picked":["Rage","Wild Strike","ReplayTheSpireMod:Muscle Training"],"picked":"SKIP","floor":1},{"not_picked":["Searing Blow","Havoc"],"picked":"Ghostly Armor","floor":3},{"not_picked":["Wild Strike","Perfected Strike","Inflame"],"picked":"SKIP","floor":5},{"not_picked":["Armaments","Intimidate","Clothesline"],"picked":"SKIP","floor":7},{"not_picked":["Armaments","Fiend Fire"],"picked":"Body Slam","floor":8},{"not_picked":["Evolve","hubris:ReadiedAction"],"picked":"Shockwave","floor":10},{"not_picked":["Sword Boomerang","ReplayTheSpireMod:Muscle Training","Perfected Strike"],"picked":"SKIP","floor":11},{"not_picked":["Eclipse","Rampage"],"picked":"Disarm","floor":12},{"not_picked":["Headbutt","Anger","Wild Strike"],"picked":"SKIP","floor":13},{"not_picked":["ReplayTheSpireMod:LeadingStrike","Clash","Dark Embrace"],"picked":"SKIP","floor":14},{"not_picked":["Eclipse","Demonic Infusion"],"picked":"Offering","floor":16},{"not_picked":["Dark Embrace","Warcry"],"picked":"Body Slam","floor":18},{"not_picked":["Cleave","Searing Blow","hubris:SharpeningStone"],"picked":"SKIP","floor":19},{"not_picked":["Run Through","Thunderclap","Seeing Red"],"picked":"SKIP","floor":24},{"not_picked":["hubris:SharpeningStone","Dark Embrace"],"picked":"Shrug It Off+1","floor":27},{"not_picked":["Body Slam","Clash","Flex"],"picked":"SKIP","floor":28},{"not_picked":["Reaper","Perfected Strike"],"picked":"Metallicize","floor":29},{"not_picked":["Armaments","Dual Wield+1"],"picked":"Juggernaut","floor":30},{"not_picked":["hubris:ReadiedAction","Cleave","Clothesline"],"picked":"SKIP","floor":31},{"not_picked":["Exhume","Demon Form"],"picked":"hubris:StunningStrike","floor":33},{"not_picked":["Run Through"],"picked":"SKIP","floor":35},{"not_picked":["Reckless Charge+1"],"picked":"SKIP","floor":36},{"not_picked":["Flex"],"picked":"SKIP","floor":38},{"not_picked":["ReplayTheSpireMod:Strike From Hell"],"picked":"SKIP","floor":40},{"not_picked":["Bludgeon"],"picked":"SKIP","floor":42},{"not_picked":["Rampage"],"picked":"SKIP","floor":45},{"not_picked":["Run Through"],"picked":"SKIP","floor":48},{"not_picked":["Headbutt"],"picked":"SKIP","floor":54}],"player_experience":94028,"relics_obtained":[{"floor":12,"key":"hubris:Potato"},{"floor":20,"key":"ReplayTheSpireMod:Ring of Collecting"},{"floor":24,"key":"Replay:Wax Seal"},{"floor":26,"key":"Ring of Greed"},{"floor":26,"key":"Blue Doll"},{"floor":26,"key":"Replay:Accelerometer"},{"floor":27,"key":"Lizard Tail"},{"floor":30,"key":"hubris:FunFungus"},{"floor":40,"key":"Replay:WaspNest"},{"floor":42,"key":"Happy Flower"},{"floor":43,"key":"Ring of Peace"},{"floor":43,"key":"Nunchaku"},{"floor":45,"key":"Whetstone"},{"floor":54,"key":"ReplayFunnel"}],"event_choices":[{"cards_removed":["Hallucinations"],"damage_healed":0,"gold_gain":0,"player_choice":"Purged","damage_taken":0,"max_hp_gain":0,"max_hp_loss":0,"event_name":"Purifier","floor":21,"gold_loss":0},{"cards_removed":["Strike_R"],"damage_healed":0,"gold_gain":0,"player_choice":"Purged","damage_taken":0,"max_hp_gain":0,"max_hp_loss":0,"event_name":"Purifier","floor":37,"gold_loss":0}],"is_beta":false,"boss_relics":[{"not_picked":["Tiny House","Mark of Pain"],"picked":"hubris:ScarierMask"},{"not_picked":["hubris:CrackedHourglass","Replay:Ancient Bell"],"picked":"Busted Crown"}],"items_purged_floors":[2,4,22,25,39,46,53],"is_endless":false,"potions_floor_spawned":[1,8,10,11,12,14,18,27,30,31,33,36,42,45,48],"ascension_level":17}}