{"host":"o3b7ow6d1xe49css","time":1608767637,"event":{"mods":["Act Like it!","Aspiration","BaseMod","Bestiary","Better Altar","Better Match","Better Note","Better Sensory Stone","Better Skull","Better Third Choice","Colored Powertips","Conspire","Energized Spire","Force Act Four","GifTheSpireLib","Halation","Hermit","Hubris","Infinite Spire","Lobotomy","Minty Spire (QoL Compilation)","Quick Restart","Replay The Spire","Spicy Shops","Spikes Relics","StSLib","Stuff the Spire","The Blue Laboratory","Wandering Minibosses","vexMod"],"gold_per_floor":[110,124,136,136,160,198,198,232,232,276,276,319,362,393,393,518,518,543,298,317,317,317,355,398,433,733,733,733,737,252,291,291,417,417,431,444,33,54,54,85,85,137,137,175,175,210,246,277,277,277,277,277,77,118,254],"floor_reached":56,"playtime":3810,"items_purged":["Strike_P","ReplayTheSpireMod:Restless Dread","Strike_P","Strike_P+1"],"score":2135,"play_id":"67df8213-9d41-48c1-b4f4-3ebd3dd00be5","local_time":"20201223145357","daily_mods":["Heirloom","Flight","Elite Swarm"],"is_ascension_mode":true,"campfire_choices":[{"data":"Eruption","floor":7,"key":"SMITH"},{"floor":11,"key":"REST"},{"data":"WindmillStrike","floor":15,"key":"SMITH"},{"data":"BattleHymn","floor":28,"key":"SMITH"},{"data":"Scrawl","floor":32,"key":"SMITH"},{"data":"Omniscience","floor":41,"key":"SMITH"},{"floor":45,"key":"RECALL"},{"data":"Vault","floor":49,"key":"SMITH"},{"data":"Vigilance","floor":52,"key":"SMITH"}],"circlet_count":0,"master_deck":["Defend_P+1","Defend_P+1","Defend_P","Defend_P","Eruption+1","Vigilance+1","Conclude","LessonLearned+1","Establishment+1","DeusExMachina+1","SashWhip+1","BattleHymn+1","Protect+1","BowlingBash+1","Replay:BluntJabs+1","OSAHOGD","UniverseFragment","EmptyMind+1","DevaForm","Scrawl+1","Omniscience+1","Replay:AllIn+1","Vault+1"],"relics":["PureWater","Ring of Chaos","Replay:Purple Gloves","Golden Idol","ReplayTheSpireMod:TigerMarble","Quantum Egg","halation:LettersToHer","InkBottle","conspire:GlowingRock","infinitespire:Midas Blood","SlaversCollar","wanderingMiniBosses:OtherGremlinHorn","Ring of Peace","Ring of Fury","CogitoBucket","StuffTheSpire:RubySignet","BrokenLever","Ornamental Fan","Old Coin","conspire:TopHat","aspiration:ChemicalBlood","TeardropLocket","SuspiciousGoo","hubris:ScarierMask","SkinProphecy","hubris:BottledRain","hubris:HerbalPaste","hubris:FunFungus","conspire:Dentures","Damaru","Centennial Puzzle","infinitespire:Lychee Nut","Nunchaku","conspire:DeflatedDodgeball","Prayer Wheel","vexMod:MemoryStick","Anchor"],"acts_visited":["Exordium","TheCity","TheBeyond","TheEnding"],"potions_floor_usage":[6,8,14,16,42,42,44,55,55,55,55],"damage_taken":[{"damage":2,"enemies":"Jaw Worm","floor":1,"turns":3},{"damage":0,"enemies":"Small Slimes","floor":2,"turns":2},{"damage":0,"enemies":"2 Louse","floor":3,"turns":1},{"damage":6,"enemies":"Looter","floor":5,"turns":3},{"damage":32,"enemies":"Gremlin Nob","floor":6,"turns":4},{"damage":10,"enemies":"3 Sentries","floor":8,"turns":3},{"damage":1,"enemies":"Lagavulin","floor":10,"turns":5},{"damage":0,"enemies":"3 Sentries","floor":12,"turns":2},{"damage":0,"enemies":"Lagavulin","floor":13,"turns":4},{"damage":24,"enemies":"Gremlin Nob","floor":14,"turns":3},{"damage":0,"enemies":"Hexaghost","floor":16,"turns":2},{"damage":2,"enemies":"2 Thieves","floor":18,"turns":3},{"damage":0,"enemies":"Spheric Guardian","floor":20,"turns":5},{"damage":0,"enemies":"Slavers","floor":23,"turns":2},{"damage":0,"enemies":"Nightmare","floor":24,"turns":4},{"damage":0,"enemies":"Slavers","floor":25,"turns":2},{"damage":0,"enemies":"Book of Stabbing","floor":31,"turns":2},{"damage":0,"enemies":"Automaton","floor":33,"turns":4},{"damage":0,"enemies":"Orb Walker","floor":35,"turns":1},{"damage":0,"enemies":"3 Darklings","floor":36,"turns":3},{"damage":0,"enemies":"Sphere and 2 Shapes","floor":38,"turns":3},{"damage":0,"enemies":"R_Hoarder","floor":40,"turns":5},{"damage":8,"enemies":"Nightmare","floor":42,"turns":9},{"damage":0,"enemies":"Reptomancer","floor":44,"turns":2},{"damage":0,"enemies":"R_Hoarder","floor":46,"turns":5},{"damage":0,"enemies":"Giant Head","floor":47,"turns":2},{"damage":0,"enemies":"Nemesis","floor":48,"turns":7},{"damage":0,"enemies":"Replay:Hell Engine","floor":50,"turns":5},{"damage":0,"enemies":"Shield and Spear","floor":54,"turns":2},{"damage":44,"enemies":"The Heart","floor":55,"turns":7}],"seed_played":"-274505421590795113","potions_obtained":[{"floor":2,"key":"BlessingOfTheForge"},{"floor":6,"key":"Adrenaline Potion"},{"floor":8,"key":"LifebloodPotion"},{"floor":12,"key":"blueLaboratory:FaithlessPotion"},{"floor":25,"key":"LifebloodPotion"},{"floor":31,"key":"blueLaboratory:EpiphanyPotion"},{"floor":33,"key":"SteroidPotion"},{"floor":35,"key":"Swift Potion"}],"is_trial":true,"path_per_floor":["M","M","M","?","M","E","R","E","T","E","R","E","E","E","R","B",null,"M","$","M","?","?","E","NM","E","T","AVR","R","?","$","E","R","B",null,"M","M","$","M","AVR","E","R","NM","T","E","R","E","E","E","R","B",null,"R","$","E","B",null],"character_chosen":"WATCHER","items_purchased":["BattleHymn","Protect+1","BowlingBash","TeardropLocket","EmptyMind","Block Potion","hubris:BottledRain","hubris:HerbalPaste","vexMod:MemoryStick","ColorlessPotion"],"campfire_rested":1,"item_purchase_floors":[19,19,19,30,30,30,37,37,53,53],"current_hp_per_floor":[70,70,70,67,61,29,29,19,19,18,38,38,38,14,14,14,54,52,52,52,52,52,52,52,52,52,52,52,36,36,36,36,36,59,62,62,62,63,63,74,74,68,68,58,58,60,62,66,66,68,68,68,68,70,47],"gold":254,"neow_bonus":"","is_daily":false,"chose_seed":false,"campfire_upgraded":7,"win_rate":0.0,"timestamp":1608767637,"path_taken":["M","M","M","?","M","E","R","E","T","E","R","E","E","E","R","BOSS","M","$","M","?","?","E","NM","E","T","AVR","R","?","$","E","R","BOSS","M","M","$","M","AVR","E","R","NM","T","E","R","E","E","E","R","BOSS","R","$","E","BOSS"],"items_purchased_type":["Card","Card","Card","Relic","Card","Potion","Relic","Relic","Relic","Potion"],"build_version":"2020-12-22","purchased_purges":4,"victory":true,"max_hp_per_floor":[72,72,72,67,67,67,67,67,67,67,67,67,67,67,67,67,67,67,67,67,67,67,67,67,67,67,67,67,67,67,67,67,67,67,70,70,70,72,72,74,74,76,76,58,58,60,62,66,66,68,68,68,68,70,72],"card_choices":[{"not_picked":["Evaluate","SashWhip"],"picked":"WindmillStrike","floor":1},{"not_picked":["Evaluate","Pray"],"picked":"Conclude","floor":2},{"not_picked":["FlyingSleeves","ThirdEye"],"picked":"Evaluate","floor":3},{"not_picked":["PathToVictory","WaveOfTheHand","ThirdEye"],"picked":"SKIP","floor":5},{"not_picked":["Wish","ConjureBlade","Judgement"],"picked":"SKIP","floor":6},{"not_picked":["ConjureBlade","Alpha"],"picked":"LessonLearned","floor":8},{"not_picked":["DeusExMachina","Replay:LoomingThreat"],"picked":"Scrawl","floor":10},{"not_picked":["Devotion","ConjureBlade"],"picked":"Scrawl","floor":12},{"not_picked":["DevaForm","Omniscience"],"picked":"Establishment","floor":13},{"not_picked":["Alpha","DevaForm"],"picked":"DeusExMachina","floor":14},{"not_picked":["SignatureMove","Halt"],"picked":"SashWhip+1","floor":18},{"not_picked":["JustLucky+1","Replay:Cycle"],"picked":"Replay:BluntJabs","floor":20},{"not_picked":["Scarecrow","LittlePrince"],"picked":"OSAHOGD","floor":23},{"not_picked":["Brilliance","Wish","Devotion"],"picked":"SKIP","floor":23},{"not_picked":["Freischutz","FairyFestival","HeroicMonk"],"picked":"Singing Bowl","floor":24},{"not_picked":["FairyFestival","CherryBlossoms"],"picked":"UniverseFragment","floor":24},{"not_picked":["Replay:LoomingThreat","Judgement","ConjureBlade"],"picked":"SKIP","floor":24},{"not_picked":["Replay:LoomingThreat","Omniscience","Replay:AllIn"],"picked":"SKIP","floor":25},{"not_picked":["Scorched","WhitesApple","WhiteNight"],"picked":"Singing Bowl","floor":31},{"not_picked":["Alpha","Replay:LoomingThreat"],"picked":"DevaForm","floor":31},{"not_picked":["DespairKnight","SingingMachine","WallGazer"],"picked":"Singing Bowl","floor":33},{"not_picked":["Wish","Alpha"],"picked":"Scrawl","floor":33},{"not_picked":["Replay:BluntJabs","TalkToTheHand","Replay:ManipulateFuture+1"],"picked":"SKIP","floor":35},{"not_picked":["BlackArmy","SnowQueen","ShyLook"],"picked":"Singing Bowl","floor":36},{"not_picked":["BattleHymn","Replay:AtTheReady","WindmillStrike+1"],"picked":"SKIP","floor":36},{"not_picked":["SingingMachine","MeltingLove","Laetitia"],"picked":"Singing Bowl","floor":38},{"not_picked":["Mercenary","Alriune"],"picked":"WhiteNight","floor":38},{"not_picked":["Worship","Halt","Vengeance"],"picked":"SKIP","floor":38},{"not_picked":["Laetitia","RedShoes","Alriune"],"picked":"Singing Bowl","floor":40},{"not_picked":["SpiritShield","Alpha"],"picked":"Omniscience","floor":40},{"not_picked":["Mercenary","Alriune","MeltingLove"],"picked":"Singing Bowl","floor":42},{"not_picked":["MasterReality","Wish","Establishment"],"picked":"SKIP","floor":42},{"not_picked":["Porccubus","LongBird","Laetitia"],"picked":"Singing Bowl","floor":44},{"not_picked":["Scrawl","Devotion"],"picked":"Replay:AllIn","floor":44},{"not_picked":["DreamingCurrent","LittleHelper","BlueStar"],"picked":"Singing Bowl","floor":46},{"not_picked":["Ragnarok","Omniscience"],"picked":"Vault","floor":46},{"not_picked":["Mercenary","LittlePrince","Alriune"],"picked":"Singing Bowl","floor":47},{"not_picked":["SpiritShield","Brilliance","Replay:LoomingThreat"],"picked":"SKIP","floor":47},{"not_picked":["NothingThere","LongBird","MeltingLove"],"picked":"Singing Bowl","floor":48},{"not_picked":["Ragnarok","Judgement"],"picked":"Vault","floor":48},{"not_picked":["Variant","RedShoes","BigBird"],"picked":"Singing Bowl","floor":54},{"not_picked":["Replay:LoomingThreat","DevaForm","Brilliance"],"picked":"SKIP","floor":54},{"not_picked":["Replay:LoomingThreat","DevaForm","Brilliance"],"picked":"SKIP","floor":54},{"not_picked":["FieryBird","Scarecrow","SilentOrchestra"],"picked":"Singing Bowl","floor":55}],"player_experience":1838980,"relics_obtained":[{"floor":6,"key":"ReplayTheSpireMod:TigerMarble"},{"floor":8,"key":"Quantum Egg"},{"floor":10,"key":"halation:LettersToHer"},{"floor":12,"key":"InkBottle"},{"floor":13,"key":"conspire:GlowingRock"},{"floor":14,"key":"infinitespire:Midas Blood"},{"floor":20,"key":"wanderingMiniBosses:OtherGremlinHorn"},{"floor":22,"key":"Ring of Peace"},{"floor":22,"key":"Ring of Fury"},{"floor":23,"key":"StuffTheSpire:RubySignet"},{"floor":24,"key":"BrokenLever"},{"floor":25,"key":"Ornamental Fan"},{"floor":26,"key":"halation:LettersToHer"},{"floor":26,"key":"Old Coin"},{"floor":31,"key":"SuspiciousGoo"},{"floor":40,"key":"conspire:Dentures"},{"floor":42,"key":"Damaru"},{"floor":43,"key":"halation:LettersToHer"},{"floor":43,"key":"Centennial Puzzle"},{"floor":44,"key":"infinitespire:Lychee Nut"},{"floor":46,"key":"Nunchaku"},{"floor":47,"key":"conspire:DeflatedDodgeball"},{"floor":48,"key":"Prayer Wheel"},{"floor":54,"key":"Anchor"}],"event_choices":[{"damage_healed":0,"gold_gain":0,"player_choice":"Lose Max HP","damage_taken":0,"relics_obtained":["Golden Idol"],"max_hp_gain":0,"max_hp_loss":5,"event_name":"Golden Idol","floor":4,"gold_loss":0},{"cards_removed":["Strike_P"],"damage_healed":0,"gold_gain":0,"player_choice":"Give","damage_taken":0,"max_hp_gain":0,"max_hp_loss":0,"event_name":"betterNote:BetterNote","floor":21,"gold_loss":0,"cards_obtained":["Strike_B"]},{"damage_healed":0,"gold_gain":0,"player_choice":"RE ","damage_taken":18,"relics_obtained":["aspiration:ChemicalBlood"],"max_hp_gain":0,"max_hp_loss":0,"event_name":"betterSkull:BetterSkull","floor":29,"gold_loss":0,"cards_upgraded":[]}],"is_beta":false,"boss_relics":[{"not_picked":["aspiration:RunicSpoon","energizedSpire:CrystalSphere"],"picked":"SlaversCollar"},{"not_picked":["VioletLotus","energizedSpire:EnergizedDie"],"picked":"hubris:ScarierMask"}],"items_purged_floors":[19,27,30,39],"is_endless":true,"potions_floor_spawned":[2,6,8,12,25,31,33,35,36,38],"ascension_level":5}}