{"host":"qxeepl7ydvsgmfdb","time":1608743329,"event":{"mods":["AchievementEnabler","BaseMod","Colored Powertips","Minty Spire (QoL Compilation)","Quick Restart","slay the spire mod where everything is the same but ironclad has a cowboy hat"],"gold_per_floor":[110,124,73,73,73,73,98,123,123,148,171,171,184,208,208,208,208],"floor_reached":16,"playtime":916,"items_purged":[],"score":96,"play_id":"342d15e1-617c-467e-9d7a-e0f9d026310e","local_time":"20201223120849","is_ascension_mode":false,"campfire_choices":[{"data":"Dual Wield","floor":6,"key":"SMITH"},{"data":"Shockwave","floor":12,"key":"SMITH"},{"data":"Infernal Blade","floor":15,"key":"SMITH"}],"circlet_count":0,"master_deck":["Strike_R","Strike_R","Strike_R","Strike_R","Strike_R","Defend_R","Defend_R","Defend_R","Defend_R","Bash","Dual Wield+1","Shockwave+1","Flex","Infernal Blade+1","Pommel Strike","Flex","Fire Breathing","Body Slam","Iron Wave"],"relics":["Burning Blood","NeowsBlessing","Golden Idol","Ornamental Fan"],"acts_visited":["Exordium"],"potions_floor_usage":[10,16,16],"damage_taken":[{"damage":0,"enemies":"Cultist","floor":1,"turns":1},{"damage":0,"enemies":"Jaw Worm","floor":2,"turns":1},{"damage":0,"enemies":"2 Louse","floor":7,"turns":1},{"damage":18,"enemies":"Red Slaver","floor":8,"turns":4},{"damage":17,"enemies":"Gremlin Gang","floor":10,"turns":7},{"damage":4,"enemies":"3 Louse","floor":11,"turns":3},{"damage":14,"enemies":"Blue Slaver","floor":13,"turns":3},{"damage":12,"enemies":"Looter","floor":14,"turns":4},{"damage":36,"enemies":"The Guardian","floor":16,"turns":7}],"seed_played":"6758078809612668906","potions_obtained":[{"floor":8,"key":"Block Potion"},{"floor":11,"key":"LiquidBronze"},{"floor":14,"key":"SteroidPotion"}],"is_trial":false,"path_per_floor":["M","M","$","?","?","R","M","M","T","M","M","R","M","M","R","B"],"character_chosen":"IRONCLAD","items_purchased":["Flex"],"campfire_rested":0,"item_purchase_floors":[3],"current_hp_per_floor":[80,80,80,60,60,60,66,54,54,43,45,45,37,31,31,0,0],"gold":208,"neow_bonus":"THREE_ENEMY_KILL","is_daily":false,"chose_seed":false,"campfire_upgraded":3,"win_rate":0.0,"timestamp":1608743329,"path_taken":["M","M","?","?","?","R","M","M","T","M","?","R","M","?","R","BOSS"],"items_purchased_type":["Card"],"build_version":"2020-12-22","purchased_purges":0,"victory":false,"max_hp_per_floor":[80,80,80,80,80,80,80,80,80,80,80,80,80,80,80,80,80],"card_choices":[{"not_picked":["Warcry","Headbutt"],"picked":"Dual Wield","floor":1},{"not_picked":["Sword Boomerang","Iron Wave"],"picked":"Shockwave","floor":2},{"not_picked":["Iron Wave","Rupture"],"picked":"Infernal Blade","floor":7},{"not_picked":["Clash","Pummel"],"picked":"Pommel Strike","floor":8},{"not_picked":["Spot Weakness","Sword Boomerang"],"picked":"Flex","floor":10},{"not_picked":["Dual Wield","Anger"],"picked":"Fire Breathing","floor":11},{"not_picked":["Pommel Strike","Uppercut"],"picked":"Body Slam","floor":13},{"not_picked":["Brutality","Havoc"],"picked":"Iron Wave","floor":14}],"player_experience":344586,"relics_obtained":[{"floor":9,"key":"Ornamental Fan"}],"event_choices":[{"damage_healed":0,"gold_gain":0,"player_choice":"Take Damage","damage_taken":20,"relics_obtained":["Golden Idol"],"max_hp_gain":0,"max_hp_loss":0,"event_name":"Golden Idol","floor":4,"gold_loss":0},{"damage_healed":0,"gold_gain":0,"player_choice":"Ignored","damage_taken":0,"max_hp_gain":0,"max_hp_loss":0,"event_name":"NoteForYourself","floor":5,"gold_loss":0}],"is_beta":false,"boss_relics":[],"items_purged_floors":[],"is_endless":false,"potions_floor_spawned":[8,11,14],"killed_by":"The Guardian","ascension_level":0}}