{"host":"uflv0e3ja7hvnij7","time":1608718774,"event":{"mods":["BaseMod","Conspire","Hubris","Minty Spire (QoL Compilation)","Replay The Spire","StSLib","The Bug Knight"],"gold_per_floor":[209,80,30,105,105,135,135,135,135,153,153,55,73,73,73,73,73],"floor_reached":16,"playtime":828,"items_purged":["Strike_R"],"score":110,"play_id":"431c23eb-3166-4251-b129-b1e15a7d8040","local_time":"20201223051934","is_ascension_mode":true,"campfire_choices":[{"floor":7,"key":"REST"},{"data":"Clothesline","floor":11,"key":"SMITH"},{"data":"Bash","floor":15,"key":"SMITH"}],"circlet_count":0,"master_deck":["Strike_R","Strike_R","Strike_R","Defend_R","Defend_R","Defend_R","Bash+1","Headbutt","Shrug It Off","Abandon","Shrug It Off+1","Clothesline+1","Replay:BasicMightCard+1"],"relics":["Burning Blood","Frozen Egg 2","conspire:Dentures"],"acts_visited":["Exordium"],"potions_floor_usage":[16],"damage_taken":[{"damage":7,"enemies":"Small Slimes","floor":1,"turns":4},{"damage":51,"enemies":"3 Sentries","floor":6,"turns":13},{"damage":0,"enemies":"2 Louse","floor":10,"turns":3},{"damage":4,"enemies":"Jaw Worm","floor":13,"turns":3},{"damage":75,"enemies":"Fading Forest","floor":16,"turns":8}],"seed_played":"3486766057406502117","potions_obtained":[{"floor":1,"key":"LifebloodPotion"},{"floor":6,"key":"Elixir"}],"is_trial":false,"path_per_floor":["M","$","?","?","?","E","R","?","T","M","R","$","M","$","R","B"],"character_chosen":"IRONCLAD","items_purchased":["Shrug It Off","Replay:BasicMightCard+1"],"campfire_rested":1,"item_purchase_floors":[2,12],"current_hp_per_floor":[79,79,79,68,68,23,47,47,47,53,53,53,55,55,55,0,0],"gold":73,"neow_bonus":"HUNDRED_GOLD","is_daily":false,"chose_seed":false,"campfire_upgraded":2,"win_rate":0.0,"timestamp":1608718774,"path_taken":["M","$","?","?","?","E","R","?","T","?","R","$","M","?","R","BOSS"],"items_purchased_type":["Card","Card"],"build_version":"2020-12-22","purchased_purges":1,"victory":false,"max_hp_per_floor":[80,80,80,80,80,80,80,80,80,80,80,80,80,80,80,80,80],"card_choices":[{"not_picked":["Bloodletting","Replay:Undeath\u0027s Touch"],"picked":"Headbutt","floor":1},{"not_picked":["Pommel Strike","Pummel"],"picked":"Shrug It Off","floor":6},{"not_picked":["Flex","Iron Wave"],"picked":"Clothesline","floor":10},{"not_picked":["Dropkick","Massacre","Sword Boomerang"],"picked":"SKIP","floor":13}],"player_experience":291919,"relics_obtained":[{"floor":6,"key":"Frozen Egg 2"},{"floor":9,"key":"conspire:Dentures"}],"event_choices":[{"cards_removed":["Defend_R"],"damage_healed":0,"gold_gain":0,"player_choice":"Card Removal","damage_taken":0,"max_hp_gain":0,"max_hp_loss":0,"event_name":"The Cleric","floor":3,"gold_loss":50},{"damage_healed":0,"gold_gain":75,"player_choice":"Gather Gold","damage_taken":11,"max_hp_gain":0,"max_hp_loss":0,"event_name":"World of Goop","floor":4,"gold_loss":0},{"damage_healed":0,"gold_gain":0,"cards_transformed":["Strike_R"],"player_choice":"Change","damage_taken":0,"max_hp_gain":0,"max_hp_loss":0,"event_name":"Living Wall","floor":5,"gold_loss":0,"cards_obtained":["Abandon"]}],"is_beta":false,"boss_relics":[],"items_purged_floors":[2],"is_endless":false,"potions_floor_spawned":[1,6],"killed_by":"Fading Forest","ascension_level":3}}