{"host":"mq8ma9fwagsj51ix","time":1608707828,"event":{"mods":["2.2 Compatiblity","BaseMod","Downfall","Hermit","Hubris","Jorbs\u0027s Wanderer Trilogy","Minty Spire (QoL Compilation)","Replay The Spire","StSLib"],"gold_per_floor":[99,119,133,133,143,170,170,190,204,216,236,251,251,251,269,269,269,269],"floor_reached":16,"playtime":641,"items_purged":[],"score":133,"play_id":"10f7a6f0-cc9d-45e0-a710-2bd44d38c7d0","local_time":"20201223011708","is_ascension_mode":false,"campfire_choices":[{"data":"Slimebound:Split","floor":1,"key":"SMITH"}],"circlet_count":0,"master_deck":["Slimebound:Strike_Slimebound","Slimebound:Strike_Slimebound","Slimebound:Strike_Slimebound","Slimebound:Tackle","Slimebound:Defend_Slimebound","Slimebound:Defend_Slimebound","Slimebound:Defend_Slimebound","Slimebound:Defend_Slimebound","Slimebound:Split+1","Slimebound:CorrosiveSpit+1","Slimebound:MassFeed","Slimebound:FlameTackle","Slimebound:RollThrough","Slimebound:GoopSpray","Slimebound:Dissolve","Pot Of Greed","Pot Of Greed","Slimebound:Prepare","Slimebound:LeadByExample","Slimebound:SpikyOuterGoop","Slimebound:Gluttony","Slimebound:SplitMire","Slimebound:AcidTongue"],"relics":["Slimebound:AbsorbEndCombat","Mercury Hourglass","Grinning Jar","hubris:Towel"],"acts_visited":["Exordium"],"potions_floor_usage":[6,16,16,16],"damage_taken":[{"damage":8,"enemies":"Small Slimes","floor":2,"turns":4},{"damage":8,"enemies":"Cultist","floor":3,"turns":3},{"damage":3,"enemies":"2 Louse","floor":5,"turns":2},{"damage":45,"enemies":"Gremlin Nob","floor":6,"turns":4},{"damage":20,"enemies":"Large Slime","floor":8,"turns":4},{"damage":9,"enemies":"2 Fungi Beasts","floor":9,"turns":2},{"damage":0,"enemies":"Lots of Slimes","floor":10,"turns":1},{"damage":22,"enemies":"Large Slime","floor":11,"turns":4},{"damage":21,"enemies":"Red Slaver","floor":12,"turns":2},{"damage":22,"enemies":"3 Louse","floor":15,"turns":3},{"damage":48,"enemies":"downfall:Silent","floor":16,"turns":6}],"seed_played":"-9148984343575445520","potions_obtained":[{"floor":2,"key":"Block Potion"},{"floor":4,"key":"hexamod:EctoCoolerPotion"},{"floor":4,"key":"BlessingOfTheForge"},{"floor":6,"key":"Doom Potion"},{"floor":11,"key":"Energy Potion"}],"is_trial":false,"path_per_floor":["R","M","M","?","M","E","T","M","M","M","M","M","?","?","M","B"],"character_chosen":"SLIMEBOUND","items_purchased":[],"campfire_rested":0,"item_purchase_floors":[],"current_hp_per_floor":[60,63,66,66,69,32,32,28,39,45,39,30,30,30,28,0,0,0],"gold":269,"neow_bonus":"ONE_RANDOM_RARE_CARD","is_daily":false,"chose_seed":false,"campfire_upgraded":1,"win_rate":0.0,"timestamp":1608707828,"path_taken":["R","M","M","?","M","E","T","M","M","M","?","M","?","?","M","BOSS"],"items_purchased_type":[],"build_version":"2020-12-22","purchased_purges":0,"victory":false,"max_hp_per_floor":[60,63,66,66,69,69,69,69,75,75,75,75,75,75,75,75,75,75],"card_choices":[{"not_picked":["Slimebound:Schlurp","Slimebound:DisruptingSlam"],"picked":"Slimebound:FlameTackle","floor":2},{"not_picked":["Slimebound:SamplingLick","Slimebound:LeechEnergy"],"picked":"Slimebound:RollThrough","floor":3},{"not_picked":["Slimebound:ComboTackle","Slimebound:Chomp"],"picked":"Slimebound:GoopSpray","floor":5},{"not_picked":["Slimebound:Schlurp","Slimebound:BestDefense"],"picked":"Slimebound:Dissolve","floor":6},{"not_picked":["Slimebound:Replication","Slimebound:Schlurp"],"picked":"Slimebound:Prepare","floor":8},{"not_picked":["Slimebound:PressTheAttack","Slimebound:ComboTackle"],"picked":"Slimebound:LeadByExample","floor":9},{"not_picked":["Slimebound:GoopTackle","Slimebound:SlimeBarrage"],"picked":"Slimebound:SpikyOuterGoop","floor":10},{"not_picked":["Slimebound:SamplingLick","Slimebound:FirmFortitude"],"picked":"Slimebound:Gluttony","floor":11},{"not_picked":["Slimebound:ViciousTackle","Slimebound:LivingWall"],"picked":"Slimebound:SplitMire","floor":12},{"not_picked":["Slimebound:ProtectTheBoss","Slimebound:PressTheAttack"],"picked":"Slimebound:AcidTongue","floor":15}],"player_experience":138496,"relics_obtained":[{"floor":6,"key":"Mercury Hourglass"},{"floor":7,"key":"Grinning Jar"}],"event_choices":[{"damage_healed":0,"gold_gain":0,"player_choice":"Got Potions","damage_taken":0,"max_hp_gain":0,"max_hp_loss":0,"event_name":"Lab","floor":4,"gold_loss":0}],"is_beta":false,"boss_relics":[],"items_purged_floors":[],"is_endless":false,"potions_floor_spawned":[2,6,8,10,11,12],"killed_by":"downfall:Silent","ascension_level":0}}