{"host":"rwzz6mk6bpmb57ql","time":1608711772,"event":{"mods":["AchievementEnabler","BaseMod","BetterRewards","Colored Map","Highlight Path","Hubris","Minty Spire (QoL Compilation)","Replay The Spire","StSLib"],"gold_per_floor":[6616,6635,6635,6655,6655,6684,6684,6714,6739,6771,6820,6833,6848,6867,6867,6963,6963,6973,6888,6828,6845,6417,6417,6446,6183,6183,6217,6217,6228,6328,6354,6366,6477,6489,6515,6539,6567,6451,6467,6467,6467,6191,6191,6191,6205,5977,5977,6012,6012,6012,6012,6012,5862,5890,5890],"floor_reached":56,"playtime":2705,"items_purged":["Strike_G","Strike_G"],"score":1482,"play_id":"79afa4f4-eb30-465e-9c67-f272fffcbc4b","local_time":"20201223022252","is_ascension_mode":true,"campfire_choices":[{"floor":7,"key":"RECALL"},{"data":"Blade Dance","floor":15,"key":"SMITH"},{"data":"ReplayTheSpireMod:Shiv Toss","floor":23,"key":"SMITH"},{"data":"Outmaneuver","floor":32,"key":"SMITH"},{"data":"ReplayTheSpireMod:Scrap Shanks","floor":40,"key":"SMITH"},{"floor":44,"key":"REST"},{"floor":52,"key":"REST"}],"circlet_count":0,"master_deck":["Strike_G","Strike_G","Strike_G","Defend_G","Defend_G","Defend_G","Defend_G","Survivor","Neutralize","PiercingWail","Slice","Predator","Quick Slash+1","Slice","Blade Dance+1","Dagger Spray","ReplayTheSpireMod:Tripwire","Glass Knife","Backstab","ReplayTheSpireMod:Shiv Toss+1","ReplayTheSpireMod:Scrap Shanks+1","ReplayTheSpireMod:Scrap Shanks+1","Outmaneuver+1","Infinite Blades+1","Outmaneuver+1","Adrenaline"],"relics":["Ring of the Snake","Potion Belt","Potion Belt","Happy Flower","ReplayTheSpireMod:Lightbulb","Orichalcum","Snecko Scales","Dream Catcher","Membership Card","Replay:Mystery Machine","Mirror","Blood Vial","ReplayFunnel","HandDrill","Ninja Scroll","hubris:FunFungus","Prayer Wheel","MawBank","WristBlade","Matryoshka","Pear","Pen Nib","DollysMirror","Question Card","Juzu Bracelet","ClockworkSouvenir","Regal Pillow","Snake Skull","Pondfish Scales","Vajra","hubris:AncientText"],"acts_visited":["Exordium","TheCity","TheBeyond","TheEnding"],"potions_floor_usage":[6,6,8,12,16,16,16,16,24,27,27,30,48,48,50,50,50,55,55],"damage_taken":[{"damage":2,"enemies":"Small Slimes","floor":1,"turns":3},{"damage":0,"enemies":"Cultist","floor":2,"turns":4},{"damage":6,"enemies":"Jaw Worm","floor":4,"turns":4},{"damage":20,"enemies":"3 Sentries","floor":6,"turns":6},{"damage":14,"enemies":"Gremlin Nob","floor":8,"turns":3},{"damage":10,"enemies":"3 Sentries","floor":10,"turns":6},{"damage":5,"enemies":"Exordium Wildlife","floor":12,"turns":3},{"damage":0,"enemies":"3 Louse","floor":13,"turns":2},{"damage":4,"enemies":"2 Fungi Beasts","floor":14,"turns":3},{"damage":12,"enemies":"Hexaghost","floor":16,"turns":4},{"damage":0,"enemies":"3 Byrds","floor":18,"turns":3},{"damage":9,"enemies":"2 Thieves","floor":21,"turns":3},{"damage":18,"enemies":"Book of Stabbing","floor":24,"turns":5},{"damage":0,"enemies":"Gremlin Leader","floor":27,"turns":5},{"damage":0,"enemies":"Snecko","floor":29,"turns":3},{"damage":6,"enemies":"Colosseum Slavers","floor":30,"turns":2},{"damage":0,"enemies":"Colosseum Nobs","floor":30,"turns":2},{"damage":6,"enemies":"Automaton","floor":33,"turns":4},{"damage":9,"enemies":"Orb Walker","floor":35,"turns":2},{"damage":0,"enemies":"3 Shapes","floor":36,"turns":2},{"damage":9,"enemies":"Writhing Mass","floor":37,"turns":2},{"damage":13,"enemies":"4 Shapes","floor":39,"turns":2},{"damage":4,"enemies":"Sphere and 2 Shapes","floor":45,"turns":3},{"damage":0,"enemies":"Nemesis","floor":48,"turns":3},{"damage":34,"enemies":"hubris:GrandSnecko","floor":50,"turns":5},{"damage":24,"enemies":"Shield and Spear","floor":54,"turns":2},{"damage":49,"enemies":"The Heart","floor":55,"turns":5}],"seed_played":"2636683916122648956","potions_obtained":[{"floor":2,"key":"AttackPotion"},{"floor":3,"key":"SpeedPotion"},{"floor":3,"key":"Cursed Concoction"},{"floor":3,"key":"Cursed Concoction"},{"floor":6,"key":"FearPotion"},{"floor":10,"key":"Adrenaline Potion"},{"floor":12,"key":"LifebloodPotion"},{"floor":14,"key":"SpeedPotion"},{"floor":16,"key":"SpeedPotion"},{"floor":21,"key":"Adrenaline Potion"},{"floor":29,"key":"SkillPotion"},{"floor":33,"key":"Doom Potion"},{"floor":35,"key":"Venom Potion"},{"floor":45,"key":"Adrenaline Potion"},{"floor":48,"key":"LiquidMemories"},{"floor":49,"key":"EssenceOfSteel"},{"floor":49,"key":"AttackPotion"}],"is_trial":false,"path_per_floor":["M","M","?","M","?","E","R","E","T","E","T","M","M","M","R","B",null,"M","?","?","M","$","R","E","$","T","E","?","M","?","T","R","B",null,"M","M","M","$","M","R","?","$","T","R","M","$","?","E","R_BF","B",null,"R","$","E","B",null],"character_chosen":"THE_SILENT","items_purchased":["Membership Card","Replay:Mystery Machine","Mirror","ReplayTheSpireMod:Shiv Toss","ReplayFunnel","HandDrill","Dexterity Potion","LiquidMemories","Matryoshka","Pear","Pen Nib","DollysMirror","ClockworkSouvenir","Regal Pillow","Snake Skull","Vajra","hubris:AncientText"],"campfire_rested":2,"item_purchase_floors":[22,22,22,22,25,25,25,25,38,42,42,42,46,46,46,53,53],"current_hp_per_floor":[143,143,143,137,137,117,117,103,103,93,93,88,88,84,84,72,145,145,145,145,136,136,136,118,118,118,120,120,123,121,121,121,120,145,136,139,132,132,121,121,121,131,131,155,151,151,151,155,155,123,155,155,155,131,91],"gold":5890,"neow_bonus":"RANDOM_EVENT","is_daily":false,"chose_seed":false,"campfire_upgraded":4,"win_rate":0.0,"timestamp":1608711772,"path_taken":["M","M","?","?","?","E","R","E","T","E","?","M","M","M","R","BOSS","M","?","?","M","?","R","E","$","T","E","?","?","?","?","R","BOSS","M","M","M","$","M","R","?","$","T","R","M","$","?","E","R_BF","BOSS","R","$","E","BOSS"],"items_purchased_type":["Relic","Relic","Relic","Card","Relic","Relic","Potion","Potion","Relic","Relic","Relic","Relic","Relic","Relic","Relic","Relic","Relic"],"build_version":"2020-12-13","purchased_purges":2,"victory":true,"max_hp_per_floor":[145,145,145,145,145,145,145,145,145,145,145,145,145,145,145,145,145,145,145,145,145,145,145,145,145,145,145,145,145,145,145,145,145,145,145,145,145,145,145,145,145,155,155,155,155,155,155,155,155,155,155,155,155,155,155],"card_choices":[{"not_picked":["Slice","Dagger Throw"],"picked":"PiercingWail","floor":1},{"not_picked":["Hidden Blade","Noxious Fumes"],"picked":"Slice","floor":2},{"not_picked":["Tactician","Eviscerate"],"picked":"Predator","floor":4},{"not_picked":["Acrobatics","Draining Mist"],"picked":"Slice","floor":6},{"not_picked":["Predator","hubris:Sniper"],"picked":"Blade Dance","floor":8},{"not_picked":["Dagger Throw","Wraith Form v2","Dodge and Roll"],"picked":"SKIP","floor":10},{"not_picked":["Acrobatics","ReplayTheSpireMod:Tripwire"],"picked":"Dagger Spray","floor":12},{"not_picked":["Prepared","Corpse Explosion","PiercingWail"],"picked":"SKIP","floor":13},{"not_picked":["Escape Plan","Replay:Poison Smokescreen"],"picked":"ReplayTheSpireMod:Tripwire","floor":14},{"not_picked":["Poison Darts","Tools of the Trade"],"picked":"Glass Knife","floor":16},{"not_picked":["Blade Dance","Riddle With Holes"],"picked":"Backstab","floor":18},{"not_picked":["Expertise+1","Choke","ReplayTheSpireMod:Exploit Weakness"],"picked":"SKIP","floor":21},{"not_picked":["Dodge and Roll","Dash"],"picked":"ReplayTheSpireMod:Scrap Shanks","floor":24},{"not_picked":["Sucker Punch","Slice","Masterful Stab+1"],"picked":"SKIP","floor":27},{"not_picked":["Dagger Throw","Predator"],"picked":"ReplayTheSpireMod:Scrap Shanks+1","floor":29},{"not_picked":["Flechettes","PiercingWail+1"],"picked":"Outmaneuver","floor":30},{"not_picked":["hubris:Counter+1","Predator","Dodge and Roll+1"],"picked":"SKIP","floor":35},{"not_picked":["Bane","Dodge and Roll","Poisoned Stab+1"],"picked":"SKIP","floor":35},{"not_picked":["Tactician+1","Prepared"],"picked":"Infinite Blades+1","floor":36},{"not_picked":["Dodge and Roll+1","ReplayTheSpireMod:Shiv Toss","Terror"],"picked":"SKIP","floor":36},{"not_picked":["Underhanded Strike","Prepared","Bane+1"],"picked":"SKIP","floor":37},{"not_picked":["Deadly Poison","Hidden Blade+1","Underhanded Strike"],"picked":"SKIP","floor":37},{"not_picked":["PiercingWail+1","ReplayTheSpireMod:Scrap Shanks+1","ReplayTheSpireMod:Tripwire"],"picked":"SKIP","floor":39},{"not_picked":["Deflect","Blur+1","Sucker Punch"],"picked":"SKIP","floor":39},{"not_picked":["Envenom","Reflex+1","Acrobatics","Dodge and Roll+1"],"picked":"SKIP","floor":45},{"not_picked":["PiercingWail","Dodge and Roll+1","Flying Knee+1","Infinite Blades"],"picked":"SKIP","floor":45},{"not_picked":["Hidden Blade+1","Acrobatics","Slice+1","Dagger Throw+1"],"picked":"SKIP","floor":48},{"not_picked":["Backstab+1","Flechettes","Dagger Throw"],"picked":"Adrenaline","floor":52},{"not_picked":["Flying Knee+1","Prepared+1","Dagger Throw","Blade Dance"],"picked":"SKIP","floor":54}],"player_experience":104396,"relics_obtained":[{"floor":6,"key":"Happy Flower"},{"floor":8,"key":"ReplayTheSpireMod:Lightbulb"},{"floor":11,"key":"Orichalcum"},{"floor":24,"key":"Blood Vial"},{"floor":26,"key":"Ninja Scroll"},{"floor":27,"key":"hubris:FunFungus"},{"floor":30,"key":"Prayer Wheel"},{"floor":31,"key":"MawBank"},{"floor":43,"key":"Question Card"},{"floor":43,"key":"Juzu Bracelet"},{"floor":48,"key":"Pondfish Scales"}],"event_choices":[{"damage_healed":0,"gold_gain":0,"player_choice":"Donut","damage_taken":0,"max_hp_gain":5,"max_hp_loss":0,"event_name":"Big Fish","floor":0,"gold_loss":0},{"damage_healed":0,"gold_gain":0,"player_choice":"Got Potions","damage_taken":0,"max_hp_gain":0,"max_hp_loss":0,"event_name":"Lab","floor":3,"gold_loss":0},{"damage_healed":0,"gold_gain":0,"player_choice":"Obtained Relic","damage_taken":0,"relics_obtained":["Dream Catcher"],"max_hp_gain":0,"max_hp_loss":0,"event_name":"Addict","floor":19,"gold_loss":85},{"damage_healed":0,"gold_gain":0,"player_choice":"Ignored","damage_taken":0,"max_hp_gain":0,"max_hp_loss":0,"event_name":"Transmorgrifier","floor":28,"gold_loss":0},{"damage_healed":0,"gold_gain":0,"player_choice":"Fight","damage_taken":0,"max_hp_gain":0,"max_hp_loss":0,"event_name":"Colosseum","floor":30,"gold_loss":0},{"damage_healed":0,"gold_gain":0,"player_choice":"Fought Nobs","damage_taken":0,"max_hp_gain":0,"max_hp_loss":0,"event_name":"Colosseum","floor":30,"gold_loss":0}],"is_beta":false,"boss_relics":[{"not_picked":["Kintsugi","Calling Bell"],"picked":"Snecko Scales"},{"not_picked":["hubris:Backtick","hubris:ScarierMask"],"picked":"WristBlade"}],"items_purged_floors":[22,25],"is_endless":false,"potions_floor_spawned":[2,6,10,12,14,16,21,29,33,35,45,48],"ascension_level":1}}