{"host":"0cgp910o8339lr91","time":1608729965,"event":{"mods":["BaseMod","Colored Map","Filter the Spire","Minty Spire (QoL Compilation)","Relic Stats","Slay-I","ojb\u0027s Better Paths Mod","ojb\u0027s Info Mod"],"gold_per_floor":[114,126,126,143,162,195,195,225,225,238,272,286,300,335,335,440,440,454,454,454,454,465,493,493,523,523,49,84,84,104,123,123,225,225,240,140,157,157,157,187,187,187,187,187,218,238,265,34,34,34,34,34,34,68,68,68],"floor_reached":55,"playtime":5722,"items_purged":["Strike_B"],"score":1577,"play_id":"6054c4a8-3d8f-491f-a981-9caeff3c66be","local_time":"20201223142605","is_ascension_mode":true,"campfire_choices":[{"data":"Defragment","floor":7.0,"key":"SMITH"},{"data":"Hologram","floor":15.0,"key":"SMITH"},{"data":"Seek","floor":24.0,"key":"SMITH"},{"data":"Aggregate","floor":29.0,"key":"SMITH"},{"data":"Chill","floor":32.0,"key":"SMITH"},{"data":"Fission","floor":41.0,"key":"SMITH"},{"data":"Electrodynamics","floor":44.0,"key":"SMITH"},{"floor":49.0,"key":"RECALL"},{"data":"Defragment","floor":52.0,"key":"SMITH"}],"circlet_count":0,"master_deck":["AscendersBane","Defend_B","Defend_B","Defend_B","Defend_B","Zap","Dualcast","FTL","Ball Lightning","Go for the Eyes+1","Defragment+1","Rainbow","Hologram+1","Core Surge+1","Compile Driver","Chill+1","Seek+1","Recycle+1","Ghostly","Ghostly","Ghostly","Ghostly","Ghostly","Meteor Strike","Self Repair","BootSequence","Aggregate+1","Coolheaded+1","Electrodynamics+1","CurseOfTheBell","Compile Driver","Coolheaded+1","Dark Shackles","Jack Of All Trades","Fission+1","Force Field+1","Hologram+1","Defragment+1","Compile Driver+1"],"relics":["Coffee Dripper","Meat on the Bone","Pear","Calipers","Torii","Sozu","Ornamental Fan","Sundial","InkBottle","Bottled Lightning","Frozen Eye","FossilizedHelix","Calling Bell","Tiny Chest","Matryoshka","Dead Branch","Bronze Scales","Bag of Preparation","Cables","Whetstone","Symbiotic Virus","Boot","Chemical X","Turnip"],"acts_visited":["Exordium","TheCity","TheBeyond","TheEnding"],"potions_floor_usage":[55],"damage_taken":[{"damage":0.0,"enemies":"2 Louse","floor":1.0,"turns":2.0},{"damage":5.0,"enemies":"Cultist","floor":2.0,"turns":4.0},{"damage":0.0,"enemies":"Jaw Worm","floor":4.0,"turns":3.0},{"damage":9.0,"enemies":"3 Louse","floor":5.0,"turns":3.0},{"damage":17.0,"enemies":"3 Sentries","floor":6.0,"turns":8.0},{"damage":13.0,"enemies":"Gremlin Nob","floor":8.0,"turns":4.0},{"damage":29.0,"enemies":"Lots of Slimes","floor":10.0,"turns":6.0},{"damage":0.0,"enemies":"Lagavulin","floor":11.0,"turns":6.0},{"damage":8.0,"enemies":"Large Slime","floor":12.0,"turns":5.0},{"damage":9.0,"enemies":"3 Louse","floor":13.0,"turns":3.0},{"damage":22.0,"enemies":"Gremlin Nob","floor":14.0,"turns":4.0},{"damage":16.0,"enemies":"Slime Boss","floor":16.0,"turns":9.0},{"damage":0.0,"enemies":"Spheric Guardian","floor":18.0,"turns":3.0},{"damage":2.0,"enemies":"Chosen","floor":22.0,"turns":3.0},{"damage":11.0,"enemies":"Slavers","floor":23.0,"turns":12.0},{"damage":14.0,"enemies":"Gremlin Leader","floor":25.0,"turns":9.0},{"damage":1.0,"enemies":"Book of Stabbing","floor":28.0,"turns":6.0},{"damage":0.0,"enemies":"Snecko","floor":30.0,"turns":4.0},{"damage":0.0,"enemies":"Centurion and Healer","floor":31.0,"turns":5.0},{"damage":41.0,"enemies":"Collector","floor":33.0,"turns":12.0},{"damage":0.0,"enemies":"3 Darklings","floor":35.0,"turns":3.0},{"damage":0.0,"enemies":"Orb Walker","floor":37.0,"turns":3.0},{"damage":0.0,"enemies":"Reptomancer","floor":40.0,"turns":3.0},{"damage":0.0,"enemies":"Giant Head","floor":45.0,"turns":5.0},{"damage":0.0,"enemies":"Jaw Worm Horde","floor":46.0,"turns":1.0},{"damage":0.0,"enemies":"Reptomancer","floor":47.0,"turns":4.0},{"damage":0.0,"enemies":"Awakened One","floor":50.0,"turns":17.0},{"damage":0.0,"enemies":"Shield and Spear","floor":54.0,"turns":3.0},{"damage":60,"enemies":"The Heart","floor":55,"turns":15}],"seed_played":"6549301238399676487","potions_obtained":[{"floor":1.0,"key":"BlessingOfTheForge"},{"floor":2.0,"key":"Dexterity Potion"},{"floor":11.0,"key":"CultistPotion"},{"floor":13.0,"key":"Swift Potion"}],"is_trial":false,"path_per_floor":["M","M","?","M","M","E","R","E","T","M","E","M","M","E","R","B",null,"M","?","?","?","M","E","R","E","T","$","E","R","M","M","R","B",null,"M","$","M","?","?","E","R","T","T","R","E","M","E","$","R","B",null,"R","$","E","B"],"character_chosen":"DEFECT","items_purchased":["Bottled Lightning","Aggregate","Frozen Eye","Compile Driver","Defragment","Chemical X"],"campfire_rested":0,"item_purchase_floors":[27,27,27,36,48,48],"current_hp_per_floor":[68,63,63,63,54,37,37,46,46,29,41,45,48,38,38,34,72,72,42,36,36,34,42,42,35,35,35,41,41,47,47,47,25,42,42,42,47,37,37,44,44,44,44,44,47,47,47,47,47,47,47,47,47,47,0,0],"gold":68,"neow_bonus":"BOSS_RELIC","is_daily":false,"chose_seed":false,"campfire_upgraded":8,"win_rate":0.0,"timestamp":1608729965,"path_taken":["M","M","?","M","?","E","R","E","T","M","E","M","M","E","R","BOSS","M","?","?","?","M","E","R","E","T","$","E","R","M","M","R","BOSS","M","?","M","?","?","E","R","?","T","R","E","?","E","$","R","BOSS","R","$","E","BOSS"],"items_purchased_type":["Relic","Card","Relic","Card","Card","Relic"],"build_version":"2020-12-22","purchased_purges":1,"victory":false,"max_hp_per_floor":[75,75,75,75,75,75,75,85,85,85,85,85,85,85,85,85,85,85,42,47,47,47,47,47,47,47,47,47,47,47,47,47,47,47,47,47,47,47,47,47,47,47,47,47,47,47,47,47,47,47,47,47,47,47,47,47],"relic_stats":{"Torii":12,"counters":[29,165],"Dead Branch":[143],"Bag of Preparation":[12],"Whetstone":["Core Surge","Go for the Eyes"],"Boot":[17],"Cables":[46,9,22,12,3],"Sozu":7,"Ornamental Fan":[156],"Sundial":[12],"Bronze Scales":[333],"Tiny Chest":1,"Turnip":[2],"Chemical X":[11],"obtain_stats":[{"Calipers":9,"Torii":11,"Bag of Preparation":42,"Whetstone":43,"Boot":47,"Sozu":17,"Frozen Eye":27,"Matryoshka":34,"Sundial":25,"Tiny Chest":34,"Chemical X":48,"Cracked Core":0,"InkBottle":26,"Pear":8,"Dead Branch":34,"Cables":42,"Calling Bell":34,"Ornamental Fan":23,"Bronze Scales":40,"Turnip":54,"Coffee Dripper":0,"Bottled Lightning":27,"Symbiotic Virus":45,"FossilizedHelix":28,"Meat on the Bone":6},{"Calipers":6,"Torii":8,"Bag of Preparation":23,"Whetstone":23,"Boot":26,"Sozu":12,"Frozen Eye":16,"Matryoshka":20,"Sundial":16,"Tiny Chest":20,"Chemical X":26,"Cracked Core":0,"InkBottle":16,"Pear":6,"Dead Branch":20,"Cables":23,"Calling Bell":20,"Ornamental Fan":15,"Bronze Scales":23,"Turnip":28,"Coffee Dripper":0,"Bottled Lightning":16,"Symbiotic Virus":24,"FossilizedHelix":17,"Meat on the Bone":5},{"Calipers":24,"Torii":36,"Bag of Preparation":120,"Whetstone":120,"Boot":130,"Sozu":57,"Frozen Eye":84,"Matryoshka":111,"Sundial":84,"Tiny Chest":111,"Chemical X":130,"Cracked Core":0,"InkBottle":84,"Pear":24,"Dead Branch":111,"Cables":120,"Calling Bell":111,"Ornamental Fan":75,"Bronze Scales":120,"Turnip":150,"Coffee Dripper":0,"Bottled Lightning":84,"Symbiotic Virus":125,"FossilizedHelix":90,"Meat on the Bone":20}],"InkBottle":[58],"Meat on the Bone":108},"card_choices":[{"not_picked":["Redo","Consume"],"picked":"FTL","floor":1.0},{"not_picked":["Turbo","Conserve Battery"],"picked":"Ball Lightning","floor":2.0},{"not_picked":["Stack","Leap"],"picked":"Go for the Eyes","floor":4.0},{"not_picked":["Ball Lightning","Thunder Strike"],"picked":"Defragment","floor":5.0},{"not_picked":["Stack","Beam Cell"],"picked":"Rainbow","floor":6.0},{"not_picked":["Gash","Beam Cell"],"picked":"Hologram","floor":8.0},{"not_picked":["Steam","Barrage","Redo"],"picked":"SKIP","floor":10.0},{"not_picked":["Barrage","Reinforced Body"],"picked":"Core Surge","floor":11.0},{"not_picked":["FTL","Redo"],"picked":"Compile Driver","floor":12.0},{"not_picked":["Redo","Streamline","Steam"],"picked":"SKIP","floor":13.0},{"not_picked":["Ball Lightning","Gash"],"picked":"Chill","floor":14.0},{"not_picked":["Fission","Thunder Strike"],"picked":"Seek","floor":16.0},{"not_picked":["Steam","Ball Lightning"],"picked":"Recycle+1","floor":18.0},{"not_picked":["White Noise","Leap"],"picked":"Self Repair","floor":22.0},{"not_picked":["Lockon+1","Stack+1"],"picked":"BootSequence","floor":23.0},{"not_picked":["Melter","Rebound","Heatsinks+1"],"picked":"SKIP","floor":25.0},{"not_picked":["Steam","Ball Lightning","Chaos+1"],"picked":"SKIP","floor":28.0},{"not_picked":["Recycle","Streamline","Go for the Eyes+1"],"picked":"SKIP","floor":30.0},{"not_picked":["FTL","Steam Power"],"picked":"Coolheaded+1","floor":31.0},{"not_picked":["Amplify","Biased Cognition"],"picked":"Electrodynamics","floor":33.0},{"not_picked":["Sweeping Beam+1","Fusion+1","FTL+1"],"picked":"SKIP","floor":35.0},{"not_picked":["Tempest","Conserve Battery"],"picked":"Coolheaded+1","floor":37.0},{"not_picked":["Thinking Ahead","Bandage Up"],"picked":"Dark Shackles","floor":38.0},{"not_picked":["Deep Breath","Madness"],"picked":"Jack Of All Trades","floor":38.0},{"not_picked":["Conserve Battery","Steam Power"],"picked":"Fission","floor":40.0},{"not_picked":["Storm","Steam+1"],"picked":"Force Field+1","floor":45.0},{"not_picked":["Go for the Eyes+1","Genetic Algorithm+1"],"picked":"Hologram+1","floor":46.0},{"not_picked":["Steam+1","Ball Lightning","Rebound"],"picked":"SKIP","floor":47.0},{"not_picked":["Steam","Turbo"],"picked":"Compile Driver+1","floor":54.0}],"player_experience":986558,"relics_obtained":[{"floor":6.0,"key":"Meat on the Bone"},{"floor":8.0,"key":"Pear"},{"floor":9.0,"key":"Calipers"},{"floor":11.0,"key":"Torii"},{"floor":23.0,"key":"Ornamental Fan"},{"floor":25.0,"key":"Sundial"},{"floor":26.0,"key":"InkBottle"},{"floor":28.0,"key":"FossilizedHelix"},{"floor":34.0,"key":"Tiny Chest"},{"floor":34.0,"key":"Matryoshka"},{"floor":34.0,"key":"Dead Branch"},{"floor":40.0,"key":"Bronze Scales"},{"floor":42.0,"key":"Bag of Preparation"},{"floor":42.0,"key":"Cables"},{"floor":43.0,"key":"Whetstone"},{"floor":45.0,"key":"Symbiotic Virus"},{"floor":47.0,"key":"Boot"},{"floor":54.0,"key":"Turnip"}],"event_choices":[{"cards_removed":["Strike_B"],"damage_healed":0.0,"max_hp_gain":0.0,"max_hp_loss":0.0,"gold_gain":0.0,"event_name":"Purifier","player_choice":"Purged","floor":3.0,"gold_loss":0.0,"damage_taken":0.0},{"damage_healed":0.0,"max_hp_gain":0.0,"max_hp_loss":43.0,"gold_gain":0.0,"event_name":"Ghosts","player_choice":"Became a Ghost","floor":19.0,"gold_loss":0.0,"damage_taken":0.0,"cards_obtained":["Ghostly","Ghostly","Ghostly","Ghostly","Ghostly"]},{"damage_healed":0.0,"max_hp_gain":5.0,"max_hp_loss":0.0,"gold_gain":0.0,"event_name":"Forgotten Altar","player_choice":"Shed Blood","floor":20.0,"gold_loss":0.0,"damage_taken":11.0},{"damage_healed":0.0,"max_hp_gain":0.0,"max_hp_loss":0.0,"gold_gain":0.0,"cards_transformed":["Strike_B"],"event_name":"Transmorgrifier","player_choice":"Transformed","floor":21.0,"gold_loss":0.0,"damage_taken":0.0,"cards_obtained":["Meteor Strike"]},{"damage_healed":0.0,"max_hp_gain":0.0,"max_hp_loss":0.0,"gold_gain":0.0,"event_name":"SensoryStone","player_choice":"Memory 3","floor":38.0,"gold_loss":0.0,"damage_taken":10.0},{"cards_removed":["Strike_B"],"damage_healed":0.0,"max_hp_gain":0.0,"max_hp_loss":0.0,"gold_gain":0.0,"event_name":"Falling","player_choice":"Removed Attack","floor":39.0,"gold_loss":0.0,"damage_taken":0.0}],"is_beta":false,"boss_relics":[{"not_picked":["Ectoplasm","Tiny House"],"picked":"Sozu"},{"not_picked":["Velvet Choker","Runic Dome"],"picked":"Calling Bell"}],"items_purged_floors":[36],"is_endless":false,"potions_floor_spawned":[1,2,11,13,18,30,31,37,45,46,54],"killed_by":"The Heart","ascension_level":10}}