{"host":"2461dio7vetlq1z3","time":1608694581,"event":{"mods":["2.2 Compatiblity","AchievementEnabler","BaseMod","Better Third Choice","Hermit","Marisa????????","Minty Spire (QoL Compilation)","Relic Stats","Replay The Spire","Spicy Shops","StSLib","The Runesmith","Waifu the Spire"],"gold_per_floor":[117,133,133,185,185,185,213,213,213,52,79,79,91,108,108,184,184,197,210,238,238,238],"floor_reached":21,"playtime":904,"items_purged":["Strike_G"],"score":424,"play_id":"e89e4e7d-193d-4153-ad9d-212ee904f1c1","local_time":"20201223043621","is_ascension_mode":true,"campfire_choices":[{"floor":6,"key":"REST"},{"data":"Quick Slash","floor":8,"key":"SMITH"},{"data":"Strike_G","floor":12,"key":"PURGE"},{"data":"ReplayTheSpireMod:Speed Training","floor":15,"key":"SMITH"}],"circlet_count":0,"master_deck":["AscendersBane","Strike_G","Strike_G","Strike_G","Defend_G","Defend_G+1","Defend_G","Defend_G","Defend_G","Survivor","Neutralize+1","Noxious Fumes","Poisoned Stab","Predator","Quick Slash+1","ReplayTheSpireMod:Speed Training+1","ReplayTheSpireMod:The Works","Backflip","ReplayTheSpireMod:Scrap Shanks","Adrenaline","Caltrops+1","Prepared","Bane"],"relics":["Ring of the Snake","NeowsBlessing","Vajra","GremlinMask","Mercury Hourglass","Eternal Feather","Peace Pipe","Cursed Key","Red Mask"],"acts_visited":["Exordium","TheCity"],"potions_floor_usage":[11,16,16,20,21],"damage_taken":[{"damage":0,"enemies":"Cultist","floor":1,"turns":1},{"damage":0,"enemies":"Jaw Worm","floor":2,"turns":1},{"damage":0,"enemies":"Lagavulin","floor":7,"turns":1},{"damage":10,"enemies":"3 Sentries","floor":11,"turns":6},{"damage":0,"enemies":"2 Louse","floor":13,"turns":2},{"damage":10,"enemies":"Exordium Thugs","floor":14,"turns":4},{"damage":21,"enemies":"Slime Boss","floor":16,"turns":10},{"damage":7,"enemies":"Shell Parasite","floor":18,"turns":5},{"damage":17,"enemies":"2 Thieves","floor":19,"turns":4},{"damage":24,"enemies":"Masked Bandits","floor":20,"turns":3},{"damage":5,"enemies":"3 Cultists","floor":21,"turns":3}],"seed_played":"-7298960982838856270","potions_obtained":[{"floor":2,"key":"Energy Potion"},{"floor":4,"key":"Strength Potion"},{"floor":4,"key":"LiquidBronze"},{"floor":7,"key":"Elixir"},{"floor":13,"key":"BlessingOfTheForge"},{"floor":16,"key":"AttackPotion"},{"floor":19,"key":"SpeedPotion"},{"floor":20,"key":"SneckoOil"}],"is_trial":false,"path_per_floor":["M","M","?","?","?","R","E","R","T","$","E","R","M","M","R","B",null,"M","M","?","M"],"character_chosen":"THE_SILENT","items_purchased":["ReplayTheSpireMod:Speed Training"],"campfire_rested":1,"item_purchase_floors":[10],"current_hp_per_floor":[59,59,39,13,13,32,32,32,32,32,22,31,31,21,30,9,52,45,28,4,0,0],"gold":238,"neow_bonus":"THREE_ENEMY_KILL","is_daily":false,"chose_seed":false,"campfire_upgraded":2,"win_rate":0.0,"timestamp":1608694581,"path_taken":["M","?","?","?","?","R","E","R","T","$","E","R","M","M","R","BOSS","M","M","?","M"],"items_purchased_type":["Card"],"build_version":"2020-12-13","purchased_purges":1,"victory":false,"max_hp_per_floor":[66,66,66,66,66,66,66,66,66,66,66,66,66,66,66,66,66,66,66,66,66,66],"relic_stats":{"Peace Pipe":1,"counters":[11,39],"Eternal Feather":18,"Cursed Key":0,"obtain_stats":[{"Peace Pipe":11,"NeowsBlessing":0,"Vajra":4,"GremlinMask":5,"Eternal Feather":9,"Red Mask":20,"Cursed Key":17,"Ring of the Snake":0,"Mercury Hourglass":7},{"Peace Pipe":4,"NeowsBlessing":0,"Vajra":2,"GremlinMask":2,"Eternal Feather":3,"Red Mask":10,"Cursed Key":7,"Ring of the Snake":0,"Mercury Hourglass":3},{"Peace Pipe":9,"NeowsBlessing":0,"Vajra":2,"GremlinMask":2,"Eternal Feather":3,"Red Mask":36,"Cursed Key":24,"Ring of the Snake":0,"Mercury Hourglass":3}],"Ring of the Snake":[22],"Mercury Hourglass":[200]},"card_choices":[{"not_picked":["Sucker Punch","Bane"],"picked":"Noxious Fumes","floor":1},{"not_picked":["Distraction","Backflip"],"picked":"Poisoned Stab","floor":2},{"not_picked":["Dagger Spray","Poisoned Stab"],"picked":"Predator","floor":4},{"not_picked":["Terror","Deadly Poison"],"picked":"Quick Slash","floor":7},{"not_picked":["All Out Attack","Poisoned Stab"],"picked":"ReplayTheSpireMod:The Works","floor":11},{"not_picked":["Poisoned Stab","Tactician"],"picked":"Backflip","floor":13},{"not_picked":["Poisoned Stab","Draining Mist"],"picked":"ReplayTheSpireMod:Scrap Shanks","floor":14},{"not_picked":["Die Die Die","Poison Darts"],"picked":"Adrenaline","floor":16},{"not_picked":["Sucker Punch+1","Eviscerate"],"picked":"Caltrops+1","floor":18},{"not_picked":["Blade Dance","Underhanded Strike"],"picked":"Prepared","floor":19},{"not_picked":["Dagger Throw","Underhanded Strike"],"picked":"Bane","floor":20}],"player_experience":959278,"relics_obtained":[{"floor":4,"key":"Vajra"},{"floor":7,"key":"Mercury Hourglass"},{"floor":9,"key":"Eternal Feather"},{"floor":11,"key":"Peace Pipe"},{"floor":20,"key":"Red Mask"}],"event_choices":[{"damage_healed":59,"gold_gain":0,"player_choice":"Upgrade","damage_taken":20,"max_hp_gain":0,"max_hp_loss":66,"event_name":"betterThird:BetterShining","floor":3,"gold_loss":0,"cards_upgraded":["Defend_G","Neutralize"]},{"damage_healed":0,"gold_gain":0,"player_choice":"Trade","damage_taken":0,"relics_obtained":["GremlinMask"],"max_hp_gain":0,"max_hp_loss":0,"event_name":"FaceTrader","floor":5,"gold_loss":0},{"damage_healed":0,"gold_gain":0,"player_choice":"Fought Bandits","damage_taken":0,"max_hp_gain":0,"max_hp_loss":0,"event_name":"Masked Bandits","floor":20,"gold_loss":0}],"is_beta":false,"boss_relics":[{"not_picked":["Runic Dome","Honey Jar"],"picked":"Cursed Key"}],"items_purged_floors":[10],"is_endless":false,"potions_floor_spawned":[2,7,13,16,19,20],"killed_by":"3 Cultists","ascension_level":20}}