{"host":"29mhc2ja7u6lu5r0","time":1608745581,"event":{"mods":["AchievementEnabler","BaseMod","Block Reminder","Colored Map","Colored Powertips","Highlight Path","Minty Spire (QoL Compilation)","Quick Restart","SuperFastMode","slay the spire mod where everything is the same but ironclad has a cowboy hat"],"gold_per_floor":[116,133,153,153,119,119,133,133,133,133,145,145,145,186,186,186,186],"floor_reached":16,"playtime":513,"items_purged":[],"score":102,"play_id":"fb83a7a1-5bb4-42f1-bbb5-9bd62a5e18d3","local_time":"20201223204621","is_ascension_mode":false,"campfire_choices":[{"data":"Neutralize","floor":6,"key":"SMITH"},{"data":"Catalyst","floor":8,"key":"SMITH"},{"data":"Caltrops","floor":12,"key":"SMITH"},{"data":"Backflip","floor":15,"key":"SMITH"}],"circlet_count":0,"master_deck":["Strike_G","Strike_G","Strike_G","Strike_G","Strike_G","Defend_G","Defend_G","Defend_G","Defend_G","Defend_G","Survivor","Neutralize+1","Caltrops+1","Distraction","Catalyst+1","Regret","Injury","Backflip+1"],"relics":["Ring of the Snake","NeowsBlessing","Sundial","InkBottle","Question Card","Golden Idol","Gambling Chip"],"acts_visited":["Exordium"],"potions_floor_usage":[5,5,14],"damage_taken":[{"damage":0,"enemies":"Cultist","floor":1,"turns":1},{"damage":0,"enemies":"Jaw Worm","floor":2,"turns":1},{"damage":0,"enemies":"2 Louse","floor":3,"turns":1},{"damage":12,"enemies":"Exordium Thugs","floor":5,"turns":8},{"damage":1,"enemies":"2 Fungi Beasts","floor":7,"turns":5},{"damage":8,"enemies":"Blue Slaver","floor":11,"turns":3},{"damage":48,"enemies":"Lagavulin","floor":14,"turns":10},{"damage":21,"enemies":"Slime Boss","floor":16,"turns":3}],"seed_played":"-5891441227704927019","potions_obtained":[{"floor":2,"key":"EntropicBrew"},{"floor":5,"key":"Fire Potion"},{"floor":14,"key":"GhostInAJar"}],"is_trial":false,"path_per_floor":["M","M","M","?","M","R","M","R","T","?","M","R","?","E","R","B"],"character_chosen":"THE_SILENT","items_purchased":[],"campfire_rested":0,"item_purchase_floors":[],"current_hp_per_floor":[70,70,70,67,55,55,54,54,54,54,46,46,46,21,21,0,0],"gold":186,"neow_bonus":"THREE_ENEMY_KILL","is_daily":false,"chose_seed":false,"campfire_upgraded":4,"win_rate":0.0,"timestamp":1608745581,"path_taken":["M","?","M","?","M","R","M","R","T","?","?","R","?","E","R","BOSS"],"items_purchased_type":[],"build_version":"2020-12-22","purchased_purges":0,"victory":false,"max_hp_per_floor":[70,70,70,70,70,70,70,70,70,70,70,70,70,70,70,70,70],"card_choices":[{"not_picked":["Underhanded Strike","Quick Slash","Predator"],"picked":"SKIP","floor":1},{"not_picked":["Dagger Throw","Riddle With Holes"],"picked":"Caltrops","floor":2},{"not_picked":["Underhanded Strike","Skewer"],"picked":"Distraction","floor":3},{"not_picked":["Eviscerate","Deflect","Slice"],"picked":"SKIP","floor":5},{"not_picked":["Deadly Poison","Slice"],"picked":"Catalyst","floor":7},{"not_picked":["Sucker Punch","Blade Dance","Outmaneuver","Dodge and Roll"],"picked":"SKIP","floor":11},{"not_picked":["Unload","Deflect","Riddle With Holes"],"picked":"Backflip","floor":14}],"player_experience":975761,"relics_obtained":[{"floor":9,"key":"InkBottle"},{"floor":14,"key":"Gambling Chip"}],"event_choices":[{"damage_healed":0,"gold_gain":0,"player_choice":"Success","damage_taken":3,"relics_obtained":["Sundial"],"max_hp_gain":0,"max_hp_loss":0,"event_name":"Scrap Ooze","floor":4,"gold_loss":0},{"damage_healed":0,"gold_gain":0,"player_choice":"Box","damage_taken":0,"relics_obtained":["Question Card"],"max_hp_gain":0,"max_hp_loss":0,"event_name":"Big Fish","floor":10,"gold_loss":0,"cards_obtained":["Regret"]},{"damage_healed":0,"gold_gain":0,"player_choice":"Take Wound","damage_taken":0,"relics_obtained":["Golden Idol"],"max_hp_gain":0,"max_hp_loss":0,"event_name":"Golden Idol","floor":13,"gold_loss":0,"cards_obtained":["Injury"]}],"is_beta":false,"boss_relics":[],"items_purged_floors":[],"is_endless":false,"potions_floor_spawned":[2,5,7,14],"killed_by":"Slime Boss","ascension_level":0}}