{"host":"x4x6fw95e6eqd4n0","time":1608741774,"event":{"mods":["AchievementEnabler","BaseMod","Colored Map","Colored Powertips","DeckTracker","Minty Spire (QoL Compilation)"],"gold_per_floor":[17,17,32,107,107,107,143,143,192,212,237,275,275,315,315,440,440,365,65,65,25,25,25,25,25,25,25,25,25,25,25,25,25,25,25,25,25,25,25,25,25,25,25,25,25,25,25,25,25,25],"floor_reached":51,"playtime":3069,"items_purged":[],"score":808,"play_id":"4ea4e232-35af-4075-8448-eefcd3b91ff5","local_time":"20201223184254","is_ascension_mode":true,"campfire_choices":[{"data":"Storm of Steel","floor":6,"key":"SMITH"},{"data":"Noxious Fumes","floor":8,"key":"SMITH"},{"data":"Blur","floor":13,"key":"SMITH"},{"data":"Blur","floor":15,"key":"SMITH"},{"data":"Envenom","floor":23,"key":"SMITH"},{"data":"Burst","floor":25,"key":"SMITH"},{"data":"Noxious Fumes","floor":30,"key":"SMITH"},{"data":"Footwork","floor":32,"key":"SMITH"},{"data":"Adrenaline","floor":40,"key":"SMITH"},{"floor":42,"key":"REST"},{"data":"Bullet Time","floor":45,"key":"SMITH"},{"data":"Accuracy","floor":49,"key":"SMITH"}],"circlet_count":0,"master_deck":["Defend_G","Defend_G","Defend_G","Defend_G","Survivor","Neutralize","Venomology+1","Storm of Steel+1","Well Laid Plans","Prepared","Noxious Fumes+1","Bouncing Flask","Blur+1","Well Laid Plans","Blur+1","Envenom+1","Backstab","Underhanded Strike+1","Tactician","Bite+1","Bite+1","Bite","Bite","Bite","Burst+1","All Out Attack+1","Noxious Fumes+1","Footwork+1","Adrenaline+1","Backflip+1","Accuracy+1","Predator+1","Deadly Poison+1","Catalyst+1","Bullet Time+1","Noxious Fumes+1"],"relics":["Ring of the Snake","Golden Idol","Potion Belt","Pen Nib","Odd Mushroom","Ornamental Fan","Ectoplasm","TwistedFunnel","PreservedInsect","Whetstone","Gremlin Horn","Strawberry","Bronze Scales","Philosopher\u0027s Stone","The Specimen","HornCleat"],"acts_visited":["Exordium","TheCity","TheBeyond"],"potions_floor_usage":[1,3,7,7,12,14,14,16,16,18,20,24,27,29,29,33,33,33,33,36,38,38,39,41,41,44,46,50,50,50,50],"damage_taken":[{"damage":2,"enemies":"2 Louse","floor":1,"turns":2},{"damage":1,"enemies":"Jaw Worm","floor":3,"turns":8},{"damage":1,"enemies":"Lagavulin","floor":7,"turns":10},{"damage":0,"enemies":"Cultist","floor":10,"turns":3},{"damage":3,"enemies":"3 Louse","floor":11,"turns":3},{"damage":7,"enemies":"The Mushroom Lair","floor":12,"turns":5},{"damage":14,"enemies":"3 Sentries","floor":14,"turns":6},{"damage":7,"enemies":"Hexaghost","floor":16,"turns":10},{"damage":18,"enemies":"2 Thieves","floor":18,"turns":5},{"damage":0,"enemies":"3 Byrds","floor":20,"turns":5},{"damage":36,"enemies":"Slavers","floor":24,"turns":6},{"damage":10,"enemies":"Shelled Parasite and Fungi","floor":27,"turns":8},{"damage":8,"enemies":"Gremlin Leader","floor":29,"turns":3},{"damage":5,"enemies":"Snecko","floor":31,"turns":5},{"damage":9,"enemies":"Champ","floor":33,"turns":9},{"damage":8,"enemies":"Orb Walker","floor":35,"turns":3},{"damage":0,"enemies":"3 Darklings","floor":36,"turns":4},{"damage":34,"enemies":"Spire Growth","floor":38,"turns":4},{"damage":18,"enemies":"Maw","floor":39,"turns":7},{"damage":16,"enemies":"Giant Head","floor":41,"turns":6},{"damage":0,"enemies":"Transient","floor":44,"turns":5},{"damage":0,"enemies":"3 Darklings","floor":46,"turns":4},{"damage":32,"enemies":"Donu and Deca","floor":50,"turns":7}],"seed_played":"-1357645191124715612","potions_obtained":[{"floor":1,"key":"Regen Potion"},{"floor":12,"key":"Energy Potion"},{"floor":27,"key":"SkillPotion"},{"floor":31,"key":"Poison Potion"},{"floor":33,"key":"EssenceOfSteel"},{"floor":35,"key":"Fire Potion"},{"floor":36,"key":"Dexterity Potion"},{"floor":39,"key":"DuplicationPotion"},{"floor":44,"key":"DuplicationPotion"}],"is_trial":false,"path_per_floor":["M","?","M","?","?","R","E","R","T","M","M","?","R","E","R","B",null,"M","$","M","$","?","R","E","R","T","M","T","E","R","M","R","B",null,"M","M","?","M","M","R","E","R","T","M","R","M","?","$","R","B",null],"character_chosen":"THE_SILENT","items_purchased":["TwistedFunnel","PreservedInsect","Tactician"],"campfire_rested":1,"item_purchase_floors":[19,19,21],"current_hp_per_floor":[68,51,65,54,54,54,53,53,53,53,50,43,43,44,44,37,70,52,52,52,52,49,49,17,17,17,24,31,30,30,30,30,41,56,48,53,53,25,20,20,14,30,30,42,42,54,54,54,54,24],"gold":25,"neow_bonus":"TRANSFORM_TWO_CARDS","is_daily":false,"chose_seed":false,"campfire_upgraded":11,"win_rate":0.0,"timestamp":1608741774,"path_taken":["M","?","M","?","?","R","E","R","T","M","?","?","R","E","R","BOSS","M","$","M","$","?","R","E","R","T","M","?","E","R","?","R","BOSS","M","M","?","M","M","R","E","R","T","?","R","M","?","$","R","BOSS"],"items_purchased_type":["Relic","Relic","Card"],"build_version":"2020-12-13","purchased_purges":0,"victory":true,"max_hp_per_floor":[70,70,70,70,70,70,70,70,70,70,70,70,70,70,70,70,70,70,70,70,70,49,49,49,49,49,49,56,56,56,56,56,56,56,56,56,56,56,56,56,56,56,56,56,56,56,56,56,56,56],"card_choices":[{"not_picked":["Quick Slash","Bouncing Flask"],"picked":"Well Laid Plans","floor":1},{"not_picked":["Quick Slash","Slice"],"picked":"Prepared","floor":3},{"not_picked":["Quick Slash","Heel Hook"],"picked":"Noxious Fumes","floor":7},{"not_picked":["Bane","Underhanded Strike"],"picked":"Bouncing Flask","floor":10},{"not_picked":["Bane","Riddle With Holes"],"picked":"Blur","floor":11},{"not_picked":["PiercingWail","Quick Slash"],"picked":"Well Laid Plans","floor":12},{"not_picked":["Outmaneuver","Dodge and Roll"],"picked":"Blur","floor":14},{"not_picked":["Phantasmal Killer","Unload"],"picked":"Envenom","floor":16},{"not_picked":["Poisoned Stab","Prepared"],"picked":"Backstab","floor":18},{"not_picked":["Dodge and Roll","PiercingWail"],"picked":"Underhanded Strike+1","floor":20},{"not_picked":["Masterful Stab+1","Phantasmal Killer"],"picked":"Burst","floor":24},{"not_picked":["Bane+1","Dodge and Roll"],"picked":"All Out Attack+1","floor":27},{"not_picked":["Dagger Spray","Dodge and Roll"],"picked":"Noxious Fumes","floor":29},{"not_picked":["Expertise","Outmaneuver+1"],"picked":"Footwork","floor":31},{"not_picked":["Venomology","Phantasmal Killer"],"picked":"Adrenaline","floor":33},{"not_picked":["Backstab","Skewer+1"],"picked":"Backflip+1","floor":35},{"not_picked":["Backflip","Slice+1"],"picked":"Accuracy","floor":36},{"not_picked":["Underhanded Strike+1","Cloak And Dagger+1"],"picked":"Predator+1","floor":38},{"not_picked":["Well Laid Plans+1","Deflect"],"picked":"Deadly Poison+1","floor":39},{"not_picked":["Finisher+1","Dagger Throw"],"picked":"Catalyst+1","floor":41},{"not_picked":["Heel Hook+1","Distraction+1"],"picked":"Bullet Time","floor":44},{"not_picked":["All Out Attack+1","Sucker Punch"],"picked":"Noxious Fumes+1","floor":46}],"player_experience":41512,"relics_obtained":[{"floor":7,"key":"Potion Belt"},{"floor":9,"key":"Pen Nib"},{"floor":12,"key":"Odd Mushroom"},{"floor":14,"key":"Ornamental Fan"},{"floor":24,"key":"Whetstone"},{"floor":26,"key":"Gremlin Horn"},{"floor":28,"key":"Strawberry"},{"floor":29,"key":"Bronze Scales"},{"floor":41,"key":"The Specimen"},{"floor":43,"key":"HornCleat"}],"event_choices":[{"damage_healed":0,"gold_gain":0,"player_choice":"Take Damage","damage_taken":17,"relics_obtained":["Golden Idol"],"max_hp_gain":0,"max_hp_loss":0,"event_name":"Golden Idol","floor":2,"gold_loss":0},{"damage_healed":0,"gold_gain":75,"player_choice":"Gather Gold","damage_taken":11,"max_hp_gain":0,"max_hp_loss":0,"event_name":"World of Goop","floor":4,"gold_loss":0},{"damage_healed":0,"gold_gain":0,"player_choice":"Grow","damage_taken":0,"max_hp_gain":0,"max_hp_loss":0,"event_name":"Living Wall","floor":5,"gold_loss":0,"cards_upgraded":["Venomology"]},{"damage_healed":0,"gold_gain":0,"player_choice":"Fought Mushrooms","damage_taken":0,"max_hp_gain":0,"max_hp_loss":0,"event_name":"Mushrooms","floor":12,"gold_loss":0},{"damage_healed":0,"gold_gain":0,"player_choice":"Became a vampire","damage_taken":0,"max_hp_gain":0,"max_hp_loss":21,"event_name":"Vampires","floor":22,"gold_loss":0,"cards_obtained":["Bite","Bite","Bite","Bite","Bite"]},{"cards_removed":["Defend_G"],"damage_healed":0,"gold_gain":0,"player_choice":"Offered Basic","damage_taken":0,"max_hp_gain":0,"max_hp_loss":0,"event_name":"Bonfire Elementals","floor":37,"gold_loss":0},{"damage_healed":0,"gold_gain":0,"player_choice":"Ignored","damage_taken":0,"max_hp_gain":0,"max_hp_loss":0,"event_name":"SecretPortal","floor":47,"gold_loss":0}],"is_beta":false,"boss_relics":[{"not_picked":["Runic Pyramid","Sozu"],"picked":"Ectoplasm"},{"not_picked":["Astrolabe","Calling Bell"],"picked":"Philosopher\u0027s Stone"}],"items_purged_floors":[],"is_endless":false,"potions_floor_spawned":[1,12,27,31,33,35,36,39,44],"ascension_level":1}}