{"host":"qekv59dthhdg54sz","time":1608727270,"event":{"mods":["AchievementEnabler","BaseMod","Colored Map","DeckTracker","KOR Keyword Fix","Minty Spire (QoL Compilation)","Rare Cards Sparkle","StSLib","SuperFastMode"],"gold_per_floor":[116,135,185,195,195,195,207,220,220,220,48,61,74,94,94,94,94],"floor_reached":16,"playtime":425,"items_purged":["Decay"],"score":192,"play_id":"6fbefd58-9c10-4791-a246-098c0324a2d2","local_time":"20201223214110","is_ascension_mode":true,"campfire_choices":[{"data":"Backflip","floor":6.0,"key":"SMITH"},{"data":"Venomology","floor":10.0,"key":"SMITH"},{"data":"Deadly Poison","floor":15,"key":"SMITH"}],"circlet_count":0,"master_deck":["AscendersBane","Strike_G","Strike_G","Strike_G","Strike_G","Strike_G","Defend_G","Defend_G","Defend_G","Defend_G","Defend_G","Survivor","Neutralize","Backflip+1","Dagger Spray","Pain","Backflip","Venomology+1","Flash of Steel","Acrobatics","Deadly Poison+1"],"relics":["Ring of the Snake","TungstenRod","WarpedTongs","Question Card"],"acts_visited":["Exordium"],"potions_floor_usage":[16],"damage_taken":[{"damage":0.0,"enemies":"Cultist","floor":1.0,"turns":4.0},{"damage":11.0,"enemies":"Small Slimes","floor":2.0,"turns":7.0},{"damage":8.0,"enemies":"Jaw Worm","floor":4.0,"turns":7.0},{"damage":2.0,"enemies":"3 Louse","floor":7.0,"turns":4.0},{"damage":3.0,"enemies":"Red Slaver","floor":8.0,"turns":5.0},{"damage":0.0,"enemies":"2 Fungi Beasts","floor":12.0,"turns":3.0},{"damage":5,"enemies":"Gremlin Gang","floor":13,"turns":5},{"damage":2,"enemies":"Large Slime","floor":14,"turns":6},{"damage":5,"enemies":"Hexaghost","floor":16,"turns":9}],"seed_played":"-1529679505589583983","potions_obtained":[{"floor":4.0,"key":"PowerPotion"},{"floor":8.0,"key":"PowerPotion"}],"is_trial":false,"path_per_floor":["M","M","?","M","?","R","M","M","T","R","$","M","M","M","R","B"],"character_chosen":"THE_SILENT","items_purchased":["Flash of Steel"],"campfire_rested":0,"item_purchase_floors":[11],"current_hp_per_floor":[59,48,48,40,40,40,38,35,35,35,35,35,30,28,28,23,23],"gold":94,"neow_bonus":"ONE_RARE_RELIC","is_daily":false,"chose_seed":false,"campfire_upgraded":3,"win_rate":0.0,"timestamp":1608727270,"path_taken":["M","M","?","?","?","R","M","M","T","R","$","M","M","?","R","BOSS"],"items_purchased_type":["Card"],"build_version":"2020-12-22","purchased_purges":1,"victory":false,"max_hp_per_floor":[66,66,66,66,66,66,66,66,66,66,66,66,66,66,66,66,66],"card_choices":[{"not_picked":["Acrobatics","Bane"],"picked":"Backflip","floor":1.0},{"not_picked":["Outmaneuver","Heel Hook","Underhanded Strike"],"picked":"SKIP","floor":2.0},{"not_picked":["Acrobatics","Flying Knee"],"picked":"Dagger Spray","floor":4.0},{"not_picked":["Deflect","Bane"],"picked":"Backflip","floor":7.0},{"not_picked":["Underhanded Strike","Skewer"],"picked":"Venomology","floor":8.0},{"not_picked":["Heel Hook","Sucker Punch","Bane"],"picked":"Acrobatics","floor":12.0},{"not_picked":["Outmaneuver","Catalyst","Dagger Spray"],"picked":"Deadly Poison","floor":13},{"not_picked":["Acrobatics","Deadly Poison","Doppelganger","Terror"],"picked":"SKIP","floor":14}],"player_experience":746476,"relics_obtained":[{"floor":9.0,"key":"Question Card"}],"event_choices":[{"damage_healed":0.0,"max_hp_gain":0.0,"max_hp_loss":0.0,"gold_gain":50.0,"event_name":"Golden Shrine","player_choice":"Pray","floor":3.0,"gold_loss":0.0,"damage_taken":0.0},{"damage_healed":0.0,"max_hp_gain":0.0,"max_hp_loss":0.0,"gold_gain":0.0,"event_name":"Accursed Blacksmith","player_choice":"Rummage","floor":5.0,"gold_loss":0.0,"damage_taken":0.0,"relics_obtained":["WarpedTongs"],"cards_obtained":["Pain"]}],"is_beta":false,"boss_relics":[],"items_purged_floors":[11],"is_endless":false,"potions_floor_spawned":[4,8],"killed_by":"Hexaghost","ascension_level":20}}