{"host":"3xls0xm49ftugio7","time":1608724987,"event":{"mods":["2.2 Compatiblity","AchievementEnabler","Act Like it!","BaseMod","Colored Powertips","GifTheSpireLib","Minty Spire (QoL Compilation)","Quick Restart","Relic Stats","StSLib","The Servant 0.9.4"],"gold_per_floor":[212,212,230,249,259,259,259,294,294,321,321,321,34,68,68,176,176,198,233,261,306,306,306,335,371,371,409,438,538,58,82,82,190,190,211,211,211,41,78,87,126,185,185,60,60,18,39,80,80,80],"floor_reached":51,"playtime":3297,"items_purged":["Strike_S","Strike_S","Strike_S"],"score":895,"play_id":"77ed3952-2fb7-4661-bb7f-ca8b542fef76","local_time":"20201223140307","is_ascension_mode":true,"campfire_choices":[{"data":"Foresight","floor":6,"key":"SMITH"},{"data":"Potential","floor":11,"key":"SMITH"},{"data":"Duplication","floor":15,"key":"SMITH"},{"data":"Gouge","floor":23,"key":"SMITH"},{"data":"Apotheosis","floor":32,"key":"SMITH"},{"floor":40,"key":"REST"},{"data":"1","floor":49,"key":"LIFT"}],"circlet_count":0,"master_deck":["Defend_S","Defend_S","Defend_S","Defend_S","KidneyShot","Exchange","Foresight+1","BottledTime","Dramatic Entrance","Barrier","Moonlight","TimeWarp","Luminosity","Luminosity","Potential+1","Duplication+1","WasteNot+1","PendulumOfEternity","Gouge+1","Rewind+1","Embodiment+1","Ghostly","Ghostly","Ghostly","Ghostly","StarChef+1","TimeWarp","RealityMarble+1","BottledTime+1","FastForward+1","Gouge+1","Apotheosis+1","GearUp","FloweringNight+1","Shuttle","Luminosity+1","Foresight+1","Moondial","Foresight+1","FastForward+1","DualDimension+1","BottledTime","ShiftingGears","Embodiment+1"],"relics":["Uniform","CeramicFish","Happy Flower","Ginger","Chemical X","Frozen Egg 2","Philosopher\u0027s Stone","Red Mask","Dream Catcher","Prayer Wheel","CaptainsWheel","Torii","Sundial","Toy Ornithopter","Lee\u0027s Waffle","Fusion Hammer","Question Card","Girya","Ornamental Fan","Bag of Marbles"],"acts_visited":["Exordium","TheCity","TheBeyond"],"potions_floor_usage":[8,16,25,29,50],"damage_taken":[{"damage":2,"enemies":"Small Slimes","floor":1,"turns":5},{"damage":0,"enemies":"Cultist","floor":3,"turns":4},{"damage":1,"enemies":"2 Louse","floor":4,"turns":2},{"damage":3,"enemies":"Red Slaver","floor":5,"turns":5},{"damage":9,"enemies":"3 Sentries","floor":8,"turns":6},{"damage":11,"enemies":"Exordium Wildlife","floor":10,"turns":3},{"damage":0,"enemies":"Lagavulin","floor":14,"turns":6},{"damage":25,"enemies":"The Guardian","floor":16,"turns":5},{"damage":22,"enemies":"Spheric Guardian","floor":18,"turns":4},{"damage":0,"enemies":"Masked Bandits","floor":19,"turns":3},{"damage":0,"enemies":"3 Byrds","floor":20,"turns":4},{"damage":1,"enemies":"Centurion and Healer","floor":24,"turns":3},{"damage":4,"enemies":"Gremlin Leader","floor":25,"turns":6},{"damage":12,"enemies":"Snake Plant","floor":27,"turns":2},{"damage":0,"enemies":"Cultist and Chosen","floor":28,"turns":5},{"damage":9,"enemies":"Colosseum Slavers","floor":29,"turns":5},{"damage":2,"enemies":"Colosseum Nobs","floor":29,"turns":5},{"damage":1,"enemies":"Chosen and Byrds","floor":31,"turns":5},{"damage":11,"enemies":"Collector","floor":33,"turns":9},{"damage":3,"enemies":"3 Shapes","floor":35,"turns":6},{"damage":0,"enemies":"Orb Walker","floor":39,"turns":3},{"damage":1,"enemies":"Giant Head","floor":41,"turns":5},{"damage":0,"enemies":"Mind Bloom Boss Battle","floor":42,"turns":5},{"damage":0,"enemies":"3 Darklings","floor":47,"turns":6},{"damage":0,"enemies":"Nemesis","floor":48,"turns":5},{"damage":7,"enemies":"Time Eater","floor":50,"turns":7}],"seed_played":"2897713996723354818","potions_obtained":[{"floor":3,"key":"Explosive Potion"},{"floor":4,"key":"PowerPotion"},{"floor":14,"key":"PowerPotion"},{"floor":16,"key":"FearPotion"},{"floor":18,"key":"ColorlessPotion"},{"floor":29,"key":"Block Potion"},{"floor":31,"key":"AttackPotion"}],"is_trial":false,"path_per_floor":["M","?","M","M","M","R","?","E","T","M","R","T","$","E","R","B",null,"M","?","M","?","?","R","M","E","T","M","M","?","$","M","R","B",null,"M","?","?","$","M","R","E","?","T","$","?","$","M","E","R","B",null],"character_chosen":"THE_SERVANT","items_purchased":["Chemical X","Duplication","Toy Ornithopter","Lee\u0027s Waffle","Apotheosis","Luminosity+1","BottledTime"],"campfire_rested":1,"item_purchase_floors":[13,13,30,30,30,38,46],"current_hp_per_floor":[63,63,63,62,59,59,59,50,50,39,39,39,39,39,39,14,65,43,43,43,32,32,32,31,27,27,15,15,4,39,38,38,27,39,36,36,36,36,36,37,36,36,36,36,36,36,36,36,36,33],"gold":80,"neow_bonus":"HUNDRED_GOLD","is_daily":false,"chose_seed":false,"campfire_upgraded":5,"win_rate":0.0,"timestamp":1608724987,"path_taken":["M","?","M","?","M","R","?","E","T","?","R","?","$","E","R","BOSS","M","?","M","?","?","R","?","E","T","M","M","?","$","M","R","BOSS","M","?","?","$","M","R","E","?","T","?","?","$","M","E","R","BOSS"],"items_purchased_type":["Relic","Card","Relic","Relic","Card","Card","Card"],"build_version":"2020-12-22","purchased_purges":3,"victory":true,"max_hp_per_floor":[65,65,65,65,65,65,65,65,65,65,65,65,65,65,65,65,65,65,65,65,32,32,32,32,32,32,32,32,32,39,39,39,39,39,39,39,37,37,37,37,37,37,37,37,37,37,37,37,37,37],"relic_stats":{"Lee\u0027s Waffle":35,"Happy Flower":[35],"Torii":7,"counters":[26,124],"CeramicFish":288,"Ginger":[34],"Question Card":4,"Dream Catcher":1,"Sundial":[4],"Ornamental Fan":[16],"Prayer Wheel":6,"Chemical X":[29],"obtain_stats":[{"Girya":42,"Lee\u0027s Waffle":30,"Happy Flower":9,"Torii":29,"CeramicFish":8,"Uniform":0,"Ginger":12,"Frozen Egg 2":14,"Question Card":41,"Dream Catcher":22,"CaptainsWheel":26,"Sundial":29,"Ornamental Fan":43,"Philosopher\u0027s Stone":17,"Prayer Wheel":25,"Fusion Hammer":34,"Red Mask":19,"Bag of Marbles":48,"Chemical X":13,"Toy Ornithopter":30},{"Girya":23,"Lee\u0027s Waffle":17,"Happy Flower":5,"Torii":17,"CeramicFish":5,"Uniform":0,"Ginger":6,"Frozen Egg 2":7,"Question Card":22,"Dream Catcher":11,"CaptainsWheel":13,"Sundial":17,"Ornamental Fan":23,"Philosopher\u0027s Stone":8,"Prayer Wheel":13,"Fusion Hammer":19,"Red Mask":10,"Bag of Marbles":25,"Chemical X":6,"Toy Ornithopter":17},{"Girya":106,"Lee\u0027s Waffle":73,"Happy Flower":22,"Torii":73,"CeramicFish":22,"Uniform":0,"Ginger":25,"Frozen Egg 2":31,"Question Card":101,"Dream Catcher":47,"CaptainsWheel":56,"Sundial":73,"Ornamental Fan":106,"Philosopher\u0027s Stone":36,"Prayer Wheel":56,"Fusion Hammer":87,"Red Mask":43,"Bag of Marbles":117,"Chemical X":25,"Toy Ornithopter":73}],"Toy Ornithopter":4},"card_choices":[{"not_picked":["Replace","Unruled"],"picked":"Foresight","floor":1},{"not_picked":["Potential","Starlight"],"picked":"Barrier","floor":3},{"not_picked":["FastForward","Manipulate"],"picked":"Moonlight","floor":4},{"not_picked":["Rearm","FanOfKnives"],"picked":"TimeWarp","floor":5},{"not_picked":["Unruled","Replace"],"picked":"Luminosity","floor":8},{"not_picked":["SilverBlades","Unruled"],"picked":"Potential","floor":10},{"not_picked":["Rewind","Desolation"],"picked":"WasteNot+1","floor":14},{"not_picked":["Embodiment+1","Duplication"],"picked":"PendulumOfEternity","floor":16},{"not_picked":["Ricochet+1","Revamp"],"picked":"Gouge","floor":18},{"not_picked":["Rearm+1","Unruled"],"picked":"Rewind+1","floor":19},{"not_picked":["Starlight","TimeWarp"],"picked":"Embodiment+1","floor":20},{"not_picked":["ShatteredReality","Defy"],"picked":"StarChef+1","floor":24},{"not_picked":["Hightail","Unruled+1"],"picked":"TimeWarp","floor":25},{"not_picked":["Defy","ShatteredReality"],"picked":"RealityMarble+1","floor":27},{"not_picked":["Sabotage","FastForward"],"picked":"BottledTime","floor":27},{"not_picked":["ShatteredReality+1","DualDimension"],"picked":"FastForward+1","floor":28},{"not_picked":["WasteNot+1","Solidify"],"picked":"Gouge+1","floor":28},{"not_picked":["DoubleEdge","Rewind+1"],"picked":"GearUp","floor":31},{"not_picked":["Spin","Replace","Ricochet"],"picked":"SKIP","floor":31},{"not_picked":["Duplication","Dilation"],"picked":"FloweringNight+1","floor":33},{"not_picked":["Rewind","TimeWarp+1"],"picked":"Shuttle","floor":35},{"not_picked":["StarChef+1","Ricochet","Moonlight+1"],"picked":"SKIP","floor":35},{"not_picked":["BottledTime","Revamp"],"picked":"Foresight+1","floor":39},{"not_picked":["SurpressingFire+1","Potential"],"picked":"Moondial","floor":39},{"not_picked":["Moondial","Snipe+1"],"picked":"Foresight+1","floor":40},{"not_picked":["Collapse+1","TimeWarp+1"],"picked":"FastForward+1","floor":41},{"not_picked":["TimeWarp+1","DoubleEdge+1","FastForward+1"],"picked":"DualDimension+1","floor":42},{"not_picked":["FastForward","SpecialFormula","BestPractice+1"],"picked":"ShiftingGears","floor":47},{"not_picked":["Solidify","Alleviate","DualDimension","Potential"],"picked":"SKIP","floor":47},{"not_picked":["TimeWarp+1","Manipulate","Moondial+1"],"picked":"Embodiment+1","floor":48}],"player_experience":690243,"relics_obtained":[{"floor":8,"key":"CeramicFish"},{"floor":9,"key":"Happy Flower"},{"floor":12,"key":"Ginger"},{"floor":14,"key":"Frozen Egg 2"},{"floor":19,"key":"Red Mask"},{"floor":22,"key":"Dream Catcher"},{"floor":25,"key":"Prayer Wheel"},{"floor":26,"key":"CaptainsWheel"},{"floor":29,"key":"Torii"},{"floor":29,"key":"Sundial"},{"floor":41,"key":"Question Card"},{"floor":42,"key":"Girya"},{"floor":43,"key":"Ornamental Fan"},{"floor":48,"key":"Bag of Marbles"}],"event_choices":[{"damage_healed":0,"gold_gain":0,"player_choice":"2 cards matched","damage_taken":0,"max_hp_gain":0,"max_hp_loss":0,"event_name":"Match and Keep!","floor":2,"gold_loss":0,"cards_obtained":["BottledTime","Dramatic Entrance"]},{"damage_healed":0,"gold_gain":0,"cards_transformed":["Strike_S"],"player_choice":"Transformed","damage_taken":0,"max_hp_gain":0,"max_hp_loss":0,"event_name":"Transmorgrifier","floor":7,"gold_loss":0,"cards_obtained":["Luminosity"]},{"damage_healed":0,"gold_gain":0,"player_choice":"Fought Bandits","damage_taken":0,"max_hp_gain":0,"max_hp_loss":0,"event_name":"Masked Bandits","floor":19,"gold_loss":0},{"damage_healed":0,"gold_gain":0,"player_choice":"Became a Ghost","damage_taken":0,"max_hp_gain":0,"max_hp_loss":33,"event_name":"Ghosts","floor":21,"gold_loss":0,"cards_obtained":["Ghostly","Ghostly","Ghostly","Ghostly","Ghostly"]},{"damage_healed":0,"gold_gain":0,"player_choice":"Relic","damage_taken":0,"max_hp_gain":0,"max_hp_loss":0,"event_name":"Wheel of Change","floor":22,"gold_loss":0},{"damage_healed":0,"gold_gain":0,"player_choice":"Fight","damage_taken":0,"max_hp_gain":0,"max_hp_loss":0,"event_name":"Colosseum","floor":29,"gold_loss":0},{"damage_healed":0,"gold_gain":0,"player_choice":"Fought Nobs","damage_taken":0,"max_hp_gain":0,"max_hp_loss":0,"event_name":"Colosseum","floor":29,"gold_loss":0},{"cards_removed":["Ghostly"],"damage_healed":0,"gold_gain":0,"player_choice":"Removed Skill","damage_taken":0,"max_hp_gain":0,"max_hp_loss":0,"event_name":"Falling","floor":36,"gold_loss":0},{"damage_healed":0,"gold_gain":0,"player_choice":"Max HP","damage_taken":0,"max_hp_gain":0,"max_hp_loss":2,"event_name":"Winding Halls","floor":37,"gold_loss":0},{"damage_healed":0,"gold_gain":0,"player_choice":"Fight","damage_taken":0,"max_hp_gain":0,"max_hp_loss":0,"event_name":"MindBloom","floor":42,"gold_loss":0},{"damage_healed":0,"gold_gain":0,"player_choice":"Upgraded","damage_taken":0,"max_hp_gain":0,"max_hp_loss":0,"event_name":"Upgrade Shrine","floor":45,"gold_loss":0,"cards_upgraded":["BottledTime"]}],"is_beta":false,"boss_relics":[{"not_picked":["Busted Crown","Empty Cage"],"picked":"Philosopher\u0027s Stone"},{"not_picked":["MysterySword","Snecko Eye"],"picked":"Fusion Hammer"}],"items_purged_floors":[13,38,44],"is_endless":false,"potions_floor_spawned":[3,4,14,16,18,24,29,29,31,41],"ascension_level":1}}