{"host":"zlprnsb5fznrfinh","time":1608750661,"event":{"mods":["Act Like it!","BaseMod","Block Reminder","Downfall","GifTheSpireLib","Minty Spire (QoL Compilation)","StSLib"],"gold_per_floor":[99,99,99,99,116,216,241,241,254,254,75,90,103,113,124,222,222,222,241,341,341,341,377,404,404,404,404,78,78,78,89,106,202,202,202,214,230,230,244,244,269,295,295,315,237,251,251,278,295,295],"floor_reached":51,"playtime":3105,"items_purged":["sneckomod:Strike","sneckomod:Bewildered"],"score":510,"play_id":"7a221171-a687-40f2-9749-26f3b935ab3f","local_time":"20201223111101","is_ascension_mode":false,"campfire_choices":[{"data":"sneckomod:SnekBite","floor":1.0,"key":"SMITH"},{"data":"sneckomod:SoulRoll","floor":10.0,"key":"SMITH"},{"data":"sneckomod:QuickMove","floor":18.0,"key":"SMITH"},{"floor":25.0,"key":"REST"},{"floor":27.0,"key":"REST"},{"data":"sneckomod:SoulDraw","floor":30.0,"key":"SMITH"},{"data":"sneckomod:UnknownRareSkill","floor":35.0,"key":"SMITH"},{"data":"sneckomod:DiceBlock","floor":40.0,"key":"SMITH"},{"data":"sneckomod:Restock","floor":43,"key":"SMITH"}],"circlet_count":0,"master_deck":["sneckomod:Strike+1","sneckomod:TailWhip+1","sneckomod:SnekBite+1","sneckomod:Unknown","sneckomod:Unknown","sneckomod:UnknownStrike+1","sneckomod:SoulRoll+1","sneckomod:QuickMove+1","sneckomod:RainOfDice+1","sneckomod:UnknownEthereal","sneckomod:UnknownClassBLUE","sneckomod:UnknownStrike+1","sneckomod:Unknown2Cost","sneckomod:UnknownRareAttack+1","sneckomod:SoulDraw+1","sneckomod:ImprovisedAttack+1","sneckomod:Restock+1","sneckomod:DiceBlock+1","sneckomod:Rotation+1","sneckomod:DiceBlock+1","sneckomod:PureSnecko+1","sneckomod:UnknownRareSkill+1","sneckomod:DiceBlock+1","sneckomod:QuickMove+1","sneckomod:SnakeSap+1","sneckomod:SoulDraw+1","sneckomod:Rotation","sneckomod:SoulCleanse","sneckomod:UnknownCommonAttack+1","sneckomod:SoulRoll+1","sneckomod:SnakeSap+1"],"relics":["sneckomod:SuperSneckoSoul","downfall:HeartsMalice","Molten Egg 2","MutagenicStrength","sneckomod:BabySnecko","Gambling Chip","Blood Vial","hexamod:TheBrokenSeal","Membership Card","sneckomod:ConfusingCodex","Astrolabe","Omamori","CaptainsWheel","Red Mask","downfall:RedIOUUpgrade","Regal Pillow"],"acts_visited":["TheBeyond"],"potions_floor_usage":[46],"damage_taken":[{"damage":0.0,"enemies":"Jaw Worm","floor":3.0,"turns":1.0},{"damage":0.0,"enemies":"2 Louse","floor":4.0,"turns":1.0},{"damage":0.0,"enemies":"Cultist","floor":5.0,"turns":1.0},{"damage":13.0,"enemies":"Lots of Slimes","floor":9.0,"turns":3.0},{"damage":3.0,"enemies":"downfall:FleeingMerchant","floor":11.0,"turns":4.0},{"damage":0.0,"enemies":"2 Fungi Beasts","floor":12.0,"turns":2.0},{"damage":0.0,"enemies":"3 Louse","floor":13.0,"turns":1.0},{"damage":0.0,"enemies":"Large Slime","floor":14.0,"turns":4.0},{"damage":0.0,"enemies":"Lots of Slimes","floor":15.0,"turns":2.0},{"damage":53.0,"enemies":"downfall:CharBossIronclad","floor":16.0,"turns":7.0},{"damage":24.0,"enemies":"Chosen","floor":19.0,"turns":6.0},{"damage":58.0,"enemies":"downfall:Augmenter","floor":20.0,"turns":5.0},{"damage":44.0,"enemies":"Slavers","floor":23.0,"turns":5.0},{"damage":15.0,"enemies":"downfall:FleeingMerchant","floor":28.0,"turns":4.0},{"damage":0.0,"enemies":"Shell Parasite","floor":31.0,"turns":1.0},{"damage":14.0,"enemies":"Centurion and Healer","floor":32.0,"turns":3.0},{"damage":0.0,"enemies":"downfall:CharBossDefect","floor":33.0,"turns":1.0},{"damage":0.0,"enemies":"3 Darklings","floor":36.0,"turns":2.0},{"damage":9.0,"enemies":"Orb Walker","floor":37.0,"turns":3.0},{"damage":23.0,"enemies":"Sphere and 2 Shapes","floor":39.0,"turns":4.0},{"damage":7,"enemies":"Giant Head","floor":42,"turns":5},{"damage":13,"enemies":"Maw","floor":44,"turns":6},{"damage":14,"enemies":"downfall:FleeingMerchant","floor":45,"turns":4},{"damage":1,"enemies":"Transient","floor":46,"turns":5},{"damage":0,"enemies":"Jaw Worm Horde","floor":49,"turns":1},{"damage":0,"enemies":"downfall:CharBossWatcher","floor":50,"turns":1}],"seed_played":"1346625161316303079","potions_obtained":[{"floor":5.0,"key":"Strength Potion"},{"floor":12.0,"key":"DistilledChaos"},{"floor":14.0,"key":"Explosive Potion"},{"floor":19.0,"key":"PowerPotion"},{"floor":28.0,"key":"Regen Potion"},{"floor":32.0,"key":"Dexterity Potion"},{"floor":36.0,"key":"PowerPotion"},{"floor":39.0,"key":"sneckomod:MuddlingPotion"},{"floor":49,"key":"Swift Potion"}],"is_trial":false,"path_per_floor":["R","?","M","M","M","?","T","?","M","R","$","M","M","M","M","B",null,"R","M","?","?","?","E","T","R","?","R","$","?","R","M","M","B",null,"R","M","M","?","M","R","T","E","R","M","$","M","?","T","M","B",null],"character_chosen":"THE_SNECKO","items_purchased":["expansioncontent:DarkVoid+1","Membership Card","sneckomod:ConfusingCodex","sneckomod:SoulCleanse","sneckomod:UnknownCommonAttack+1"],"campfire_rested":2,"item_purchase_floors":[11,28,28,45,45],"current_hp_per_floor":[90,72,73,73,73,73,73,78,65,65,62,63,64,65,66,18,117,117,93,55,55,55,11,11,46,46,81,127,127,127,127,113,119,131,131,131,122,122,101,101,101,96,96,104,92,93,93,93,95,97],"gold":295,"neow_bonus":"THREE_ENEMY_KILL","is_daily":false,"chose_seed":false,"campfire_upgraded":7,"win_rate":0.0,"timestamp":1608750661,"path_taken":["R","?","M","M","M","?","T","?","M","R","?","?","?","M","M","BOSS","R","M","?","?","?","E","T","R","?","R","$","?","R","M","M","BOSS","R","M","?","?","M","R","T","E","R","M","$","M","?","?","M","BOSS"],"items_purchased_type":["Card","Relic","Relic","Card","Card"],"build_version":"2020-12-22","purchased_purges":2,"victory":true,"max_hp_per_floor":[90,90,91,91,91,91,91,96,96,96,96,97,98,99,100,101,117,117,117,117,117,117,117,117,117,117,117,127,127,127,127,127,131,131,131,131,131,131,131,131,131,131,131,131,131,131,131,131,131,131],"card_choices":[{"not_picked":["sneckomod:DiceBlock","sneckomod:UnknownUncommonSkill"],"picked":"sneckomod:UnknownStrike+1","floor":3.0},{"not_picked":["sneckomod:SoulDraw","sneckomod:ImprovisedGuard"],"picked":"sneckomod:SoulRoll","floor":4.0},{"not_picked":["sneckomod:Unknown1Cost","sneckomod:UnknownClassPURPLE"],"picked":"sneckomod:QuickMove","floor":5.0},{"not_picked":["sneckomod:UnknownStrength","sneckomod:UnknownWeak"],"picked":"sneckomod:RainOfDice+1","floor":9.0},{"not_picked":["sneckomod:SerpentIdol","sneckomod:RainOfDice+1"],"picked":"sneckomod:UnknownEthereal","floor":12.0},{"not_picked":["sneckomod:SnekBeam+1","sneckomod:Nope"],"picked":"sneckomod:UnknownClassBLUE","floor":13.0},{"not_picked":["sneckomod:SoulDraw","sneckomod:Mudshield"],"picked":"sneckomod:UnknownStrike+1","floor":14.0},{"not_picked":["hexamod:SixthSeal","hexamod:FourthSeal"],"picked":"hexamod:FifthSeal","floor":15.0},{"not_picked":["sneckomod:UnknownDexterity","sneckomod:MasterEye"],"picked":"sneckomod:Unknown2Cost","floor":15.0},{"not_picked":["hexamod:SecondSeal","hexamod:FourthSeal"],"picked":"hexamod:ThirdSeal","floor":16.0},{"not_picked":["sneckomod:UnknownColorless","sneckomod:SoulExchange"],"picked":"sneckomod:UnknownRareAttack+1","floor":16.0},{"not_picked":["hexamod:FirstSeal","hexamod:FourthSeal"],"picked":"hexamod:SixthSeal","floor":19.0},{"not_picked":["sneckomod:SnekBeam+1","sneckomod:MorePower"],"picked":"sneckomod:SoulDraw","floor":19.0},{"not_picked":["hexamod:SecondSeal","hexamod:ThirdSeal"],"picked":"hexamod:FirstSeal","floor":20.0},{"not_picked":["hexamod:SixthSeal","hexamod:FirstSeal"],"picked":"hexamod:SecondSeal","floor":20.0},{"not_picked":["sneckomod:UnknownCommonAttack+1","sneckomod:WideSting+1"],"picked":"sneckomod:Restock","floor":20.0},{"not_picked":["sneckomod:UnknownX","sneckomod:UnknownBlock"],"picked":"sneckomod:DiceBlock","floor":20.0},{"not_picked":["hexamod:ThirdSeal","hexamod:SecondSeal"],"picked":"hexamod:FourthSeal","floor":23.0},{"not_picked":["sneckomod:UnknownStrike+1","sneckomod:DiceCrush+1"],"picked":"sneckomod:Rotation+1","floor":23.0},{"not_picked":["sneckomod:UnknownVulnerable","sneckomod:UnknownEthereal","sneckomod:QuickMove+1"],"picked":"SKIP","floor":28.0},{"not_picked":["sneckomod:Unknown1Cost","sneckomod:UnknownStrength"],"picked":"sneckomod:DiceBlock+1","floor":31.0},{"not_picked":["sneckomod:UnknownStrike+1","sneckomod:UnknownUncommonPower"],"picked":"sneckomod:PureSnecko+1","floor":32.0},{"not_picked":["sneckomod:Mudshield","sneckomod:Cheat"],"picked":"sneckomod:UnknownRareSkill","floor":33.0},{"not_picked":["sneckomod:UnknownCommonSkill+1","sneckomod:UnknownVulnerable","sneckomod:UnknownStrike+1"],"picked":"SKIP","floor":36.0},{"not_picked":["sneckomod:UnknownDexterity+1","sneckomod:SnakeSap+1"],"picked":"sneckomod:SoulDraw+1","floor":37.0},{"not_picked":["sneckomod:UnknownClassBLUE+1","sneckomod:UnknownCommonSkill+1","sneckomod:UnknownWeak"],"picked":"SKIP","floor":39.0},{"not_picked":["sneckomod:QuickMove","sneckomod:QuickBite+1","sneckomod:DiceCrush+1"],"picked":"SKIP","floor":42},{"not_picked":["sneckomod:DiceBlock+1","sneckomod:WideSting+1","sneckomod:UnknownStrike+1"],"picked":"SKIP","floor":44},{"not_picked":["sneckomod:UnknownClassHEXA_GHOST_PURPLE","sneckomod:SnekBeam+1"],"picked":"sneckomod:Rotation","floor":45},{"not_picked":["sneckomod:UnknownClassPURPLE+1","sneckomod:DiceCrush+1"],"picked":"sneckomod:SoulRoll+1","floor":46},{"not_picked":["hexamod:FourthSeal","hexamod:ThirdSeal","hexamod:FirstSeal"],"picked":"SKIP","floor":46},{"not_picked":["sneckomod:UnknownStrike+1","sneckomod:UnknownCommonAttack+1"],"picked":"sneckomod:SnakeSap+1","floor":49}],"player_experience":709923,"relics_obtained":[{"floor":7.0,"key":"Whetstone"},{"floor":20.0,"key":"MutagenicStrength"},{"floor":23.0,"key":"Gambling Chip"},{"floor":24.0,"key":"Blood Vial"},{"floor":41.0,"key":"Omamori"},{"floor":42,"key":"CaptainsWheel"},{"floor":48,"key":"Regal Pillow"}],"event_choices":[{"damage_healed":0.0,"max_hp_gain":0.0,"max_hp_loss":0.0,"gold_gain":0.0,"event_name":"Scrap Ooze","player_choice":"Success","floor":2.0,"gold_loss":0.0,"damage_taken":18.0,"relics_obtained":["Molten Egg 2"]},{"damage_healed":0.0,"max_hp_gain":5.0,"max_hp_loss":0.0,"gold_gain":0.0,"event_name":"Big Fish","player_choice":"Donut","floor":8.0,"gold_loss":0.0,"damage_taken":0.0},{"damage_healed":0.0,"max_hp_gain":0.0,"max_hp_loss":0.0,"gold_gain":0.0,"event_name":"NoteForYourself","player_choice":"Ignored","floor":29.0,"gold_loss":0.0,"damage_taken":0.0}],"is_beta":false,"boss_relics":[{"not_picked":["Fusion Hammer","Black Star"],"picked":"sneckomod:SuperSneckoSoul"},{"not_picked":["Runic Pyramid","SacredBark"],"picked":"Astrolabe"}],"items_purged_floors":[11,28],"is_endless":false,"potions_floor_spawned":[5,12,14,15,19,32,36,39,49],"ascension_level":0}}