{"host":"oy4pyvr762z5n0bb","time":1608683567,"event":{"mods":["AchievementEnabler","BaseMod","Colored Map","Colored Powertips","Googly Eyes","Key Reminder","Minty Spire (QoL Compilation)","Quick Restart","Relic Sorter","StSLib","SuperFastMode","Unceasing Turn Reminder","slay the spire mod where everything is the same but ironclad has a cowboy hat"],"gold_per_floor":[109,109,109,109,127,152,152,5,5,5,31,31,43,63,63,161,161,180,192,192,192,192],"floor_reached":21,"playtime":494,"items_purged":[],"score":273,"play_id":"c1045c2b-8080-4ac6-b3ff-930bbdd8930a","local_time":"20201222163247","is_ascension_mode":true,"campfire_choices":[{"data":"PathToVictory","floor":7,"key":"SMITH"},{"data":"CrushJoints","floor":10,"key":"SMITH"},{"data":"Vigilance","floor":12,"key":"SMITH"},{"data":"Evaluate","floor":15,"key":"SMITH"}],"circlet_count":0,"master_deck":["Strike_P","Strike_P","Strike_P","Strike_P","Defend_P","Defend_P","Defend_P","Defend_P","Eruption+1","Vigilance+1","PathToVictory+1","FollowUp","CrushJoints+1","PathToVictory+1","Prostrate","Evaluate+1","EmptyBody","Wish","Pray","Evaluate","Necronomicurse"],"relics":["HolyWater","NeowsBlessing","FossilizedHelix","DollysMirror","Akabeko","Sundial","Necronomicon"],"acts_visited":["Exordium","TheCity"],"potions_floor_usage":[],"damage_taken":[{"damage":0,"enemies":"Small Slimes","floor":1,"turns":1},{"damage":0,"enemies":"2 Louse","floor":5,"turns":1},{"damage":0,"enemies":"Lagavulin","floor":6,"turns":1},{"damage":0,"enemies":"Gremlin Nob","floor":11,"turns":2},{"damage":0,"enemies":"Cultist","floor":13,"turns":3},{"damage":0,"enemies":"Looter","floor":14,"turns":2},{"damage":14,"enemies":"Hexaghost","floor":16,"turns":7},{"damage":16,"enemies":"2 Thieves","floor":18,"turns":5},{"damage":17,"enemies":"Shell Parasite","floor":19,"turns":5},{"damage":47,"enemies":"Cultist and Chosen","floor":21,"turns":7}],"seed_played":"-5406913404248205471","potions_obtained":[{"floor":5,"key":"Strength Potion"},{"floor":13,"key":"EssenceOfSteel"},{"floor":16,"key":"Ancient Potion"}],"is_trial":false,"path_per_floor":["M","?","$","?","M","E","R","$","T","R","E","R","M","M","R","B",null,"M","M","?","M"],"character_chosen":"WATCHER","items_purchased":["DollysMirror"],"campfire_rested":0,"item_purchase_floors":[8],"current_hp_per_floor":[72,72,72,72,72,72,72,72,72,72,72,72,72,72,72,58,72,56,39,23,0,0],"gold":192,"neow_bonus":"THREE_ENEMY_KILL","is_daily":false,"chose_seed":false,"campfire_upgraded":4,"win_rate":0.0,"timestamp":1608683567,"path_taken":["M","?","$","?","M","E","R","$","T","R","E","R","M","?","R","BOSS","M","M","?","M"],"items_purchased_type":["Relic"],"build_version":"2020-12-13","purchased_purges":0,"victory":false,"max_hp_per_floor":[72,72,72,72,72,72,72,72,72,72,72,72,72,72,72,72,72,72,72,72,72,72],"card_choices":[{"not_picked":["EmptyFist","Nirvana"],"picked":"PathToVictory","floor":1},{"not_picked":["CrushJoints","Pray"],"picked":"FollowUp","floor":5},{"not_picked":["ClearTheMind","MentalFortress"],"picked":"CrushJoints","floor":6},{"not_picked":["FollowUp","TalkToTheHand"],"picked":"Prostrate","floor":11},{"not_picked":["Worship","JustLucky"],"picked":"Evaluate","floor":13},{"not_picked":["Vault","ClearTheMind"],"picked":"EmptyBody","floor":14},{"not_picked":["DeusExMachina","Devotion"],"picked":"Wish","floor":16},{"not_picked":["LikeWater","FlurryOfBlows+1"],"picked":"Pray","floor":18},{"not_picked":["BowlingBash","Meditate+1"],"picked":"Evaluate","floor":19}],"player_experience":551708,"relics_obtained":[{"floor":6,"key":"FossilizedHelix"},{"floor":9,"key":"Akabeko"},{"floor":11,"key":"Sundial"},{"floor":20,"key":"Necronomicon"}],"event_choices":[{"damage_healed":0,"gold_gain":0,"player_choice":"Leave","damage_taken":0,"max_hp_gain":0,"max_hp_loss":0,"event_name":"The Cleric","floor":2,"gold_loss":0},{"damage_healed":0,"gold_gain":0,"player_choice":"Upgraded","damage_taken":0,"max_hp_gain":0,"max_hp_loss":0,"event_name":"Upgrade Shrine","floor":4,"gold_loss":0,"cards_upgraded":["Eruption"]},{"damage_healed":0,"gold_gain":0,"player_choice":"Obtained Book","damage_taken":16,"max_hp_gain":0,"max_hp_loss":0,"event_name":"Cursed Tome","floor":20,"gold_loss":0}],"is_beta":false,"boss_relics":[{"not_picked":["Tiny House","Calling Bell"],"picked":"HolyWater"}],"items_purged_floors":[],"is_endless":false,"potions_floor_spawned":[5,13,16,19],"killed_by":"Cultist and Chosen","ascension_level":3}}