{"host":"qyjrmrr57odine7m","time":1608716744,"event":{"mods":["AchievementEnabler","BaseMod","Bestiary","Block Reminder","Card Forge","Highlight Path","Minty Spire (QoL Compilation)","Permanent Neow","StSLib"],"gold_per_floor":[113,113,128,142,159,193,203,230,254,291,291,302,302,329,329,433,433,448,465,465,504,298,332,344,344,368,266,266,266,266,300,300,399,399,411,411,411,432,382,409,424,444,444,461,493,519,545,561,561,561],"floor_reached":51,"playtime":2518,"items_purged":[],"score":947,"play_id":"3ad5d21c-aaf1-488d-8652-15d32852822a","local_time":"20201223094544","is_ascension_mode":false,"campfire_choices":[{"floor":11,"key":"REST"},{"floor":13,"key":"REST"},{"floor":15,"key":"REST"},{"floor":25,"key":"REST"},{"floor":32,"key":"REST"},{"floor":49,"key":"RECALL"}],"circlet_count":0,"master_deck":["Defend_R+1","Defend_R+1","Defend_R+1","Disarm+1","Combust+1","Whirlwind+1","Rampage+1","Uppercut+1","Limit Break+1","Metallicize+1","Inflame+1","Sword Boomerang+1","Cleave+1","Shrug It Off+1"],"relics":["Burning Blood","Hammer of Thor","Seething Fire","Anvil of the Gods","Strawberry","CeramicFish","Tiny Chest","Blood Vial","Anchor","Velvet Choker","MutagenicStrength","Red Mask","PreservedInsect","Bottled Flame","Omamori","Kunai","Centennial Puzzle","Coffee Dripper","Orichalcum","Meat on the Bone","Magic Flower","Ornamental Fan"],"acts_visited":["Exordium","TheCity","TheBeyond"],"potions_floor_usage":[16,33,50,50,50],"damage_taken":[{"damage":0,"enemies":"Cultist","floor":1,"turns":2},{"damage":0,"enemies":"2 Louse","floor":3,"turns":3},{"damage":0,"enemies":"Small Slimes","floor":4,"turns":3},{"damage":5,"enemies":"3 Louse","floor":5,"turns":3},{"damage":15,"enemies":"Gremlin Nob","floor":6,"turns":4},{"damage":2,"enemies":"Red Slaver","floor":7,"turns":3},{"damage":20,"enemies":"3 Sentries","floor":10,"turns":4},{"damage":0,"enemies":"2 Fungi Beasts","floor":12,"turns":1},{"damage":11,"enemies":"Lagavulin","floor":14,"turns":6},{"damage":18,"enemies":"Slime Boss","floor":16,"turns":6},{"damage":0,"enemies":"Chosen","floor":18,"turns":4},{"damage":4,"enemies":"Spheric Guardian","floor":19,"turns":4},{"damage":1,"enemies":"Masked Bandits","floor":21,"turns":2},{"damage":1,"enemies":"Book of Stabbing","floor":23,"turns":7},{"damage":3,"enemies":"Cultist and Chosen","floor":24,"turns":4},{"damage":5,"enemies":"Slavers","floor":31,"turns":2},{"damage":45,"enemies":"Automaton","floor":33,"turns":7},{"damage":1,"enemies":"3 Darklings","floor":35,"turns":3},{"damage":4,"enemies":"3 Shapes","floor":38,"turns":5},{"damage":0,"enemies":"Giant Head","floor":40,"turns":6},{"damage":26,"enemies":"Writhing Mass","floor":41,"turns":4},{"damage":18,"enemies":"Sphere and 2 Shapes","floor":42,"turns":4},{"damage":15,"enemies":"Maw","floor":44,"turns":5},{"damage":12,"enemies":"Reptomancer","floor":45,"turns":4},{"damage":4,"enemies":"3 Darklings","floor":46,"turns":2},{"damage":18,"enemies":"Nemesis","floor":47,"turns":5},{"damage":6,"enemies":"Transient","floor":48,"turns":5},{"damage":11,"enemies":"Awakened One","floor":50,"turns":7}],"seed_played":"-6036398475688883497","potions_obtained":[{"floor":3,"key":"Dexterity Potion"},{"floor":5,"key":"BlessingOfTheForge"},{"floor":6,"key":"Strength Potion"},{"floor":12,"key":"Energy Potion"},{"floor":16,"key":"SneckoOil"},{"floor":35,"key":"SteroidPotion"}],"is_trial":false,"path_per_floor":["M","$","M","M","M","E","M","T","T","E","R","M","R","E","R","B",null,"M","M","?","?","$","E","M","R","T","$","?","$","T","E","R","B",null,"M","?","$","M","$","E","M","M","T","M","E","M","E","M","R","B",null],"character_chosen":"IRONCLAD","items_purchased":["PreservedInsect","Block Potion","CultistPotion","Block Potion"],"campfire_rested":5,"item_purchase_floors":[22,22,27,39],"current_hp_per_floor":[96,96,96,96,96,94,98,98,98,84,103,103,103,98,103,91,103,103,103,103,103,103,103,103,103,103,103,103,103,103,103,103,64,103,103,103,103,103,103,103,83,73,73,66,62,70,64,70,70,71],"gold":561,"neow_bonus":"TWENTY_PERCENT_HP_BONUS","is_daily":false,"chose_seed":false,"campfire_upgraded":0,"win_rate":0.0,"timestamp":1608716744,"path_taken":["M","?","M","?","M","E","?","?","T","E","R","M","R","E","R","BOSS","M","M","?","?","$","E","M","R","T","$","?","$","?","E","R","BOSS","M","?","?","M","$","E","M","M","T","M","E","M","E","M","R","BOSS"],"items_purchased_type":["Relic","Potion","Potion","Potion"],"build_version":"2020-12-22","purchased_purges":0,"victory":true,"max_hp_per_floor":[96,96,96,96,96,103,103,103,103,103,103,103,103,103,103,103,103,103,103,103,103,103,103,103,103,103,103,103,103,103,103,103,103,103,103,103,103,103,103,103,103,103,103,103,103,103,103,103,103,103],"card_choices":[{"not_picked":["Havoc","Reckless Charge","Rupture"],"picked":"SKIP","floor":1},{"not_picked":["True Grit","Clash"],"picked":"Evolve","floor":3},{"not_picked":["Cleave","Dual Wield"],"picked":"Disarm","floor":4},{"not_picked":["Iron Wave","Headbutt"],"picked":"Combust","floor":5},{"not_picked":["Body Slam","Second Wind"],"picked":"Whirlwind","floor":6},{"not_picked":["Thunderclap","Havoc"],"picked":"Rampage","floor":7},{"not_picked":["Body Slam","Burning Pact"],"picked":"Uppercut","floor":10},{"not_picked":["Battle Trance","Iron Wave","Uppercut"],"picked":"SKIP","floor":12},{"not_picked":["Pummel","Reckless Charge","Sever Soul"],"picked":"SKIP","floor":14},{"not_picked":["Brutality","Impervious"],"picked":"Limit Break","floor":16},{"not_picked":["Second Wind","Fire Breathing+1","Clothesline"],"picked":"SKIP","floor":18},{"not_picked":["Pommel Strike","Sentinel","Bloodletting"],"picked":"SKIP","floor":19},{"not_picked":["Sentinel","True Grit"],"picked":"Metallicize","floor":21},{"not_picked":["Clothesline","Blood for Blood"],"picked":"Inflame","floor":23},{"not_picked":["Warcry","Clash","Evolve+1"],"picked":"SKIP","floor":24},{"not_picked":["Twin Strike+1","Feed","Body Slam"],"picked":"SKIP","floor":31},{"not_picked":["Wild Strike+1","Perfected Strike+1","Body Slam+1"],"picked":"SKIP","floor":35},{"not_picked":["Evolve+1","Sword Boomerang+1","Wild Strike+1"],"picked":"SKIP","floor":38},{"not_picked":["Evolve+1","Wild Strike+1"],"picked":"Sword Boomerang+1","floor":38},{"not_picked":["Armaments+1","Wild Strike+1","Blood for Blood+1"],"picked":"SKIP","floor":40},{"not_picked":["Hemokinesis+1","Second Wind+1","Twin Strike+1"],"picked":"SKIP","floor":41},{"not_picked":["Body Slam","Anger"],"picked":"Cleave","floor":42},{"not_picked":["Headbutt+1","Rage+1","Second Wind+1"],"picked":"SKIP","floor":44},{"not_picked":["Warcry+1","Limit Break","Shockwave"],"picked":"SKIP","floor":45},{"not_picked":["Rage","Pommel Strike"],"picked":"Shrug It Off","floor":46},{"not_picked":["Feel No Pain+1","Twin Strike+1","Cleave"],"picked":"SKIP","floor":47},{"not_picked":["Metallicize+1","Whirlwind+1","Body Slam+1"],"picked":"SKIP","floor":48}],"player_experience":1190801,"relics_obtained":[{"floor":6,"key":"Strawberry"},{"floor":8,"key":"CeramicFish"},{"floor":9,"key":"Tiny Chest"},{"floor":10,"key":"Blood Vial"},{"floor":14,"key":"Anchor"},{"floor":21,"key":"Red Mask"},{"floor":23,"key":"Bottled Flame"},{"floor":26,"key":"Omamori"},{"floor":30,"key":"Kunai"},{"floor":31,"key":"Centennial Puzzle"},{"floor":40,"key":"Orichalcum"},{"floor":43,"key":"Meat on the Bone"},{"floor":45,"key":"Magic Flower"},{"floor":47,"key":"Ornamental Fan"}],"event_choices":[{"damage_healed":0,"gold_gain":0,"player_choice":"Inject Mutagens","damage_taken":0,"relics_obtained":["MutagenicStrength"],"max_hp_gain":0,"max_hp_loss":0,"event_name":"Drug Dealer","floor":20,"gold_loss":0},{"damage_healed":0,"gold_gain":0,"player_choice":"Fought Bandits","damage_taken":0,"max_hp_gain":0,"max_hp_loss":0,"event_name":"Masked Bandits","floor":21,"gold_loss":0},{"damage_healed":0,"gold_gain":0,"player_choice":"Ignored","damage_taken":0,"max_hp_gain":0,"max_hp_loss":0,"event_name":"N\u0027loth","floor":28,"gold_loss":0},{"damage_healed":0,"gold_gain":0,"player_choice":"Got Potions","damage_taken":0,"max_hp_gain":0,"max_hp_loss":0,"event_name":"Lab","floor":36,"gold_loss":0}],"is_beta":false,"boss_relics":[{"not_picked":["Empty Cage","Pandora\u0027s Box"],"picked":"Velvet Choker"},{"not_picked":["Astrolabe","Runic Cube"],"picked":"Coffee Dripper"}],"items_purged_floors":[],"is_endless":false,"potions_floor_spawned":[3,5,6,12,16,18,23,31,35,40,41,44,46],"ascension_level":0}}