{"host":"2hlhnd4tei6r1t0s","time":1608713071,"event":{"mods":["ATMod(阿瑾Mod)","Act Like it!","Aspiration","Astrologer","BaseMod","Colored Map","Conspire","Dota2Spire","Downfall","Gensokyo","Gremlin Mod","GungeonMod","Hallownest","Hermit","HumanHunterMod(怪物杀人mod)","Jedi Mod","Jorbs\u0027s Wanderer Trilogy","Koishi","Lobotomy","LobotomyExtend","Luminous","Mari Mod (Legacy)","Mari\u0027s V1 Patch","Minty Spire (QoL Compilation)","MostiFishMod","Pale of the Ancients","Potionbrewer","Prisma Mod","Quick Restart","Relic Stats","Replay The Spire","Robot Space Explorer","RumiaBox-露米娅的神秘盒子","Slay the Relics Exporter","StSLib","Synergy Search","TestMod","The Administrix","The Alterego","The Cursed","The Hayseed","The Mystic","The Poker Player","The Runesmith","TheWitcher","Uncapped","UnlockEverythingMod","WarShipGirlsR/战舰少女R mod","[IsaacMod]以撒尖塔","[地精首领爬塔]The Maniac","noobMod","vexMod","【东方二次创作】八云紫mod","【功能Mod】混沌之环修复补丁","【功能Mod】聪明的最终Boss","【遗物卡牌】REMEMod","残留之物"],"gold_per_floor":[118,143,998737,998757,997535,997535,997586,997586,997586,997586,997586,997641,997659,997659,997683,995516,995516,995677,995677,995701,995721,994737,994737,994750,994790,994790,994808,994835,994762,994815,994836,994899,994968,994968,995128,995128,995128,995128,995128],"floor_reached":38,"playtime":6454,"items_purged":["DemoMod:Defend_Huntress","DemoMod:Ejector","DemoMod:Defend_Huntress","DemoMod:Strike_Huntress","DemoMod:Ejector","DemoMod:ConditionalReflex","DemoMod:Defend_Huntress+1"],"score":667,"play_id":"07bd68bd-6b97-4ece-9b9b-07701f3b4a5b","local_time":"20201223164431","is_ascension_mode":false,"campfire_choices":[{"data":"BloodyBrimstone","floor":6,"key":"SMITH"},{"data":"DemoMod:SAA","floor":6,"key":"SMITH"},{"data":"DemoMod:StickyCrossBow","floor":10,"key":"SMITH"},{"data":"DemoMod:JK47","floor":10,"key":"SMITH"},{"data":"testmod-DisillusionmentEcho","floor":17,"key":"SMITH"},{"data":"DemoMod:TableSutra","floor":17,"key":"SMITH"},{"data":"MostiFishMod:ButterFly","floor":26,"key":"SMITH"},{"data":"MostiFishMod:MusicBox","floor":26,"key":"SMITH"},{"data":"BettingIsNotGood","floor":34,"key":"SMITH"},{"data":"DemoMod:TableSutra","floor":34,"key":"SMITH"}],"circlet_count":0,"master_deck":["DemoMod:Strike_Huntress+1","DemoMod:Strike_Huntress+1","DemoMod:Defend_Huntress+1","DemoMod:RustySidearm","DemoMod:CrossBow","BloodyBrimstone+1","AT_DarkMatter","MostiFishMod:KamiSmash+1","DemoMod:Unmoved","DemoMod:JK47+1","DemoMod:BattleInHaste","DemoMod:CursedBullets","testmod-RabbitOfFibonacci","DemoMod:HardPowerCard+1","DemoMod:Deposit","DemoMod:ChanceBullets+1","DemoMod:SAA+1","DemoMod:StickyCrossBow+1","DemoMod:SniperShot+1","DemoMod:SAA+1","DemoMod:Polaris+1","DemoMod:ProbeStrike","testmod-DisillusionmentEcho+1","testmod-Mystery","DemoMod:TableSutra+1","DemoMod:HuntsMan","DemoMod:BalloonGun+1","DemoMod:ConditionalReflex+1","DemoMod:ConditionalReflex+1","DemoMod:HardPowerCard+1","DemoMod:GunslingerForm","DemoMod:Slinger","DemoMod:BSG","DemoMod:Unity","DemoMod:SuppressiveFire","MostiFishMod:BrokenBlackCloak","MostiFishMod:ButterFly+1","DemoMod:SniperShot+1","DemoMod:DoubleVision+1","DemoMod:BattleInHaste+1","MostiFishMod:MusicBox+1","Madness","DemoMod:TableSutra+1","DemoMod:SAA+1","DemoMod:StickyCrossBow+1","DemoMod:StickyCrossBow+1","DemoMod:MachoBrace","DemoMod:CombinedRifle","DemoMod:ChanceBullets+1","DemoMod:EasyReloadBullets+1","DemoMod:MachoBrace+1","Poisoned Strike","BettingIsNotGood+1","DemoMod:JK47","DemoMod:DirectionalPad","DemoMod:HungryBullets","DemoMod:Polaris+1","DemoMod:AC15+1","DemoMod:AC15","DemoMod:TripleGun","DemoMod:BlankBullets+1","ChaosCard","DemoMod:BlankBullets+1","DemoMod:DoubleVision+1","DemoMod:ZorGun","DemoMod:FightSabre","DemoMod:Desperate"],"relics":["DemoMod:Dog","ice","DaveBox","HushsDoor","AT_ATBox","NineVolt","HereWithMe","testmod-BatchProcessingSystem","Void","Civilization","DemoMod:GnawedKey","PlaceholderMod:SoulofChaos","DemoMod:SilverBullets","vexMod:PaidLearning","testmod-IndustrialRevolution","Replay:Arrowhead","Lee\u0027s Waffle","aspiration:FrozenJewel","ReplayFunnel","DemoMod:SerJunkan","GodSword4","DemoMod:Junk","Golden Idol","testmod-Brilliant","Shuriken","MetatronsCube","MariMod:MariFestivalBadge","GuppysCollar","jedi:HeartOfTheCards","GodSword7","Membership Card","aspiration:Stabinomicon","GodSword5","ReplayTheSpireMod:Lightbulb","SteamSale","Dota2Spire:HandOfMidas","Dota2Spire:OrchidMalevolence","LetterFromLob","PillsDrop","Whetstone","DemoMod:GlassGuonStoneRelic","conspire:SlowCooker","GuppysHairball","Succubus"],"acts_visited":["Exordium","TheCity","TheBeyond"],"potions_floor_usage":[4,31,31,31,31,35],"damage_taken":[{"damage":0,"enemies":"Cultist","floor":1,"turns":1},{"damage":3,"enemies":"Small Slimes","floor":4,"turns":4},{"damage":41,"enemies":"Hiden Room Battle","floor":7,"turns":3},{"damage":0,"enemies":"Gremlin Nob","floor":12,"turns":2},{"damage":2,"enemies":"conspire:RoseBush","floor":13,"turns":1},{"damage":0,"enemies":"Looter","floor":15,"turns":3},{"damage":6,"enemies":"The Guardian","floor":18,"turns":4},{"damage":0,"enemies":"3 Byrds","floor":20,"turns":1},{"damage":64,"enemies":"Chosen","floor":21,"turns":19},{"damage":0,"enemies":"3 Cultists","floor":24,"turns":7},{"damage":69,"enemies":"Book of Stabbing","floor":25,"turns":5},{"damage":0,"enemies":"Sentry and Sphere","floor":27,"turns":1},{"damage":3,"enemies":"Centurion and Healer","floor":30,"turns":2},{"damage":0,"enemies":"Snecko","floor":31,"turns":1},{"damage":0,"enemies":"Hiden Room Battle","floor":32,"turns":1},{"damage":0,"enemies":"Snake Plant","floor":33,"turns":3},{"damage":10,"enemies":"Champ","floor":35,"turns":6},{"damage":0,"enemies":"3 Darklings","floor":38,"turns":2}],"seed_played":"6599262142595834973","potions_obtained":[{"floor":4,"key":"testmod-SpacePotion"},{"floor":7,"key":"Fire Potion"},{"floor":12,"key":"Explosive Potion"},{"floor":13,"key":"PlaceholderMod:PlaceholderPotion"},{"floor":25,"key":"Block Potion"},{"floor":27,"key":"Regen Potion"},{"floor":30,"key":"hexamod:EctoCoolerPotion"},{"floor":33,"key":"ColorlessPotion"},{"floor":35,"key":"LiquidMemories"}],"is_trial":false,"path_per_floor":["M","?","$","M","$","R","?","PTL","PTL","R","T","E","M","?","M","$","R","B",null,"M","M","$","?","M","E","R","M","T","$","M","M","?","M","R","B",null,"M","M"],"character_chosen":"HUNTRESS","items_purchased":["DemoMod:JK47","DemoMod:BattleInHaste","DemoMod:DirectionalPad","DemoMod:GnawedKey","PlaceholderMod:SoulofChaos","DemoMod:SilverBullets","DemoMod:CursedBullets","REME_Flogging","testmod-RabbitOfFibonacci","DemoMod:HardPowerCard","vexMod:PaidLearning","testmod-IndustrialRevolution","Replay:Arrowhead","Lee\u0027s Waffle","Bomb","DemoMod:Deposit","DemoMod:Ejector","DemoMod:ChanceBullets","DemoMod:SAA","DemoMod:StickyCrossBow","DemoMod:SniperShot","testmod-Brilliant","Shuriken","MetatronsCube","testmod-DisillusionmentEcho","testmod-Mystery","DemoMod:TableSutra","DemoMod:HuntsMan","DemoMod:BalloonGun","DemoMod:ConditionalReflex","DemoMod:HardPowerCard","GuppysCollar","DemoMod:Slinger","DemoMod:BSG","DemoMod:Unity","DemoMod:SuppressiveFire","MostiFishMod:BrokenBlackCloak","MostiFishMod:ButterFly","DemoMod:SniperShot","jedi:HeartOfTheCards","GodSword7","Membership Card","MostiFishMod:MusicBox","Madness","DemoMod:TableSutra","DemoMod:ConditionalReflex","DemoMod:SAA","DemoMod:StickyCrossBow","SteamSale","Dota2Spire:HandOfMidas","Dota2Spire:OrchidMalevolence","Poisoned Strike","BettingIsNotGood","DemoMod:JK47","DemoMod:DirectionalPad","DemoMod:HungryBullets","GuppysHairball","Succubus","ChaosCard","DemoMod:BlankBullets","DemoMod:DoubleVision","DemoMod:ZorGun","DemoMod:FightSabre","DemoMod:Desperate"],"campfire_rested":0,"item_purchase_floors":[3,3,3,3,3,3,3,3,3,3,3,5,5,5,5,5,5,5,5,5,5,16,16,16,16,16,16,16,16,16,16,19,19,19,19,19,19,19,19,22,22,22,22,22,22,22,22,22,29,29,29,29,29,29,29,29,36,36,36,36,36,36,36,36],"current_hp_per_floor":[60,45,45,44,66,66,32,32,32,32,32,37,41,24,34,34,34,36,51,62,16,16,19,38,69,69,87,87,87,117,143,162,199,199,230,218,218,218,218],"gold":995128,"neow_bonus":"ONE_RARE_RELIC","is_daily":false,"chose_seed":false,"campfire_upgraded":10,"win_rate":0.0,"timestamp":1608713071,"path_taken":["M","?","$","M","$","R","?","PTL","PTL","R","T","E","M","?","?","$","R","BOSS","M","M","$","?","M","E","R","M","T","$","?","M","?","M","R","BOSS","M","M"],"items_purchased_type":["Card","Card","Card","Relic","Relic","Relic","Card","Card","Card","Card","Relic","Relic","Relic","Relic","Card","Card","Card","Card","Card","Card","Card","Relic","Relic","Relic","Card","Card","Card","Card","Card","Card","Card","Relic","Card","Card","Card","Card","Card","Card","Card","Relic","Relic","Relic","Card","Card","Card","Card","Card","Card","Relic","Relic","Relic","Card","Card","Card","Card","Card","Relic","Relic","Card","Card","Card","Card","Card","Card"],"build_version":"2020-12-22","purchased_purges":7,"victory":false,"max_hp_per_floor":[60,60,60,59,66,66,70,70,70,70,70,72,78,81,88,88,88,93,51,62,71,71,74,86,128,128,146,146,146,167,188,216,242,242,273,218,218,218,218],"relic_stats":{"Lee\u0027s Waffle":22,"counters":[18,65],"Golden Idol":120,"Shuriken":[262],"Whetstone":["DemoMod:BalloonGun","DemoMod:AC15"],"obtain_stats":[{"ReplayFunnel":7,"AT_ATBox":0,"DaveBox":0,"NineVolt":0,"Dota2Spire:OrchidMalevolence":29,"testmod-BatchProcessingSystem":0,"DemoMod:GlassGuonStoneRelic":4,"ice":0,"aspiration:Stabinomicon":25,"Whetstone":32,"Civilization":2,"testmod-Brilliant":16,"PillsDrop":32,"HereWithMe":0,"Succubus":36,"DemoMod:GnawedKey":3,"Void":0,"KeepersGift":0,"DemoMod:Junk":12,"Dota2Spire:HandOfMidas":29,"Lee\u0027s Waffle":5,"testmod-TestBox":0,"DemoMod:Dog":0,"DemoMod:SilverBullets":3,"Golden Idol":14,"conspire:SlowCooker":36,"vexMod:PaidLearning":3,"testmod-IndustrialRevolution":5,"jedi:HeartOfTheCards":22,"SteamSale":29,"Replay:Arrowhead":5,"aspiration:FrozenJewel":7,"Shuriken":16,"DemoMod:SerJunkan":11,"GodSword7":22,"LetterFromLob":31,"Membership Card":22,"GodSword5":27,"GuppysHairball":36,"PlaceholderMod:SoulofChaos":3,"GodSword4":12,"HushsDoor":0,"ReplayTheSpireMod:Lightbulb":28,"GuppysCollar":19,"REME_ComplimentaryCards":0,"MetatronsCube":16,"MariMod:MariFestivalBadge":19},{"ReplayFunnel":3,"AT_ATBox":0,"DaveBox":0,"NineVolt":0,"Dota2Spire:OrchidMalevolence":12,"testmod-BatchProcessingSystem":0,"DemoMod:GlassGuonStoneRelic":2,"ice":0,"aspiration:Stabinomicon":11,"Whetstone":15,"Civilization":1,"testmod-Brilliant":6,"PillsDrop":15,"HereWithMe":0,"Succubus":17,"DemoMod:GnawedKey":1,"Void":0,"KeepersGift":0,"DemoMod:Junk":4,"Dota2Spire:HandOfMidas":12,"Lee\u0027s Waffle":2,"testmod-TestBox":0,"DemoMod:Dog":0,"DemoMod:SilverBullets":1,"Golden Idol":5,"conspire:SlowCooker":17,"vexMod:PaidLearning":1,"testmod-IndustrialRevolution":2,"jedi:HeartOfTheCards":9,"SteamSale":12,"Replay:Arrowhead":2,"aspiration:FrozenJewel":3,"Shuriken":6,"DemoMod:SerJunkan":3,"GodSword7":9,"LetterFromLob":14,"Membership Card":9,"GodSword5":12,"GuppysHairball":17,"PlaceholderMod:SoulofChaos":1,"GodSword4":4,"HushsDoor":0,"ReplayTheSpireMod:Lightbulb":12,"GuppysCollar":7,"REME_ComplimentaryCards":0,"MetatronsCube":6,"MariMod:MariFestivalBadge":7},{"ReplayFunnel":8,"AT_ATBox":0,"DaveBox":0,"NineVolt":0,"Dota2Spire:OrchidMalevolence":51,"testmod-BatchProcessingSystem":0,"DemoMod:GlassGuonStoneRelic":5,"ice":0,"aspiration:Stabinomicon":50,"Whetstone":55,"Civilization":1,"testmod-Brilliant":14,"PillsDrop":55,"HereWithMe":0,"Succubus":64,"DemoMod:GnawedKey":1,"Void":0,"KeepersGift":0,"DemoMod:Junk":10,"Dota2Spire:HandOfMidas":51,"Lee\u0027s Waffle":5,"testmod-TestBox":0,"DemoMod:Dog":0,"DemoMod:SilverBullets":1,"Golden Idol":11,"conspire:SlowCooker":64,"vexMod:PaidLearning":1,"testmod-IndustrialRevolution":5,"jedi:HeartOfTheCards":38,"SteamSale":51,"Replay:Arrowhead":5,"aspiration:FrozenJewel":8,"Shuriken":14,"DemoMod:SerJunkan":8,"GodSword7":38,"LetterFromLob":54,"Membership Card":38,"GodSword5":51,"GuppysHairball":64,"PlaceholderMod:SoulofChaos":1,"GodSword4":10,"HushsDoor":0,"ReplayTheSpireMod:Lightbulb":51,"GuppysCollar":18,"REME_ComplimentaryCards":0,"MetatronsCube":14,"MariMod:MariFestivalBadge":18}]},"card_choices":[{"not_picked":[],"picked":"BloodyBrimstone","floor":0},{"not_picked":["DemoMod:Unmoved","DemoMod:SAA"],"picked":"Bomb","floor":1},{"not_picked":["DemoMod:SuppressiveFire","DemoMod:FeignSurrender"],"picked":"DemoMod:Unmoved","floor":2},{"not_picked":["DemoMod:SkilledReload","DemoMod:HardPowerCard"],"picked":"DemoMod:Ejector","floor":4},{"not_picked":["DemoMod:GunShield","DemoMod:FastSwitch"],"picked":"DemoMod:SAA","floor":7},{"not_picked":["DemoMod:JK47","DemoMod:HuntsMan"],"picked":"DemoMod:Polaris","floor":12},{"not_picked":["DemoMod:MegaHand","DemoMod:FortunesFavor"],"picked":"DemoMod:AC15","floor":13},{"not_picked":["DemoMod:FastSwitch","DemoMod:PracticeMakesPerfect"],"picked":"DemoMod:ProbeStrike","floor":15},{"not_picked":["DemoMod:BlankBullets","DemoMod:Slinger"],"picked":"DemoMod:GunslingerForm","floor":18},{"not_picked":["DemoMod:HardPowerCard+1","DemoMod:TripleGun"],"picked":"DemoMod:DoubleVision","floor":20},{"not_picked":["DemoMod:TeaPot","DemoMod:ConditionalReflex"],"picked":"DemoMod:BattleInHaste+1","floor":21},{"not_picked":["DemoMod:ConditionalReflex","DemoMod:FastSwitch"],"picked":"DemoMod:ChanceBullets","floor":24},{"not_picked":["DemoMod:HardPowerCard","DemoMod:ShadowBullets"],"picked":"DemoMod:EasyReloadBullets+1","floor":25},{"not_picked":["DemoMod:HardPowerCard","DemoMod:LifeOrb+1"],"picked":"DemoMod:MachoBrace+1","floor":27},{"not_picked":["DemoMod:Unmoved","DemoMod:JK47"],"picked":"DemoMod:Polaris","floor":30},{"not_picked":["DemoMod:Polaris","DemoMod:SkilledReload+1"],"picked":"DemoMod:AC15","floor":31},{"not_picked":["DemoMod:HighKaliber","DemoMod:DoubleSwitch+1"],"picked":"DemoMod:AC15","floor":32},{"not_picked":["DemoMod:ZorGun","DemoMod:LifeOrb"],"picked":"DemoMod:TripleGun","floor":33},{"not_picked":["DemoMod:BulletBore","DemoMod:Slinger"],"picked":"DemoMod:BlankBullets","floor":35}],"player_experience":0,"relics_obtained":[{"floor":2,"key":"Civilization"},{"floor":7,"key":"aspiration:FrozenJewel"},{"floor":7,"key":"ReplayFunnel"},{"floor":11,"key":"DemoMod:SerJunkan"},{"floor":12,"key":"GodSword4"},{"floor":12,"key":"DemoMod:Junk"},{"floor":13,"key":"DemoMod:Junk"},{"floor":15,"key":"DemoMod:Junk"},{"floor":18,"key":"DemoMod:Junk"},{"floor":20,"key":"DemoMod:Junk"},{"floor":21,"key":"DemoMod:Junk"},{"floor":24,"key":"DemoMod:Junk"},{"floor":25,"key":"aspiration:Stabinomicon"},{"floor":25,"key":"DemoMod:Junk"},{"floor":27,"key":"GodSword5"},{"floor":27,"key":"DemoMod:Junk"},{"floor":28,"key":"ReplayTheSpireMod:Lightbulb"},{"floor":30,"key":"DemoMod:Junk"},{"floor":31,"key":"LetterFromLob"},{"floor":32,"key":"PillsDrop"},{"floor":32,"key":"Whetstone"}],"event_choices":[{"damage_healed":0,"gold_gain":0,"player_choice":"Fight","damage_taken":0,"max_hp_gain":0,"max_hp_loss":0,"event_name":"HidenRoomEvent","floor":7,"gold_loss":0},{"damage_healed":0,"gold_gain":0,"player_choice":"Take Damage","damage_taken":20,"relics_obtained":["Golden Idol"],"max_hp_gain":0,"max_hp_loss":0,"event_name":"Golden Idol","floor":14,"gold_loss":0},{"damage_healed":0,"gold_gain":0,"cards_transformed":["DemoMod:Roll","DemoMod:ManualReload"],"player_choice":"Became Test Subject","damage_taken":0,"max_hp_gain":0,"max_hp_loss":0,"event_name":"Drug Dealer","floor":23,"gold_loss":0,"cards_obtained":["DemoMod:MachoBrace","DemoMod:CombinedRifle"]},{"damage_healed":0,"gold_gain":0,"player_choice":"Fight","damage_taken":0,"max_hp_gain":0,"max_hp_loss":0,"event_name":"HidenRoomEvent","floor":32,"gold_loss":0}],"is_beta":false,"boss_relics":[{"not_picked":["aspiration:IroncladSkillbook","Empty Cage"],"picked":"MariMod:MariFestivalBadge"},{"not_picked":[]},{"not_picked":["Velvet Choker","JellyFishMachine"],"picked":"conspire:SlowCooker"},{"not_picked":[]}],"items_purged_floors":[3,5,16,19,22,29,36],"is_endless":false,"potions_floor_spawned":[4,7,12,13,25,27,30,33,35],"killed_by":"3 Darklings","ascension_level":0}}