{"host":"chv1qanoipyt46jc","time":1608757361,"event":{"mods":["2.2 Compatiblity","AchievementEnabler","BaseMod","BetterRewards","CapriCore","Card Filter","Conspire","Gold Saver","Grow up Mod","Minty Spire (QoL Compilation)","Rare Cards Sparkle","Relic Filter","Remove Card Discount Mod","Reorder Act Four","StSLib","The Judge"],"gold_per_floor":[917,927,942,956,956,956,972,989,1067,1092,1106,1106,1094,1105,1105,1205,1205,1220,1220,1240,1240,1259,1290,1290,1304,1304,1316,1331,1331,1361,1371,1371,1469,1469,1481,1494,1494,1337,1350,1385,1403,1437,1437,1437,1437,1452,1462,1462,1462,1462,1462,1462,1462,1488,1488,1488],"floor_reached":55,"playtime":2106,"items_purged":["WordoMod:StrikeCard","WordoMod:StrikeCard","WordoMod:StrikeCard","WordoMod:StrikeCard","WordoMod:DefendCard","WordoMod:DefendCard","WordoMod:DefendCard","WordoMod:DefendCard","WordoMod:MaliceSoul","WordoMod:Cleanse","WordoMod:IllWill","WordoMod:Resurrection","WordoMod:BoundlessGreed","WordoMod:FoggyMind"],"score":1177,"play_id":"2a2831ce-228e-4dbe-9afc-9f03de949637","local_time":"20201223150241","is_ascension_mode":false,"campfire_choices":[{"data":"WordoMod:InduceTrauma","floor":6,"key":"SMITH"},{"data":"WordoMod:HoldTheFort","floor":12,"key":"SMITH"},{"floor":15,"key":"RECALL"},{"data":"WordoMod:HoldTheFort","floor":24,"key":"SMITH"},{"floor":32,"key":"REST"},{"floor":44,"key":"REST"},{"floor":49,"key":"REST"},{"floor":53,"key":"REST"}],"circlet_count":0,"master_deck":["WordoMod:Accursed","WordoMod:InduceTrauma+1","WordoMod:HoldTheFort+1","WordoMod:HoldTheFort+1","Clumsy","Clumsy","Normality"],"relics":["WordoMod:Obsidian","WordoMod:Effigy","Molten Egg 2","TheAbacus","conspire:BottledYoYo","Bottled Flame","Centennial Puzzle","MutagenicStrength","Darkstone Periapt","Cursed Key","Medical Kit","Ancient Tea Set","Omamori","conspire:Boomerang","Blue Candle"],"acts_visited":["Exordium","TheCity","TheBeyond","TheEnding"],"potions_floor_usage":[55,55,55],"damage_taken":[{"damage":3,"enemies":"conspire:RoseBush","floor":1,"turns":2},{"damage":0,"enemies":"Small Slimes","floor":2,"turns":2},{"damage":0,"enemies":"Cultist","floor":3,"turns":3},{"damage":0,"enemies":"2 Fungi Beasts","floor":4,"turns":2},{"damage":13,"enemies":"Red Slaver","floor":7,"turns":2},{"damage":0,"enemies":"Large Slime","floor":8,"turns":2},{"damage":4,"enemies":"Gremlin Nob","floor":10,"turns":4},{"damage":0,"enemies":"3 Louse","floor":11,"turns":1},{"damage":0,"enemies":"Blue Slaver","floor":14,"turns":2},{"damage":0,"enemies":"Slime Boss","floor":16,"turns":9},{"damage":0,"enemies":"2 Thieves","floor":18,"turns":4},{"damage":0,"enemies":"Spheric Guardian","floor":20,"turns":3},{"damage":0,"enemies":"3 Cultists","floor":22,"turns":3},{"damage":0,"enemies":"Book of Stabbing","floor":23,"turns":6},{"damage":0,"enemies":"Snecko","floor":25,"turns":4},{"damage":1,"enemies":"conspire:HollyBat","floor":27,"turns":5},{"damage":0,"enemies":"Snake Plant","floor":28,"turns":4},{"damage":0,"enemies":"conspire:Head Lice","floor":30,"turns":3},{"damage":0,"enemies":"Cultist and Chosen","floor":31,"turns":5},{"damage":18,"enemies":"Collector","floor":33,"turns":10},{"damage":0,"enemies":"3 Shapes","floor":35,"turns":3},{"damage":0,"enemies":"3 Darklings","floor":36,"turns":7},{"damage":0,"enemies":"Sphere and 2 Shapes","floor":39,"turns":4},{"damage":0,"enemies":"Reptomancer","floor":40,"turns":7},{"damage":0,"enemies":"Spire Growth","floor":41,"turns":5},{"damage":7,"enemies":"Nemesis","floor":42,"turns":9},{"damage":0,"enemies":"Writhing Mass","floor":46,"turns":5},{"damage":0,"enemies":"Sphere and 2 Shapes","floor":47,"turns":4},{"damage":0,"enemies":"Awakened One","floor":50,"turns":26},{"damage":0,"enemies":"Shield and Spear","floor":54,"turns":12},{"damage":709,"enemies":"The Heart","floor":55,"turns":17}],"seed_played":"-4226203692939564730","potions_obtained":[{"floor":2,"key":"FearPotion"},{"floor":7,"key":"DistilledChaos"},{"floor":16,"key":"Strength Potion"},{"floor":28,"key":"Swift Potion"}],"is_trial":false,"path_per_floor":["M","M","M","M","?","R","M","M","T","E","M","R","$","M","R","B",null,"M","$","M","?","M","E","R","M","T","M","M","?","E","M","R","B",null,"M","M","?","$","M","E","M","E","T","R","?","M","M","$","R","B",null,"$","R","E","B"],"character_chosen":"JUDGE_CLASS","items_purchased":["WordoMod:Resurrection","WordoMod:InduceTrauma","WordoMod:BoundlessGreed","Molten Egg 2","TheAbacus","WordoMod:Cleanse","WordoMod:MaliceSoul","Medical Kit"],"campfire_rested":4,"item_purchase_floors":[0,0,0,0,0,0,0,38],"current_hp_per_floor":[45,55,65,75,90,100,97,107,117,123,133,143,153,163,173,183,260,270,280,290,300,310,320,330,340,350,359,369,379,389,399,410,402,430,440,450,460,470,480,496,506,509,519,536,546,556,566,576,586,596,606,616,626,642,0,0],"gold":1488,"neow_bonus":"","is_daily":false,"chose_seed":false,"campfire_upgraded":3,"win_rate":0.0,"timestamp":1608757361,"path_taken":["M","M","M","M","?","R","M","M","T","E","M","R","$","M","R","BOSS","M","$","M","?","M","E","R","M","T","M","M","?","E","M","R","BOSS","M","M","?","$","M","E","?","E","T","R","?","M","M","$","R","BOSS","$","R","E","BOSS"],"items_purchased_type":["Card","Card","Card","Relic","Relic","Card","Card","Relic"],"build_version":"2020-12-22","purchased_purges":14,"victory":false,"max_hp_per_floor":[95,105,115,125,140,150,160,170,180,190,200,210,220,230,240,250,260,270,280,290,300,310,320,330,340,350,360,370,380,390,400,410,420,430,440,450,460,470,480,496,506,516,526,536,546,556,566,576,586,596,606,616,626,642,642,642],"card_choices":[{"not_picked":["WordoMod:BoundlessGreed","WordoMod:RiskTaker","WordoMod:BadMemories"],"picked":"SKIP","floor":1},{"not_picked":["WordoMod:Parry","WordoMod:Retaliate+1","WordoMod:Malice+1"],"picked":"SKIP","floor":2},{"not_picked":["conspire:NecroticWound","WordoMod:Infected"],"picked":"WordoMod:FoggyMind","floor":3},{"not_picked":["WordoMod:Combo+1","WordoMod:CurseBuckler","WordoMod:DarkBead+1"],"picked":"SKIP","floor":3},{"not_picked":["WordoMod:Taunt","WordoMod:BreakChains"],"picked":"WordoMod:HoldTheFort","floor":4},{"not_picked":["WordoMod:ScatterAshes+1","WordoMod:Sickness+1"],"picked":"WordoMod:HoldTheFort","floor":7},{"not_picked":["Doubt","Normality"],"picked":"Clumsy","floor":8},{"not_picked":["WordoMod:Unchained+1","WordoMod:Sickness+1","WordoMod:LanternFlame+1"],"picked":"SKIP","floor":8},{"not_picked":["WordoMod:HoldTheFort","WordoMod:TheCure+1","WordoMod:Sacrilege"],"picked":"SKIP","floor":10},{"not_picked":["WordoMod:Behead+1","WordoMod:Vulgarity","WordoMod:ProjectilePurge+1"],"picked":"SKIP","floor":11},{"not_picked":["WordoMod:CurseBuckler","WordoMod:BadMemories","WordoMod:BreakChains"],"picked":"SKIP","floor":14},{"not_picked":["WordoMod:FalseDiagnosis","WordoMod:CurseBuckler","WordoMod:ShackleGuard"],"picked":"SKIP","floor":18},{"not_picked":["WordoMod:Sacrilege","WordoMod:Hysteria","WordoMod:GivesYouHell+1"],"picked":"SKIP","floor":20},{"not_picked":["WordoMod:WipingAllOut","WordoMod:Sickness+1","WordoMod:Spite+1"],"picked":"SKIP","floor":22},{"not_picked":["WordoMod:Sacrilege+1","WordoMod:LordOfTheFlies","WordoMod:GreatSeal"],"picked":"SKIP","floor":23},{"not_picked":["WordoMod:BurdenOfSin+1","WordoMod:InfectiousCulture","WordoMod:Repent"],"picked":"SKIP","floor":25},{"not_picked":["WordoMod:InduceTrauma+1","WordoMod:Reading","WordoMod:Repent+1"],"picked":"SKIP","floor":27},{"not_picked":["WordoMod:LanternFlame+1","WordoMod:LordOfTheFlies","WordoMod:Sickness+1"],"picked":"SKIP","floor":28},{"not_picked":["WordoMod:BoundlessGreed","WordoMod:WillOWisp+1","WordoMod:WipingAllOut"],"picked":"SKIP","floor":30},{"not_picked":["WordoMod:MementoMori","WordoMod:Sacrilege+1","WordoMod:Malice+1"],"picked":"SKIP","floor":31},{"not_picked":["WordoMod:FalseDiagnosis+1","WordoMod:SoulSpear+1","WordoMod:Retaliate+1"],"picked":"SKIP","floor":35},{"not_picked":["WordoMod:Contagion","WordoMod:MonkeysPaw","WordoMod:Malice+1"],"picked":"SKIP","floor":36},{"not_picked":["WordoMod:ShackleGuard","WordoMod:Repent","WordoMod:Vulgarity"],"picked":"SKIP","floor":39},{"not_picked":["Injury","WordoMod:Petrified"],"picked":"Clumsy","floor":40},{"not_picked":["WordoMod:LanternFlame+1","WordoMod:EndOfTheWorld","WordoMod:Retaliate+1"],"picked":"SKIP","floor":40},{"not_picked":["WordoMod:GivesYouHell+1","WordoMod:ScatterAshes+1","WordoMod:Combo+1"],"picked":"SKIP","floor":41},{"not_picked":["WordoMod:Sickness+1","WordoMod:Sacrilege","WordoMod:Reading"],"picked":"SKIP","floor":42},{"not_picked":["WordoMod:BreakChains","WordoMod:BeneathTheMask","WordoMod:InduceTrauma+1"],"picked":"SKIP","floor":46},{"not_picked":["WordoMod:MentalFortitude+1","WordoMod:ScatterAshes+1","WordoMod:Contagion+1"],"picked":"SKIP","floor":47},{"not_picked":["Pain","WordoMod:FoggyMind"],"picked":"Normality","floor":54},{"not_picked":["WordoMod:Sickness+1","WordoMod:Rise+1","WordoMod:Reading+1"],"picked":"SKIP","floor":54}],"player_experience":327500,"relics_obtained":[{"floor":10,"key":"conspire:BottledYoYo"},{"floor":23,"key":"Bottled Flame"},{"floor":26,"key":"Centennial Puzzle"},{"floor":30,"key":"Darkstone Periapt"},{"floor":40,"key":"Ancient Tea Set"},{"floor":42,"key":"Omamori"},{"floor":43,"key":"conspire:Boomerang"},{"floor":54,"key":"Blue Candle"}],"event_choices":[{"damage_healed":0,"gold_gain":0,"player_choice":"Donut","damage_taken":0,"max_hp_gain":5,"max_hp_loss":0,"event_name":"Big Fish","floor":5,"gold_loss":0},{"damage_healed":0,"gold_gain":0,"player_choice":"Ignored","damage_taken":0,"max_hp_gain":0,"max_hp_loss":0,"event_name":"Vampires","floor":21,"gold_loss":0},{"damage_healed":0,"gold_gain":0,"player_choice":"Inject Mutagens","damage_taken":0,"relics_obtained":["MutagenicStrength"],"max_hp_gain":0,"max_hp_loss":0,"event_name":"Drug Dealer","floor":29,"gold_loss":0},{"damage_healed":0,"gold_gain":0,"player_choice":"Ignored","damage_taken":0,"max_hp_gain":0,"max_hp_loss":0,"event_name":"SecretPortal","floor":37,"gold_loss":0},{"damage_healed":0,"gold_gain":0,"player_choice":"Ignored","damage_taken":0,"max_hp_gain":0,"max_hp_loss":0,"event_name":"Purifier","floor":45,"gold_loss":0}],"is_beta":false,"boss_relics":[{"not_picked":["Pandora\u0027s Box","conspire:SeveredTorchhead","Astrolabe"]},{"not_picked":["conspire:RunicOctahedron","conspire:SlowCooker"],"picked":"Cursed Key"}],"items_purged_floors":[0,0,0,0,0,0,0,0,13,13,13,13,13,13],"is_endless":false,"potions_floor_spawned":[2,7,8,14,16,18,20,25,28,31,33,40,42,47,54],"killed_by":"The Heart","ascension_level":0}}