{"host":"95i1gxnztdrdyvhi","time":1608688089,"event":{"mods":["AchievementEnabler","Act Like it!","BaseMod","Downfall","Minty Spire (QoL Compilation)","Quick Restart","StSLib"],"gold_per_floor":[99,99,99,99,99,24,74,114,137,74,103,290,26,39,52,152,152,152,169,169,181,198,210,210,23,23,38,38,48,48,81,99,195,195,120,139,124,124,135,135,160,193,193,193,220,41,60,60,60,60],"floor_reached":48,"playtime":4347,"items_purged":["Doubt","Guardian:Strike_Guardian","Guardian:Defend_Guardian"],"score":508,"play_id":"badb34a5-9562-4033-8613-67670c11b997","local_time":"20201223014809","is_ascension_mode":false,"campfire_choices":[{"floor":1.0,"key":"RECALL"},{"data":"Guardian:Orbwalk","floor":6.0,"key":"SMITH"},{"data":"Guardian:WalkerClaw","floor":10.0,"key":"SMITH"},{"data":"Guardian:StasisField","floor":18.0,"key":"SMITH"},{"data":"Guardian:Emergency","floor":28.0,"key":"SMITH"},{"data":"Guardian:Clone","floor":30.0,"key":"SMITH"},{"data":"Guardian:GemFinder","floor":35.0,"key":"SMITH"},{"data":"Guardian:CompilePackage","floor":40,"key":"SMITH"},{"data":"Guardian:Suspension","floor":43,"key":"SMITH"}],"circlet_count":0,"master_deck":["Guardian:Defend_Guardian","Guardian:Defend_Guardian","Guardian:Defend_Guardian","Guardian:CurlUp","Guardian:TwinSlam","Guardian:Clone+1","Guardian:Orbwalk+1","Guardian:Harden","Guardian:WalkerClaw+1","Guardian:BronzeOrb","Guardian:Suspension+1","Guardian:StasisField+1","Guardian:PrimingBeam","Guardian:Suspension+1","Guardian:PrimingBeam","Guardian:Emergency+1","Guardian:PrimingBeam","Guardian:GemFinder+1","Guardian:CompilePackage+1","expansioncontent:DecasProtection","expansioncontent:Collect","Guardian:Recover+1","Guardian:FloatingOrbs","Guardian:TimeSifter"],"relics":["Guardian:ModeShifter","downfall:HeartsMalice","downfall:HeartBlessingRed","MawBank","Guardian:PocketSentry","downfall:HeartBlessingGreen","Black Star","Bag of Preparation","Omamori","Toy Ornithopter","Empty Cage","downfall:HeartBlessingBlue","Blood Vial","Bird Faced Urn","Bottled Flame","Guardian:DefensiveModeMoreBlock","Dream Catcher"],"acts_visited":["Exordium","TheCity","TheBeyond"],"potions_floor_usage":[37,45],"damage_taken":[{"damage":0.0,"enemies":"2 Louse","floor":2.0,"turns":1.0},{"damage":0.0,"enemies":"Small Slimes","floor":4.0,"turns":1.0},{"damage":0.0,"enemies":"Jaw Worm","floor":5.0,"turns":1.0},{"damage":21.0,"enemies":"Lagavulin","floor":8.0,"turns":10.0},{"damage":4.0,"enemies":"Red Slaver","floor":9.0,"turns":4.0},{"damage":0.0,"enemies":"2 Fungi Beasts","floor":11.0,"turns":3.0},{"damage":4.0,"enemies":"downfall:FleeingMerchant","floor":13.0,"turns":4.0},{"damage":11.0,"enemies":"Exordium Thugs","floor":14.0,"turns":6.0},{"damage":0.0,"enemies":"Red Slaver","floor":15.0,"turns":2.0},{"damage":14.0,"enemies":"downfall:Watcher","floor":16.0,"turns":8.0},{"damage":0.0,"enemies":"3 Byrds","floor":19.0,"turns":4.0},{"damage":0.0,"enemies":"Shell Parasite","floor":21.0,"turns":6.0},{"damage":6.0,"enemies":"Centurion and Healer","floor":22.0,"turns":5.0},{"damage":12.0,"enemies":"Snecko","floor":23.0,"turns":5.0},{"damage":0.0,"enemies":"downfall:FleeingMerchant","floor":25.0,"turns":4.0},{"damage":0.0,"enemies":"Snake Plant","floor":27.0,"turns":4.0},{"damage":0.0,"enemies":"Centurion and Healer","floor":29.0,"turns":8.0},{"damage":15.0,"enemies":"Slavers","floor":31.0,"turns":4.0},{"damage":4.0,"enemies":"3 Cultists","floor":32.0,"turns":6.0},{"damage":22.0,"enemies":"downfall:Defect","floor":33.0,"turns":10.0},{"damage":11.0,"enemies":"3 Shapes","floor":36.0,"turns":6.0},{"damage":0,"enemies":"downfall:FleeingMerchant","floor":37,"turns":4},{"damage":0,"enemies":"Orb Walker","floor":39,"turns":4},{"damage":18,"enemies":"Nemesis","floor":42,"turns":11},{"damage":20,"enemies":"Giant Head","floor":45,"turns":8},{"damage":13,"enemies":"downfall:FleeingMerchant","floor":46,"turns":4},{"damage":6,"enemies":"Transient","floor":47,"turns":5},{"damage":0,"enemies":"4 Shapes","floor":48,"turns":1}],"seed_played":"3656653197440677804","potions_obtained":[{"floor":9.0,"key":"Weak Potion"},{"floor":11.0,"key":"Explosive Potion"},{"floor":14.0,"key":"Dexterity Potion"},{"floor":23.0,"key":"AttackPotion"},{"floor":39,"key":"SpeedPotion"},{"floor":47,"key":"SteroidPotion"}],"is_trial":false,"path_per_floor":["R","M","?","M","M","R","T","E","M","R","M","?","$","M","M","B",null,"R","M","?","M","M","M","T","$","?","M","R","M","R","E","M","B",null,"R","M","$","?","M","R","T","E","R","?","E","$","M","M"],"character_chosen":"GUARDIAN","items_purchased":["Guardian:Gem_Orange","Guardian:BronzeOrb","Guardian:Emergency","Guardian:FloatingOrbs"],"campfire_rested":0,"item_purchase_floors":[13,13,25,46],"current_hp_per_floor":[80,80,80,80,80,80,80,59,55,55,55,55,51,40,40,26,80,80,80,80,80,74,62,62,62,62,62,62,62,62,47,43,21,80,90,79,84,74,74,74,74,58,58,58,57,52,58,60,60,60],"gold":60,"neow_bonus":"THREE_ENEMY_KILL","is_daily":false,"chose_seed":false,"campfire_upgraded":8,"win_rate":0.0,"timestamp":1608688089,"path_taken":["R","M","?","M","M","R","T","E","M","R","M","?","$","M","M","BOSS","R","M","?","?","M","M","T","$","?","M","R","M","R","E","M","BOSS","R","M","$","?","M","R","T","E","R","?","E","$","M","?"],"items_purchased_type":["Card","Card","Card","Card"],"build_version":"2020-12-13","purchased_purges":3,"victory":false,"max_hp_per_floor":[80,80,80,80,80,80,80,80,80,80,80,80,80,80,80,80,80,80,80,80,80,80,80,80,80,80,80,80,80,80,80,80,80,80,90,90,90,90,90,90,90,90,90,90,90,90,90,90,90,90],"card_choices":[{"not_picked":["Guardian:Gem_Red","Guardian:ChargeCore"],"picked":"Guardian:Clone","floor":2.0},{"not_picked":["Guardian:Gem_Lightblue","Guardian:PiercingHide"],"picked":"Guardian:Orbwalk","floor":4.0},{"not_picked":["Guardian:TemporalStrike","Guardian:ChargeUp"],"picked":"Guardian:Harden","floor":5.0},{"not_picked":["Guardian:Planning","Guardian:RefractedBeam"],"picked":"Guardian:WalkerClaw","floor":8.0},{"not_picked":["Guardian:PiercingHide","Guardian:CrystalBeam","Guardian:GuardianWhirl"],"picked":"SKIP","floor":9.0},{"not_picked":["Guardian:PiercingHide","Guardian:CrystalBeam","Guardian:GuardianWhirl"],"picked":"SKIP","floor":9.0},{"not_picked":["Guardian:Gem_Red","Guardian:PiercingHide","Guardian:Planning"],"picked":"SKIP","floor":11.0},{"not_picked":["Guardian:MultiBeam","Guardian:ChargeCore"],"picked":"Guardian:Gem_Yellow","floor":13.0},{"not_picked":["Guardian:VentSteam","Guardian:Planning"],"picked":"Guardian:Gem_Blue","floor":14.0},{"not_picked":["Guardian:Recover","Guardian:BronzeOrb"],"picked":"Guardian:Suspension","floor":15.0},{"not_picked":["Guardian:SphericShield","Guardian:GemFire"],"picked":"Guardian:StasisField","floor":16.0},{"not_picked":["Guardian:Recover","Guardian:DonusPower"],"picked":"Guardian:PrimingBeam","floor":19.0},{"not_picked":["Guardian:VentSteam","Guardian:DonusPower","Guardian:TemporalStrike"],"picked":"SKIP","floor":21.0},{"not_picked":["Guardian:RollAttack+1","Guardian:TemporalStrike","Guardian:VentSteam"],"picked":"SKIP","floor":22.0},{"not_picked":["Guardian:MultiBeam","Guardian:CrystalBeam"],"picked":"Guardian:Suspension","floor":23.0},{"not_picked":["Guardian:Recover","Guardian:RollAttack+1"],"picked":"Guardian:PrimingBeam","floor":25.0},{"not_picked":["Guardian:TimeCapacitor","Guardian:Gem_White","Guardian:Planning+1"],"picked":"SKIP","floor":27.0},{"not_picked":["Guardian:VentSteam","Guardian:CrystalBeam"],"picked":"Guardian:Gem_Lightblue","floor":29.0},{"not_picked":["Guardian:GemFire","Guardian:ChargeCore"],"picked":"Guardian:PrimingBeam","floor":31.0},{"not_picked":["Guardian:TimeBomb+1","Guardian:Clone","Guardian:BronzeArmor"],"picked":"SKIP","floor":32.0},{"not_picked":["Guardian:GemFire","Guardian:ConstructionForm"],"picked":"Guardian:GemFinder","floor":33.0},{"not_picked":["Guardian:ShieldCharger+1","Guardian:VentSteam+1"],"picked":"Guardian:CompilePackage","floor":36},{"not_picked":["Guardian:Clone","Guardian:ShieldCharger","Guardian:PiercingHide"],"picked":"SKIP","floor":37},{"not_picked":["expansioncontent:PolyBeam","expansioncontent:BronzeBeam"],"picked":"expansioncontent:DecasProtection","floor":38},{"not_picked":["expansioncontent:BronzeBeam","expansioncontent:TimeRipple"],"picked":"expansioncontent:Collect","floor":38},{"not_picked":["Guardian:MultiBeam","Guardian:WalkerClaw"],"picked":"Guardian:Gem_Yellow","floor":39},{"not_picked":["Guardian:Gem_Cyan","Guardian:CrystalBeam+1","Guardian:TemporalStrike"],"picked":"SKIP","floor":42},{"not_picked":["Guardian:TimeBomb","Guardian:Gem_Cyan"],"picked":"Guardian:Recover+1","floor":45},{"not_picked":["Guardian:BronzeOrb+1","Guardian:Suspension+1","Guardian:Gem_Green"],"picked":"SKIP","floor":46},{"not_picked":["Guardian:Incinerate+1","Guardian:Gem_Crimson"],"picked":"Guardian:TimeSifter","floor":47}],"player_experience":784978,"relics_obtained":[{"floor":7.0,"key":"MawBank"},{"floor":8.0,"key":"Guardian:PocketSentry"},{"floor":20.0,"key":"Bag of Preparation"},{"floor":31.0,"key":"Omamori"},{"floor":31.0,"key":"Toy Ornithopter"},{"floor":41,"key":"Blood Vial"},{"floor":42,"key":"Bird Faced Urn"},{"floor":42,"key":"Bottled Flame"},{"floor":45,"key":"Guardian:DefensiveModeMoreBlock"},{"floor":45,"key":"Dream Catcher"}],"event_choices":[{"cards_removed":["Guardian:Strike_Guardian"],"damage_healed":0.0,"max_hp_gain":0.0,"max_hp_loss":0.0,"gold_gain":0.0,"event_name":"The Cleric","player_choice":"Card Removal","floor":3.0,"gold_loss":0.0,"damage_taken":0.0},{"damage_healed":0.0,"max_hp_gain":0.0,"max_hp_loss":0.0,"gold_gain":0.0,"event_name":"Wheel of Change","player_choice":"Relic","floor":20.0,"gold_loss":0.0,"damage_taken":0.0},{"damage_healed":0.0,"max_hp_gain":0.0,"max_hp_loss":0.0,"gold_gain":0.0,"event_name":"Ghosts","player_choice":"Ignored","floor":26.0,"gold_loss":0.0,"damage_taken":0.0}],"is_beta":false,"boss_relics":[{"not_picked":["sneckomod:SneckoTalon","Astrolabe"],"picked":"Black Star"},{"not_picked":["Sozu","Runic Dome"],"picked":"Empty Cage"}],"items_purged_floors":[13,25,46],"is_endless":false,"potions_floor_spawned":[9,11,14,16,19,23,29,33,39,47],"killed_by":"4 Shapes","ascension_level":0}}