{"host":"ju66gn9zov5ov15o","time":1608732201,"event":{"mods":["2.2 Compatiblity","Act Like it!","BaseMod","Downfall","GifTheSpireLib","Minty Spire (QoL Compilation)","Pale of the Ancients","StSLib"],"gold_per_floor":[99,99,99,199,299,224,279,314,314,314,333,633,60,89,103,103,103,103],"floor_reached":16,"playtime":521,"items_purged":[],"score":104,"play_id":"ac01812b-678e-46e6-aa1e-04b51aa029a4","local_time":"20201223150321","is_ascension_mode":false,"campfire_choices":[{"floor":1,"key":"RECALL"},{"data":"champ:RecklessLeap","floor":6,"key":"SMITH"},{"floor":9,"key":"REST"}],"circlet_count":0,"master_deck":["champ:Strike","champ:Strike","champ:Strike","champ:Strike","champ:Defend","champ:Defend","champ:Defend","champ:Defend","champ:Execute","champ:Taunt","champ:DefensiveShout","champ:RecklessLeap+1","champ:BringItOn","champ:RageSigil+1","champ:FocusedDefense","Slimebound:Icky","Slimebound:Icky","champ:SteelEdge","champ:FightOn","champ:AdrenalArmor+1"],"relics":["champ:ChampionCrown","downfall:HeartsMalice","Champion Belt","downfall:HeartBlessingRed","Dream Catcher","Gambling Chip","Toxic Egg 2","Shuriken","Smiling Mask"],"acts_visited":["Exordium"],"potions_floor_usage":[13,13,16],"damage_taken":[{"damage":0,"enemies":"Jaw Worm","floor":2,"turns":1},{"damage":0,"enemies":"2 Louse","floor":3,"turns":1},{"damage":0,"enemies":"2 Louse","floor":5,"turns":1},{"damage":57,"enemies":"Lagavulin","floor":8,"turns":5},{"damage":20,"enemies":"Small Slimes","floor":11,"turns":3},{"damage":35,"enemies":"downfall:FleeingMerchant","floor":13,"turns":4},{"damage":66,"enemies":"Gremlin Nob","floor":14,"turns":5},{"damage":40,"enemies":"Gremlin Gang","floor":15,"turns":5},{"damage":31,"enemies":"downfall:Silent","floor":16,"turns":4}],"seed_played":"2568731453004612215","potions_obtained":[{"floor":5,"key":"Fire Potion"},{"floor":11,"key":"ColorlessPotion"},{"floor":15,"key":"champ:OpenerPotion"}],"is_trial":false,"path_per_floor":["R","M","M","?","?","R","T","E","R","?","M","?","$","E","M","B"],"character_chosen":"THE_CHAMP","items_purchased":["Toxic Egg 2","Shuriken","champ:SteelEdge"],"campfire_rested":1,"item_purchase_floors":[13,13,13],"current_hp_per_floor":[90,90,90,90,90,90,90,63,90,90,90,90,80,42,30,0,0,0],"gold":103,"neow_bonus":"THREE_ENEMY_KILL","is_daily":false,"chose_seed":false,"campfire_upgraded":1,"win_rate":0.0,"timestamp":1608732201,"path_taken":["R","M","M","?","?","R","T","E","R","?","?","?","$","E","M","BOSS"],"items_purchased_type":["Relic","Relic","Card"],"build_version":"2020-12-22","purchased_purges":0,"victory":false,"max_hp_per_floor":[90,90,90,90,90,90,90,90,90,90,90,90,90,90,90,90,90,90],"card_choices":[{"not_picked":["champ:FlashCut","champ:PerfectedStrike"],"picked":"champ:DefensiveShout","floor":2},{"not_picked":["champ:Haymaker","champ:PerfectedStrike","champ:Shatter"],"picked":"SKIP","floor":3},{"not_picked":["champ:DefensiveShout","champ:PerfectedStrike"],"picked":"champ:RecklessLeap","floor":5},{"not_picked":["champ:Encircle","champ:StrikeOfGenius"],"picked":"champ:BringItOn","floor":8},{"not_picked":["champ:FocusedDefense","champ:EnGarde"],"picked":"champ:RageSigil","floor":9},{"not_picked":["champ:FocusedGladiator","champ:Haymaker"],"picked":"champ:FocusedDefense","floor":11},{"not_picked":["champ:PerfectedStrike","champ:FanOfKnives","champ:Haymaker"],"picked":"SKIP","floor":13},{"not_picked":["champ:CalledShot","champ:HeavySlash"],"picked":"champ:FightOn","floor":14},{"not_picked":["champ:FlashCut","champ:Backstep+1"],"picked":"champ:AdrenalArmor+1","floor":15}],"player_experience":195283,"relics_obtained":[{"floor":5,"key":"Champion Belt"},{"floor":7,"key":"Dream Catcher"},{"floor":8,"key":"Gambling Chip"},{"floor":14,"key":"Smiling Mask"}],"event_choices":[{"damage_healed":0,"gold_gain":0,"player_choice":"Upgraded","damage_taken":0,"max_hp_gain":0,"max_hp_loss":0,"event_name":"Upgrade Shrine","floor":10,"gold_loss":0,"cards_upgraded":["champ:RageSigil"]}],"is_beta":false,"boss_relics":[],"items_purged_floors":[],"is_endless":false,"potions_floor_spawned":[5,11,15],"killed_by":"downfall:Silent","ascension_level":0}}