{"host":"gj32n68c553yo87c","time":1608763604,"event":{"mods":["BaseMod","Downfall","Jorbs\u0027s Wanderer Trilogy","Minty Spire (QoL Compilation)","Replay The Spire","StSLib"],"gold_per_floor":[115,127,52,52,69,69,94,61,61,61,61,161,161,161,161,257,257,280,550,197,207,220,220,231,330,330,284,300,130,146,146,146,251,251,269,286,299,313,313,313,324,23,72,85,85,85,130,160,160,160],"floor_reached":51,"playtime":7790,"items_purged":["stsjorbsmod:Strike_Wanderer","stsjorbsmod:Strike_Wanderer"],"score":631,"play_id":"2059f947-364c-4dce-86f0-1e93345b1740","local_time":"20201223144643","is_ascension_mode":false,"campfire_choices":[{"data":"stsjorbsmod:TinyHut","floor":6.0,"key":"SMITH"},{"data":"stsjorbsmod:Defend_Wanderer","floor":11.0,"key":"SMITH"},{"data":"stsjorbsmod:Defend_Wanderer","floor":13.0,"key":"SMITH"},{"data":"stsjorbsmod:FracturedMind","floor":23.0,"key":"SMITH"},{"floor":32.0,"key":"REST"},{"floor":46.0,"key":"REST"},{"floor":49.0,"key":"REST"}],"circlet_count":0,"master_deck":["stsjorbsmod:ForbiddenGrimoire+1","stsjorbsmod:Defend_Wanderer+1","stsjorbsmod:Defend_Wanderer+1","stsjorbsmod:Defend_Wanderer+1","stsjorbsmod:Defend_Wanderer+1","stsjorbsmod:EyeOfTheStorm+1","stsjorbsmod:TinyHut+1","stsjorbsmod:Firebolt+1","stsjorbsmod:Fear+1","stsjorbsmod:SiphonEnergy+1","stsjorbsmod:FracturedMind+1","stsjorbsmod:Firebolt+1","expansioncontent:QuickStudy+1","stsjorbsmod:GatherPower+1","CurseOfTheBell","stsjorbsmod:IvoryTower+1","stsjorbsmod:MistyStep+1"],"relics":["stsjorbsmod:GrimoireRelic","Counterbalance","Meat on the Bone","Replay:Bronze Core","Guide Book","Pantograph","Calling Bell","stsjorbsmod:BottledMemoryRelic","Golden Egg","Gambling Chip","ClockworkSouvenir","Anchor","Replay:Rubber Ducky","Mango"],"acts_visited":["TheCity","TheBeyond"],"potions_floor_usage":[50],"damage_taken":[{"damage":10.0,"enemies":"Cultist","floor":1.0,"turns":4.0},{"damage":1.0,"enemies":"Jaw Worm","floor":2.0,"turns":4.0},{"damage":0.0,"enemies":"2 Louse","floor":5.0,"turns":5.0},{"damage":15.0,"enemies":"Replay:BlueRogue","floor":7.0,"turns":7.0},{"damage":22.0,"enemies":"Exordium Thugs","floor":8.0,"turns":7.0},{"damage":0.0,"enemies":"Gremlin Gang","floor":14.0,"turns":4.0},{"damage":18.0,"enemies":"Hexaghost","floor":16.0,"turns":7.0},{"damage":0.0,"enemies":"3 Byrds","floor":18.0,"turns":5.0},{"damage":20.0,"enemies":"Spheric Guardian","floor":21.0,"turns":7.0},{"damage":0.0,"enemies":"Shelled Parasite and Fungi","floor":22.0,"turns":4.0},{"damage":0.0,"enemies":"Centurion and Healer","floor":24.0,"turns":4.0},{"damage":2.0,"enemies":"Sentry and Sphere","floor":28.0,"turns":6.0},{"damage":0.0,"enemies":"Snake Plant","floor":30.0,"turns":3.0},{"damage":37.0,"enemies":"Collector","floor":33.0,"turns":11.0},{"damage":6.0,"enemies":"3 Shapes","floor":35.0,"turns":5.0},{"damage":0.0,"enemies":"3 Darklings","floor":36.0,"turns":5.0},{"damage":2.0,"enemies":"Transient","floor":37.0,"turns":3.0},{"damage":0.0,"enemies":"Writhing Mass","floor":38.0,"turns":3.0},{"damage":24.0,"enemies":"Nemesis","floor":40.0,"turns":6.0},{"damage":0.0,"enemies":"3 Darklings","floor":41.0,"turns":7.0},{"damage":0.0,"enemies":"4 Shapes","floor":44.0,"turns":6.0},{"damage":0.0,"enemies":"2 Orb Walkers","floor":47.0,"turns":5.0},{"damage":0.0,"enemies":"Jaw Worm Horde","floor":48.0,"turns":4.0},{"damage":15,"enemies":"Replay:Hell Engine","floor":50,"turns":12}],"seed_played":"-2327486867836956440","potions_obtained":[{"floor":1.0,"key":"SpeedPotion"},{"floor":7.0,"key":"champ:CounterPotion"},{"floor":8.0,"key":"Milkshake"},{"floor":24.0,"key":"stsjorbsmod:BurningPotion"},{"floor":33.0,"key":"SneckoOil"},{"floor":35.0,"key":"Doom Potion"}],"is_trial":false,"path_per_floor":["M","M","$","?","M","R","E","M","T","?","R","?","R","M","R","B",null,"M","?","$","M","M","R","M","?","T","$","M","$","M","?","R","B",null,"M","M","M","M","?","E","M","$","T","M","?","R","?","M","R","B",null],"character_chosen":"WANDERER","items_purchased":["Guide Book","Flashbang","stsjorbsmod:Firebolt","expansioncontent:QuickStudy","ClockworkSouvenir","Anchor"],"campfire_rested":3,"item_purchase_floors":[20,20,27,29,42,42],"current_hp_per_floor":[60,63,63,63,69,69,54,32,32,32,32,32,32,47,68,50,72,74,47,47,39,41,41,44,44,44,44,47,47,48,48,70,49,74,71,73,73,74,70,49,54,54,54,56,56,70,84,84,84,69],"gold":160,"neow_bonus":"RANDOM_EVENT","is_daily":false,"chose_seed":false,"campfire_upgraded":4,"win_rate":0.0,"timestamp":1608763603,"path_taken":["M","M","$","?","?","R","E","M","T","?","R","?","R","?","R","BOSS","M","?","$","?","M","R","M","?","T","$","M","$","M","?","R","BOSS","M","M","M","M","?","E","M","$","T","M","?","R","?","M","R","BOSS"],"items_purchased_type":["Relic","Potion","Card","Card","Relic","Relic"],"build_version":"2020-12-13","purchased_purges":2,"victory":true,"max_hp_per_floor":[68,70,70,70,72,72,72,72,72,72,72,72,72,72,72,72,72,74,74,74,74,74,74,74,74,74,74,74,74,74,74,74,74,74,74,74,74,74,70,70,70,70,70,70,70,70,84,84,84,84],"card_choices":[{"not_picked":["stsjorbsmod:LoseGrip","stsjorbsmod:ScorchingRay"],"picked":"stsjorbsmod:TinyHut","floor":1.0},{"not_picked":["stsjorbsmod:ArcaneWeapon","stsjorbsmod:TrueStrike","stsjorbsmod:Channel"],"picked":"SKIP","floor":2.0},{"not_picked":["stsjorbsmod:ParryingBlow","stsjorbsmod:Prepare","stsjorbsmod:TinyHut"],"picked":"SKIP","floor":5.0},{"not_picked":["stsjorbsmod:BurningFlask","stsjorbsmod:FindFamiliar","stsjorbsmod:Inferno"],"picked":"SKIP","floor":7.0},{"not_picked":["stsjorbsmod:Firebolt","stsjorbsmod:LoseGrip","stsjorbsmod:TollTheDead"],"picked":"SKIP","floor":8.0},{"not_picked":["stsjorbsmod:LoseGrip","stsjorbsmod:TollTheDead"],"picked":"stsjorbsmod:Firebolt","floor":8.0},{"not_picked":["stsjorbsmod:HoldMonster","stsjorbsmod:Feast"],"picked":"stsjorbsmod:SiphonEnergy","floor":16.0},{"not_picked":["stsjorbsmod:WeightOfMemory","stsjorbsmod:Stalwart","stsjorbsmod:ScorchingRay"],"picked":"SKIP","floor":18.0},{"not_picked":["stsjorbsmod:DoubleCheck","stsjorbsmod:Mania"],"picked":"stsjorbsmod:FracturedMind","floor":21.0},{"not_picked":["stsjorbsmod:TrueStrike+1","stsjorbsmod:BurningFlask","stsjorbsmod:FracturedMind"],"picked":"SKIP","floor":22.0},{"not_picked":["stsjorbsmod:Mania","stsjorbsmod:ScorchingRay","stsjorbsmod:TrueStrike+1"],"picked":"SKIP","floor":24.0},{"not_picked":["stsjorbsmod:Introspection","stsjorbsmod:MagicMirror","stsjorbsmod:AnimateObjects"],"picked":"SKIP","floor":28.0},{"not_picked":["stsjorbsmod:Materialize","stsjorbsmod:DoubleCheck","stsjorbsmod:Hurt"],"picked":"SKIP","floor":30.0},{"not_picked":["stsjorbsmod:MirrorImage","stsjorbsmod:Trauma"],"picked":"stsjorbsmod:GatherPower","floor":33.0},{"not_picked":["stsjorbsmod:UnseenServant+1","stsjorbsmod:TollTheDead","stsjorbsmod:WanderingMind"],"picked":"SKIP","floor":35.0},{"not_picked":["stsjorbsmod:Hurt","stsjorbsmod:ParryingBlow+1","stsjorbsmod:Prepare"],"picked":"SKIP","floor":36.0},{"not_picked":["stsjorbsmod:TrueStrike+1","stsjorbsmod:FracturedMind","stsjorbsmod:Materialize+1"],"picked":"SKIP","floor":37.0},{"not_picked":["stsjorbsmod:Channel+1","stsjorbsmod:Inferno+1","stsjorbsmod:MistyStep+1"],"picked":"SKIP","floor":38.0},{"not_picked":["stsjorbsmod:Channel+1","stsjorbsmod:Inferno+1","stsjorbsmod:MistyStep+1"],"picked":"SKIP","floor":38.0},{"not_picked":["stsjorbsmod:MistyStep","stsjorbsmod:Firebolt+1"],"picked":"stsjorbsmod:IvoryTower","floor":41.0},{"not_picked":["stsjorbsmod:DisguiseSelf+1","stsjorbsmod:MageArmor+1"],"picked":"stsjorbsmod:MistyStep+1","floor":44.0},{"not_picked":["stsjorbsmod:Materialize","stsjorbsmod:FracturedMind+1","stsjorbsmod:ChatteringStrike+1"],"picked":"SKIP","floor":48.0}],"player_experience":49477,"relics_obtained":[{"floor":7.0,"key":"Counterbalance"},{"floor":9.0,"key":"Meat on the Bone"},{"floor":26.0,"key":"Pantograph"},{"floor":34.0,"key":"stsjorbsmod:BottledMemoryRelic"},{"floor":34.0,"key":"Golden Egg"},{"floor":34.0,"key":"Gambling Chip"},{"floor":43.0,"key":"Replay:Rubber Ducky"},{"floor":47.0,"key":"Mango"}],"event_choices":[{"cards_removed":["stsjorbsmod:Strike_Wanderer"],"damage_healed":0.0,"max_hp_gain":0.0,"max_hp_loss":0.0,"gold_gain":0.0,"event_name":"Bonfire Elementals","player_choice":"Offered Basic","floor":4.0,"gold_loss":0.0,"damage_taken":0.0},{"damage_healed":0.0,"max_hp_gain":0.0,"max_hp_loss":0.0,"gold_gain":100.0,"event_name":"Wheel of Change","player_choice":"Gold","floor":12.0,"gold_loss":0.0,"damage_taken":0.0},{"damage_healed":0.0,"max_hp_gain":0.0,"max_hp_loss":0.0,"gold_gain":270.0,"event_name":"Knowing Skull","player_choice":"GOLD GOLD GOLD ","floor":19.0,"potions_obtained":[],"gold_loss":0.0,"damage_taken":27.0,"cards_obtained":[]},{"damage_healed":0.0,"max_hp_gain":0.0,"max_hp_loss":0.0,"gold_gain":99.0,"event_name":"Nest","player_choice":"Stole From Cult","floor":25.0,"gold_loss":0.0,"damage_taken":0.0},{"damage_healed":0.0,"max_hp_gain":0.0,"max_hp_loss":0.0,"gold_gain":0.0,"event_name":"Transmorgrifier","player_choice":"Ignored","floor":31.0,"gold_loss":0.0,"damage_taken":0.0},{"damage_healed":0.0,"max_hp_gain":0.0,"max_hp_loss":4.0,"gold_gain":0.0,"event_name":"Winding Halls","player_choice":"Max HP","floor":39.0,"gold_loss":0.0,"damage_taken":0.0},{"damage_healed":0.0,"max_hp_gain":0.0,"max_hp_loss":0.0,"gold_gain":0.0,"event_name":"Mysterious Sphere","player_choice":"Fight","floor":47.0,"gold_loss":0.0,"damage_taken":0.0}],"is_beta":false,"boss_relics":[{"not_picked":["ReplayTheSpireMod:DimensionalGlitch","ChewingGum"],"picked":"Replay:Bronze Core"},{"not_picked":["Coffee Dripper","Painkiller Herb"],"picked":"Calling Bell"}],"items_purged_floors":[3,20],"is_endless":false,"potions_floor_spawned":[1,7,8,14,22,24,30,33,35,36,37,40],"ascension_level":0}}