{"host":"btj53a7qlsawl9sy","time":1608729216,"event":{"mods":["Act Like it!","BaseMod","Better Vampires","Colored Powertips","Gensokyo","Luminous","Marisa（F雨　魔理沙）","Marked Mod","Minty Spire (QoL Compilation)","Quick Restart","Reimu（博丽灵梦）","Relic Stats","Remilia（蕾米莉亚）","Replay The Spire","Spicy Shops","StSLib","The Administrix","The Hierophant","The Servant 0.9.4","Waifu the Spire","WarShipGirlsR/战舰少女R mod","Youmu（魂魄妖梦）","Yuyuko","vexMod","【东方二次创作】八云紫mod","【遗物卡牌】REMEMod"],"gold_per_floor":[115,128,10,25,25,44,71,71,71,87,97,72,172,187,187,289,289,304,304,317,317,396,421,421,432,432,432,450,462,477,477,477,577,577,596,44,96,112,112,112],"floor_reached":39,"playtime":1910,"items_purged":[],"score":455,"play_id":"4a5423ce-978b-465f-885c-8e41fe26f8b6","local_time":"20201223211336","is_ascension_mode":false,"campfire_choices":[{"floor":8,"key":"REST"},{"floor":15,"key":"DIG"},{"floor":24,"key":"REST"},{"floor":27,"key":"REST"},{"floor":32,"key":"REST"}],"circlet_count":0,"master_deck":["Defend_MRS","Defend_MRS","Defend_MRS","Defend_MRS","MasterSpark","UpSweep","Defend_P","AdministrixMod:Daybreak","DeepEcoloBomb","IllusionStar","MilkyWay","LuminesStrike","MysteriousBeam","Turbo","6A","Conserve Battery","GravityBeat","Hello World","UltimateShortwave","AsteroidBelt","SuperPerseids","CollectingQuirk","MeteoricShower","MysteriousBeam","ChargeUpSpray","UltimateShortwave","MilkyWay+1","Bite","Bite","Bite","Bite","MillisecondPulsars","PulseMagic","GasGiant+1","Singularity"],"relics":["REME_ComplimentaryCards","Unceasing Top","m_SpellCore","Pocketwatch","vexMod:ScavengeHelm","Mirror","ReplayTheSpireMod:DimensionalGlitch","MutagenicStrength","Snack Pack","Quantum Egg","Kunai","Replay:Bronze Core","SimpleLauncher","ReplayTheSpireMod:Shallot","CatCart"],"acts_visited":["Exordium","TheCity","TheBeyond"],"potions_floor_usage":[14,14,16,23,30,30,33,37],"damage_taken":[{"damage":6,"enemies":"Jaw Worm","floor":1,"turns":3},{"damage":0,"enemies":"Cultist","floor":2,"turns":3},{"damage":3,"enemies":"Small Slimes","floor":4,"turns":3},{"damage":2,"enemies":"3 Louse","floor":6,"turns":2},{"damage":19,"enemies":"Lagavulin","floor":7,"turns":6},{"damage":0,"enemies":"Large Slime","floor":10,"turns":1},{"damage":1,"enemies":"Blue Slaver","floor":11,"turns":3},{"damage":5,"enemies":"Gremlin Gang","floor":14,"turns":2},{"damage":21,"enemies":"Hexaghost","floor":16,"turns":6},{"damage":0,"enemies":"Chosen","floor":18,"turns":4},{"damage":13,"enemies":"2 Thieves","floor":20,"turns":3},{"damage":27,"enemies":"Slavers","floor":23,"turns":5},{"damage":16,"enemies":"Snake Plant","floor":25,"turns":4},{"damage":22,"enemies":"Snecko","floor":28,"turns":4},{"damage":0,"enemies":"Cultist and Chosen","floor":29,"turns":5},{"damage":28,"enemies":"Chosen and Byrds","floor":30,"turns":5},{"damage":35,"enemies":"Collector","floor":33,"turns":8},{"damage":5,"enemies":"Orb Walker","floor":35,"turns":4},{"damage":47,"enemies":"Orin","floor":37,"turns":17},{"damage":11,"enemies":"3 Darklings","floor":38,"turns":6},{"damage":33,"enemies":"Mind Bloom Boss Battle","floor":39,"turns":6}],"seed_played":"-7413503087541825624","potions_obtained":[{"floor":2,"key":"SkillPotion"},{"floor":6,"key":"GrandPatriotsElixir:ReiMu"},{"floor":7,"key":"LiquidBronze"},{"floor":16,"key":"GrandPatriotsElixir:ReiMu"},{"floor":20,"key":"Fire Potion"},{"floor":23,"key":"DuplicationPotion"},{"floor":28,"key":"Weak Potion"},{"floor":33,"key":"GamblersBrew"}],"is_trial":false,"path_per_floor":["M","M","$","M","?","M","E","R","T","M","M","?","?","M","R","B",null,"M","?","M","?","T","E","R","M","T","R","M","M","M","?","R","B",null,"M","$","?","M","?"],"character_chosen":"MARISA","items_purchased":["MilkyWay","LuminesStrike","SimpleLauncher","ReplayTheSpireMod:Shallot"],"campfire_rested":4,"item_purchase_floors":[3,3,36,36],"current_hp_per_floor":[69,69,69,66,66,64,45,67,67,67,66,66,66,61,61,40,75,75,75,62,62,62,37,59,45,45,67,47,49,22,22,39,14,57,53,53,24,21,0,0],"gold":112,"neow_bonus":"ONE_RARE_RELIC","is_daily":false,"chose_seed":false,"campfire_upgraded":0,"win_rate":0.0,"timestamp":1608729216,"path_taken":["M","M","$","M","?","M","E","R","T","M","M","?","?","?","R","BOSS","M","?","M","?","?","E","R","?","T","R","M","M","M","?","R","BOSS","M","$","?","M","?"],"items_purchased_type":["Card","Card","Relic","Relic"],"build_version":"2020-12-22","purchased_purges":0,"victory":false,"max_hp_per_floor":[75,75,75,75,75,75,75,75,75,75,75,75,75,75,75,75,75,75,75,75,75,75,75,75,75,75,75,75,75,75,57,57,57,57,57,57,57,57,57,57],"relic_stats":{"counters":[21,100],"Kunai":[26],"obtain_stats":[{"vexMod:ScavengeHelm":9,"Quantum Egg":23,"m_SpellCore":5,"ReplayTheSpireMod:Shallot":36,"Mummified Hand":16,"MutagenicStrength":19,"Replay:Bronze Core":34,"Snack Pack":22,"MiniHakkero":0,"Kunai":26,"CatCart":37,"Mirror":15,"ReplayTheSpireMod:DimensionalGlitch":17,"Unceasing Top":0,"SimpleLauncher":36,"REME_ComplimentaryCards":0,"Pocketwatch":7},{"vexMod:ScavengeHelm":5,"Quantum Egg":12,"m_SpellCore":3,"ReplayTheSpireMod:Shallot":18,"Mummified Hand":9,"MutagenicStrength":10,"Replay:Bronze Core":17,"Snack Pack":11,"MiniHakkero":0,"Kunai":13,"CatCart":19,"Mirror":8,"ReplayTheSpireMod:DimensionalGlitch":9,"Unceasing Top":0,"SimpleLauncher":18,"REME_ComplimentaryCards":0,"Pocketwatch":5},{"vexMod:ScavengeHelm":17,"Quantum Egg":41,"m_SpellCore":9,"ReplayTheSpireMod:Shallot":71,"Mummified Hand":26,"MutagenicStrength":33,"Replay:Bronze Core":67,"Snack Pack":36,"MiniHakkero":0,"Kunai":45,"CatCart":88,"Mirror":23,"ReplayTheSpireMod:DimensionalGlitch":29,"Unceasing Top":0,"SimpleLauncher":71,"REME_ComplimentaryCards":0,"Pocketwatch":17}],"Unceasing Top":[19],"Pocketwatch":[30]},"card_choices":[{"not_picked":["LuminesStrike","ShootingEcho"],"picked":"DeepEcoloBomb","floor":1},{"not_picked":["GalacticHalo","MilkyWay"],"picked":"IllusionStar","floor":2},{"not_picked":["Occultation","SporeBomb"],"picked":"MysteriousBeam","floor":4},{"not_picked":["GalacticHalo","ReplayTheSpireMod:Calculation Training"],"picked":"Turbo","floor":6},{"not_picked":["Capacitor","Aggregate"],"picked":"6A","floor":7},{"not_picked":["Orbital","SporeBomb"],"picked":"Conserve Battery","floor":10},{"not_picked":["BlazeAway","Occultation"],"picked":"GravityBeat","floor":11},{"not_picked":["DarkSpark","NonDirectionalLaser"],"picked":"Hello World","floor":14},{"not_picked":["ManaRampage","All For One"],"picked":"UltimateShortwave","floor":16},{"not_picked":["StarlightTyphoon","GalacticHalo"],"picked":"AsteroidBelt","floor":18},{"not_picked":["WitchOfGreed+1","GravityBeat+1"],"picked":"SuperPerseids","floor":20},{"not_picked":[],"picked":"CollectingQuirk","floor":21},{"not_picked":["ShootTheMoon","LuminesStrike"],"picked":"MeteoricShower","floor":23},{"not_picked":["GravityBeat","AsteroidBelt"],"picked":"MysteriousBeam","floor":25},{"not_picked":["Orbital+1","SporeBomb"],"picked":"ChargeUpSpray","floor":28},{"not_picked":["Acceleration","6A"],"picked":"UltimateShortwave","floor":29},{"not_picked":["EnergyFlow+1","FairyDestructionRay"],"picked":"MilkyWay+1","floor":30},{"not_picked":["SatelliteIllusion","BinaryStars"],"picked":"MillisecondPulsars","floor":33},{"not_picked":["6A","WitchLeyline"],"picked":"PulseMagic","floor":35},{"not_picked":["LuminesStrike","DoubleSpark"],"picked":"GasGiant+1","floor":37},{"not_picked":["Robbery","UnstableBomb"],"picked":"Singularity","floor":38}],"player_experience":107301,"relics_obtained":[{"floor":7,"key":"Pocketwatch"},{"floor":9,"key":"vexMod:ScavengeHelm"},{"floor":15,"key":"Mirror"},{"floor":22,"key":"Snack Pack"},{"floor":23,"key":"Quantum Egg"},{"floor":26,"key":"Kunai"},{"floor":37,"key":"CatCart"}],"event_choices":[{"damage_healed":0,"gold_gain":100,"player_choice":"Gold","damage_taken":0,"max_hp_gain":0,"max_hp_loss":0,"event_name":"Wheel of Change","floor":13,"gold_loss":0},{"damage_healed":0,"gold_gain":0,"player_choice":"Inject Mutagens","damage_taken":0,"relics_obtained":["MutagenicStrength"],"max_hp_gain":0,"max_hp_loss":0,"event_name":"Drug Dealer","floor":19,"gold_loss":0},{"damage_healed":0,"gold_gain":0,"player_choice":"Became a vampire","damage_taken":0,"max_hp_gain":0,"max_hp_loss":18,"event_name":"Vampires","floor":31,"gold_loss":0,"cards_obtained":["Bite","Bite","Bite","Bite"]},{"damage_healed":0,"gold_gain":0,"player_choice":"Fight","damage_taken":0,"max_hp_gain":0,"max_hp_loss":0,"event_name":"OrinTheCat","floor":37,"gold_loss":0},{"damage_healed":0,"gold_gain":0,"player_choice":"Fight","damage_taken":0,"max_hp_gain":0,"max_hp_loss":0,"event_name":"MindBloom","floor":39,"gold_loss":0}],"is_beta":false,"boss_relics":[{"not_picked":["REME_DuelDisc","Calling Bell"],"picked":"ReplayTheSpireMod:DimensionalGlitch"},{"not_picked":["SlaversCollar","Black Star"],"picked":"Replay:Bronze Core"}],"items_purged_floors":[],"is_endless":false,"potions_floor_spawned":[2,6,7,16,20,23,28,33],"killed_by":"Mind Bloom Boss Battle","ascension_level":0}}