{"host":"j06fkfseroga8i8e","time":1608754738,"event":{"mods":["BaseMod","Bestiary","Colored Map","Colored Powertips","Minty Spire (QoL Compilation)","Relic Stats","StSLib","everything is the same but u backflip on backflip"],"gold_per_floor":[114,128,57,7,21,56,56,86,86],"floor_reached":8,"playtime":194,"items_purged":[],"score":102,"play_id":"ea5affe1-cdf6-4390-bc26-5483868ca797","local_time":"20201223151858","is_ascension_mode":true,"campfire_choices":[{"data":"Defragment","floor":7,"key":"SMITH"}],"circlet_count":0,"master_deck":["AscendersBane","Strike_B","Strike_B","Strike_B","Defend_B","Defend_B","Defend_B","Defend_B","Zap","Dualcast","Gash","Genetic Algorithm","Defragment+1","Rip and Tear","Defragment"],"relics":["Cracked Core","NeowsBlessing","Art of War","Juzu Bracelet"],"acts_visited":["Exordium"],"potions_floor_usage":[6,6,8],"damage_taken":[{"damage":0,"enemies":"Cultist","floor":1,"turns":1},{"damage":0,"enemies":"2 Louse","floor":2,"turns":1},{"damage":0,"enemies":"Jaw Worm","floor":5,"turns":1},{"damage":14,"enemies":"Lagavulin","floor":6,"turns":6},{"damage":40,"enemies":"Gremlin Nob","floor":8,"turns":4}],"seed_played":"-256496065659119324","potions_obtained":[{"floor":2,"key":"Weak Potion"},{"floor":5,"key":"Fire Potion"},{"floor":6,"key":"EssenceOfDarkness"}],"is_trial":false,"path_per_floor":["M","M","$","?","M","E","R","E"],"character_chosen":"DEFECT","items_purchased":["Defragment"],"campfire_rested":0,"item_purchase_floors":[3],"current_hp_per_floor":[68,68,68,68,68,54,54,14,14],"gold":86,"neow_bonus":"THREE_ENEMY_KILL","is_daily":false,"chose_seed":false,"campfire_upgraded":1,"win_rate":0.0,"timestamp":1608754738,"path_taken":["M","?","$","?","M","E","R","E"],"items_purchased_type":["Card"],"build_version":"2020-12-22","purchased_purges":0,"victory":false,"max_hp_per_floor":[75,75,75,75,75,75,75,75,75],"relic_stats":{"counters":[5,13],"Art of War":[1],"Juzu Bracelet":0,"obtain_stats":[{"NeowsBlessing":0,"Art of War":6,"Juzu Bracelet":8,"Cracked Core":0},{"NeowsBlessing":0,"Art of War":4,"Juzu Bracelet":5,"Cracked Core":0},{"NeowsBlessing":0,"Art of War":9,"Juzu Bracelet":13,"Cracked Core":0}]},"card_choices":[{"not_picked":["Undo","Force Field"],"picked":"Gash","floor":1},{"not_picked":["Conserve Battery","Steam Power"],"picked":"Genetic Algorithm","floor":2},{"not_picked":["Ball Lightning","Heatsinks"],"picked":"Rip and Tear","floor":5},{"not_picked":["Barrage","Rip and Tear"],"picked":"Defragment","floor":6}],"player_experience":553967,"relics_obtained":[{"floor":6,"key":"Art of War"},{"floor":8,"key":"Juzu Bracelet"}],"event_choices":[{"cards_removed":["Strike_B"],"damage_healed":0,"gold_gain":0,"player_choice":"Card Removal","damage_taken":0,"max_hp_gain":0,"max_hp_loss":0,"event_name":"The Cleric","floor":4,"gold_loss":50}],"is_beta":false,"boss_relics":[],"items_purged_floors":[],"is_endless":false,"potions_floor_spawned":[2,5,6],"killed_by":"Gremlin Nob","ascension_level":11}}