{"host":"5bdt6s51dmpd4l3v","time":1608717707,"event":{"mods":["AchievementEnabler","BaseMod","Colored Map","Colored Powertips","Highlight Path","Minty Spire (QoL Compilation)","Quick Restart","Rare Cards Sparkle","StSLib"],"gold_per_floor":[115,44,44,44,54,54,73,73,143,20,39,70,70,82,82,157,157,170,92,92,103,119,119,149,149,149,149,149,149,163,20,20,94,94,112,161,178,178,178,178],"floor_reached":39,"playtime":1076,"items_purged":["Defend_R"],"score":730,"play_id":"781b5c0b-2a27-4316-aff2-74b3b98c5e1d","local_time":"20201223180147","is_ascension_mode":true,"campfire_choices":[{"data":"Blood for Blood","floor":6.0,"key":"SMITH"},{"data":"Hemokinesis","floor":8.0,"key":"SMITH"},{"data":"Sword Boomerang","floor":13.0,"key":"SMITH"},{"floor":15.0,"key":"REST"},{"data":"Warcry","floor":23,"key":"SMITH"},{"floor":25,"key":"REST"},{"floor":27,"key":"REST"},{"floor":29,"key":"RECALL"},{"data":"Battle Trance","floor":32,"key":"SMITH"}],"circlet_count":0,"master_deck":["AscendersBane","Strike_R","Strike_R","Strike_R","Strike_R","Strike_R","Defend_R","Defend_R","Defend_R","Bash","Hemokinesis+1","Rupture+1","Blood for Blood+1","Sword Boomerang+1","Blood for Blood+1","Battle Trance+1","Warcry+1","Hemokinesis+1","Whirlwind+1","Sword Boomerang+1","Brutality","Twin Strike+1"],"relics":["Burning Blood","NeowsBlessing","Mummified Hand","Ornamental Fan","Molten Egg 2","Philosopher\u0027s Stone","Lantern","Red Skull","Anchor","Fusion Hammer","Gambling Chip"],"acts_visited":["Exordium","TheCity","TheBeyond"],"potions_floor_usage":[21,24,28,33],"damage_taken":[{"damage":0.0,"enemies":"Jaw Worm","floor":1.0,"turns":1.0},{"damage":0.0,"enemies":"2 Louse","floor":5.0,"turns":1.0},{"damage":0.0,"enemies":"Cultist","floor":7.0,"turns":1.0},{"damage":4.0,"enemies":"Exordium Thugs","floor":11.0,"turns":3.0},{"damage":42.0,"enemies":"Lagavulin","floor":12.0,"turns":4.0},{"damage":2.0,"enemies":"Red Slaver","floor":14.0,"turns":1.0},{"damage":45.0,"enemies":"Hexaghost","floor":16.0,"turns":6.0},{"damage":2.0,"enemies":"2 Thieves","floor":18.0,"turns":2.0},{"damage":7,"enemies":"3 Byrds","floor":21,"turns":3},{"damage":26,"enemies":"Centurion and Healer","floor":22,"turns":4},{"damage":35,"enemies":"Book of Stabbing","floor":24,"turns":3},{"damage":0,"enemies":"Slavers","floor":28,"turns":1},{"damage":4,"enemies":"Snake Plant","floor":30,"turns":2},{"damage":80,"enemies":"Champ","floor":33,"turns":7},{"damage":6,"enemies":"3 Darklings","floor":35,"turns":3},{"damage":57,"enemies":"2 Orb Walkers","floor":36,"turns":4},{"damage":3,"enemies":"Orb Walker","floor":37,"turns":2},{"damage":15,"enemies":"Maw","floor":39,"turns":4}],"seed_played":"2110526183930541966","potions_obtained":[{"floor":1.0,"key":"SmokeBomb"},{"floor":5.0,"key":"Energy Potion"},{"floor":14.0,"key":"SneckoOil"},{"floor":18.0,"key":"SkillPotion"},{"floor":22,"key":"ColorlessPotion"},{"floor":30,"key":"BloodPotion"}],"is_trial":false,"path_per_floor":["M","$","?","?","M","R","M","R","T","$","M","E","R","M","R","B",null,"M","$","?","M","M","R","E","R","T","R","E","R","M","$","R","B",null,"M","?","M","T","M"],"character_chosen":"IRONCLAD","items_purchased":["Rupture","Sword Boomerang","Hemokinesis+1","Anchor"],"campfire_rested":3,"item_purchase_floors":[2,10,19,31],"current_hp_per_floor":[74,74,63,63,69,69,75,75,75,75,75,39,39,43,65,26,63,67,67,67,66,46,46,17,39,39,61,67,67,69,69,69,10,59,59,8,11,11,0,0],"gold":178,"neow_bonus":"THREE_ENEMY_KILL","is_daily":false,"chose_seed":false,"campfire_upgraded":5,"win_rate":0.0,"timestamp":1608717707,"path_taken":["M","$","?","?","M","R","M","R","T","?","M","E","R","M","R","BOSS","M","$","?","M","M","R","E","R","T","R","E","R","M","?","R","BOSS","M","?","M","?","M"],"items_purchased_type":["Card","Card","Card","Relic"],"build_version":"2020-12-22","purchased_purges":1,"victory":false,"max_hp_per_floor":[75,75,75,75,75,75,75,75,75,75,75,75,75,75,75,75,75,75,75,75,75,75,75,75,75,75,75,75,75,75,75,75,75,75,75,75,75,75,75,75],"card_choices":[{"not_picked":["True Grit","Pommel Strike"],"picked":"Hemokinesis","floor":1.0},{"not_picked":["Perfected Strike","Clash"],"picked":"Blood for Blood","floor":5.0},{"not_picked":["Rage","Sever Soul","Evolve"],"picked":"SKIP","floor":7.0},{"not_picked":["Reckless Charge","Cleave","Entrench"],"picked":"SKIP","floor":11.0},{"not_picked":["Corruption","Pommel Strike+1"],"picked":"Blood for Blood+1","floor":12.0},{"not_picked":["Wild Strike+1","Blood for Blood+1"],"picked":"Battle Trance","floor":14.0},{"not_picked":["Clash+1","Anger+1"],"picked":"Warcry","floor":18.0},{"not_picked":["Reckless Charge+1","Sever Soul+1","Havoc"],"picked":"SKIP","floor":21},{"not_picked":["Infernal Blade","Inflame"],"picked":"Whirlwind+1","floor":22},{"not_picked":["Rampage+1","Body Slam+1","Infernal Blade"],"picked":"SKIP","floor":24},{"not_picked":["Inflame+1","Cleave+1"],"picked":"Sword Boomerang+1","floor":30},{"not_picked":["Fiend Fire+1","Immolate+1"],"picked":"Brutality","floor":33},{"not_picked":["Armaments","Perfected Strike+1","Warcry"],"picked":"SKIP","floor":35},{"not_picked":["Infernal Blade","Armaments"],"picked":"Twin Strike+1","floor":36},{"not_picked":["Perfected Strike+1","Shrug It Off+1","True Grit"],"picked":"SKIP","floor":37}],"player_experience":204718,"relics_obtained":[{"floor":9.0,"key":"Ornamental Fan"},{"floor":12.0,"key":"Molten Egg 2"},{"floor":24,"key":"Lantern"},{"floor":26,"key":"Red Skull"},{"floor":36,"key":"Gambling Chip"}],"event_choices":[{"damage_healed":0.0,"max_hp_gain":0.0,"max_hp_loss":0.0,"gold_gain":0.0,"event_name":"Scrap Ooze","player_choice":"Success","floor":3.0,"gold_loss":0.0,"damage_taken":11.0,"relics_obtained":["Mummified Hand"]},{"damage_healed":0.0,"max_hp_gain":0.0,"max_hp_loss":0.0,"gold_gain":0.0,"event_name":"Living Wall","player_choice":"Grow","floor":4.0,"gold_loss":0.0,"damage_taken":0.0,"cards_upgraded":["Rupture"]},{"damage_healed":0,"gold_gain":0,"player_choice":"0 cards matched","damage_taken":0,"max_hp_gain":0,"max_hp_loss":0,"event_name":"Match and Keep!","floor":20,"gold_loss":0,"cards_obtained":[]},{"damage_healed":0,"gold_gain":0,"player_choice":"Fight","damage_taken":0,"max_hp_gain":0,"max_hp_loss":0,"event_name":"Mysterious Sphere","floor":36,"gold_loss":0}],"is_beta":false,"boss_relics":[{"not_picked":["Pandora\u0027s Box","Runic Pyramid"],"picked":"Philosopher\u0027s Stone"},{"not_picked":["Astrolabe","Cursed Key"],"picked":"Fusion Hammer"}],"items_purged_floors":[10],"is_endless":false,"potions_floor_spawned":[1,5,12,14,18,22,30],"killed_by":"Maw","ascension_level":15}}