{"host":"95i1gxnztdrdyvhi","time":1608750968,"event":{"mods":["AchievementEnabler","Act Like it!","BaseMod","Downfall","Minty Spire (QoL Compilation)","Quick Restart","StSLib"],"gold_per_floor":[99,115,129,129,144,179,206,223,148,164,89,264,264,264,281,383,383,383,395,413,159,159,44,44,29,29,45,45,45,45],"floor_reached":28,"playtime":1592,"items_purged":["Doubt","hexamod:Strike"],"score":218,"play_id":"f3a7fd57-454b-4d1a-b6c9-e86ab6404dca","local_time":"20201223191608","is_ascension_mode":false,"campfire_choices":[{"data":"hexamod:TimeOfNeed","floor":1,"key":"SMITH"},{"floor":9,"key":"RECALL"},{"data":"hexamod:SpectralSpark","floor":11,"key":"SMITH"},{"data":"hexamod:WildfireWeapon","floor":18,"key":"SMITH"},{"data":"hexamod:RainOfEmbers","floor":26,"key":"SMITH"}],"circlet_count":0,"master_deck":["hexamod:Strike","hexamod:Strike","hexamod:Strike","hexamod:Defend","hexamod:Defend","hexamod:Defend","hexamod:Defend","hexamod:Sear","hexamod:Float+1","hexamod:TimeOfNeed+1","hexamod:HeatCrush","hexamod:SpectralSpark+1","hexamod:FastForward+1","hexamod:HeatMetal","hexamod:RainOfEmbers+1","hexamod:WildfireWeapon+1","hexamod:Firestarter+1","hexamod:Toasty","hexamod:FirstSeal"],"relics":["hexamod:SpiritBrand","Juzu Bracelet","Oddly Smooth Stone","downfall:HeartBlessingGreen","downfall:HeartBlessingRed","Ornamental Fan","SlaversCollar"],"acts_visited":["Exordium","TheCity"],"potions_floor_usage":[15,16,16,21,25],"damage_taken":[{"damage":0,"enemies":"Jaw Worm","floor":2,"turns":3},{"damage":0,"enemies":"Cultist","floor":3,"turns":3},{"damage":0,"enemies":"2 Louse","floor":5,"turns":3},{"damage":14,"enemies":"Gremlin Nob","floor":6,"turns":4},{"damage":6,"enemies":"2 Fungi Beasts","floor":8,"turns":3},{"damage":5,"enemies":"3 Louse","floor":10,"turns":2},{"damage":7,"enemies":"Lots of Slimes","floor":15,"turns":5},{"damage":21,"enemies":"downfall:Silent","floor":16,"turns":6},{"damage":14,"enemies":"Spheric Guardian","floor":19,"turns":4},{"damage":11,"enemies":"Snecko","floor":20,"turns":3},{"damage":10,"enemies":"downfall:FleeingMerchant","floor":21,"turns":4},{"damage":2,"enemies":"downfall:FleeingMerchant","floor":23,"turns":4},{"damage":0,"enemies":"downfall:FleeingMerchant","floor":25,"turns":4},{"damage":14,"enemies":"Cultist and Chosen","floor":27,"turns":6},{"damage":0,"enemies":"Book of Stabbing","floor":28,"turns":1}],"seed_played":"-5812819176705833939","potions_obtained":[{"floor":2,"key":"DistilledChaos"},{"floor":8,"key":"Block Potion"},{"floor":10,"key":"hexamod:EctoCoolerPotion"},{"floor":15,"key":"AttackPotion"},{"floor":20,"key":"SkillPotion"},{"floor":27,"key":"Strength Potion"}],"is_trial":false,"path_per_floor":["R","M","M","?","M","E","T","M","R","M","R","?","?","?","M","B",null,"R","M","M","$","?","$","T","$","R","M","E"],"character_chosen":"THE_SPIRIT","items_purchased":["hexamod:Toasty"],"campfire_rested":0,"item_purchase_floors":[21],"current_hp_per_floor":[70,70,70,70,70,56,56,50,50,45,45,45,45,45,38,17,70,70,56,45,35,22,20,20,20,20,6,6,6,6],"gold":45,"neow_bonus":"ONE_RANDOM_RARE_CARD","is_daily":false,"chose_seed":false,"campfire_upgraded":4,"win_rate":0.0,"timestamp":1608750968,"path_taken":["R","M","M","?","?","E","T","M","R","M","R","?","?","?","M","BOSS","R","M","M","?","?","$","T","?","R","M","E"],"items_purchased_type":["Card"],"build_version":"2020-12-22","purchased_purges":2,"victory":false,"max_hp_per_floor":[70,70,70,70,70,70,70,70,70,70,70,70,70,70,70,70,70,70,70,70,70,75,75,75,75,75,75,75,75,75],"card_choices":[{"not_picked":["hexamod:GhostShield","hexamod:FlamesFromBeyond"],"picked":"hexamod:HeatCrush","floor":2},{"not_picked":["hexamod:DynamicBlow","hexamod:ChargedBarrage","hexamod:GhostLash"],"picked":"SKIP","floor":3},{"not_picked":["hexamod:GhostShield","hexamod:GhostflameBarrier"],"picked":"hexamod:SpectralSpark","floor":5},{"not_picked":["hexamod:SuperheatedStrike","hexamod:GhostLash"],"picked":"hexamod:FastForward","floor":6},{"not_picked":["hexamod:NecessarySacrifice","hexamod:SwordOfDarkness"],"picked":"hexamod:HeatMetal","floor":8},{"not_picked":["hexamod:RetreatToShadows","hexamod:GhostShield","hexamod:ShieldOfDarkness"],"picked":"SKIP","floor":10},{"not_picked":["hexamod:AdvancingGuard","hexamod:GhostOfSpirePresent"],"picked":"hexamod:RainOfEmbers","floor":15},{"not_picked":["hexamod:TurnItUp","hexamod:SearingWound"],"picked":"hexamod:WildfireWeapon","floor":16},{"not_picked":["hexamod:SpectersWail","hexamod:SpectralAdrenaline","hexamod:NecessarySacrifice+1"],"picked":"SKIP","floor":19},{"not_picked":["hexamod:AdvancingGuard+1","hexamod:SwordOfDarkness"],"picked":"hexamod:Firestarter+1","floor":20},{"not_picked":["hexamod:AdvancingGuard","hexamod:NightmareStrike+1","hexamod:RetreatToShadows"],"picked":"SKIP","floor":21},{"not_picked":["hexamod:GhostShield","hexamod:ShieldOfDarkness","hexamod:NightmareGuise+1"],"picked":"SKIP","floor":23},{"not_picked":["hexamod:HauntingEcho","hexamod:StepThrough+1","hexamod:HeatMetal"],"picked":"SKIP","floor":25},{"not_picked":["hexamod:HauntingEcho","hexamod:AdvancingGuard"],"picked":"hexamod:FirstSeal","floor":27}],"player_experience":797670,"relics_obtained":[{"floor":6,"key":"Juzu Bracelet"},{"floor":7,"key":"Oddly Smooth Stone"}],"event_choices":[{"damage_healed":0,"gold_gain":0,"player_choice":"Upgraded","damage_taken":0,"max_hp_gain":0,"max_hp_loss":0,"event_name":"Upgrade Shrine","floor":4,"gold_loss":0,"cards_upgraded":["hexamod:Float"]},{"damage_healed":0,"gold_gain":0,"player_choice":"Forge","damage_taken":0,"max_hp_gain":0,"max_hp_loss":0,"event_name":"Accursed Blacksmith","floor":14,"gold_loss":0,"cards_upgraded":["hexamod:FastForward"]}],"is_beta":false,"boss_relics":[{"not_picked":["Pandora\u0027s Box","Runic Pyramid"],"picked":"SlaversCollar"}],"items_purged_floors":[21,23],"is_endless":false,"potions_floor_spawned":[2,8,10,15,20,27],"killed_by":"Book of Stabbing","ascension_level":0}}