{"host":"mg3e76uznu9x14du","time":1608705060,"event":{"mods":["BaseMod","Colored Map","Minty Spire (QoL Compilation)","Permanent Neow","Relic Stats","StSLib"],"gold_per_floor":[119,137,137,137,150,150,167,167,219,219,232,247,247,257,257,362,362,376,202,217,236,151,151,151,151,201,211,111,128,148,148,148,148,148],"floor_reached":33,"playtime":1225,"items_purged":["Strike_P","Defend_P+1"],"score":301,"play_id":"e76adc24-7234-415e-88fc-55a634ba899d","local_time":"20201223013100","is_ascension_mode":true,"campfire_choices":[{"data":"Strike_P","floor":6,"key":"PURGE"},{"data":"Eruption","floor":8,"key":"SMITH"},{"data":"Defend_P","floor":10,"key":"PURGE"},{"data":"Defend_P","floor":15,"key":"PURGE"},{"data":"Strike_P","floor":23,"key":"PURGE"},{"data":"Strike_P","floor":25,"key":"PURGE"},{"data":"Vigilance","floor":32,"key":"PURGE"}],"circlet_count":0,"master_deck":["Defend_P+1","Eruption+1","FollowUp","FlurryOfBlows","CutThroughFate","CutThroughFate"],"relics":["PureWater","Peace Pipe","Blood Vial","Black Star","Damaru"],"acts_visited":["Exordium","TheCity"],"potions_floor_usage":[16,16,27,33,33],"damage_taken":[{"damage":0,"enemies":"Cultist","floor":1,"turns":2},{"damage":0,"enemies":"Jaw Worm","floor":2,"turns":2},{"damage":0,"enemies":"2 Louse","floor":5,"turns":2},{"damage":18,"enemies":"Blue Slaver","floor":7,"turns":3},{"damage":0,"enemies":"Large Slime","floor":11,"turns":3},{"damage":4,"enemies":"Lots of Slimes","floor":12,"turns":4},{"damage":0,"enemies":"Exordium Wildlife","floor":14,"turns":3},{"damage":29,"enemies":"The Guardian","floor":16,"turns":9},{"damage":9,"enemies":"2 Thieves","floor":18,"turns":3},{"damage":0,"enemies":"Spheric Guardian","floor":20,"turns":3},{"damage":14,"enemies":"Shelled Parasite and Fungi","floor":21,"turns":5},{"damage":0,"enemies":"Snecko","floor":27,"turns":2},{"damage":6,"enemies":"Centurion and Healer","floor":29,"turns":3},{"damage":0,"enemies":"3 Cultists","floor":30,"turns":3},{"damage":45,"enemies":"Collector","floor":33,"turns":3}],"seed_played":"-4256787787146665639","potions_obtained":[{"floor":11,"key":"DuplicationPotion"},{"floor":12,"key":"Fire Potion"},{"floor":14,"key":"DistilledChaos"},{"floor":16,"key":"EssenceOfSteel"},{"floor":29,"key":"SkillPotion"}],"is_trial":false,"path_per_floor":["M","M","?","$","M","R","M","R","T","R","M","M","?","M","R","B",null,"M","$","M","M","?","R","?","R","T","M","$","M","M","?","R","B"],"character_chosen":"WATCHER","items_purchased":["Ambrosia"],"campfire_rested":0,"item_purchase_floors":[19],"current_hp_per_floor":[65,65,52,52,52,52,34,34,34,34,36,34,34,36,36,9,51,44,44,46,34,34,34,34,34,34,36,36,32,34,23,23,0,0],"gold":148,"neow_bonus":"ONE_RARE_RELIC","is_daily":false,"chose_seed":false,"campfire_upgraded":1,"win_rate":0.0,"timestamp":1608705060,"path_taken":["M","?","?","$","M","R","M","R","T","R","M","M","?","M","R","BOSS","M","$","M","M","?","R","?","R","T","M","$","?","M","?","R","BOSS"],"items_purchased_type":["Potion"],"build_version":"2020-12-22","purchased_purges":2,"victory":false,"max_hp_per_floor":[65,65,65,65,65,65,65,65,65,65,65,65,65,65,65,65,65,65,65,65,65,65,65,65,65,65,65,65,65,65,70,70,70,70],"relic_stats":{"Peace Pipe":6,"Blood Vial":22,"counters":[15,50],"Black Star":0,"obtain_stats":[{"Peace Pipe":0,"Blood Vial":9,"Damaru":22,"Black Star":17,"PureWater":0},{"Peace Pipe":0,"Blood Vial":4,"Damaru":11,"Black Star":8,"PureWater":0},{"Peace Pipe":0,"Blood Vial":9,"Damaru":39,"Black Star":28,"PureWater":0}]},"card_choices":[{"not_picked":["BowlingBash","BattleHymn","SashWhip"],"picked":"SKIP","floor":1},{"not_picked":["EmptyBody","DeceiveReality","Prostrate"],"picked":"SKIP","floor":2},{"not_picked":["Halt","WindmillStrike"],"picked":"FollowUp","floor":5},{"not_picked":["EmptyFist","FollowUp","ConjureBlade"],"picked":"SKIP","floor":7},{"not_picked":["InnerPeace","Halt","Adaptation"],"picked":"SKIP","floor":11},{"not_picked":["SandsOfTime","WreathOfFlame"],"picked":"FlurryOfBlows","floor":12},{"not_picked":["Halt","EmptyBody"],"picked":"CutThroughFate","floor":14},{"not_picked":["Consecrate","Evaluate","Weave+1"],"picked":"SKIP","floor":18},{"not_picked":["LikeWater","Consecrate"],"picked":"CutThroughFate","floor":20},{"not_picked":["Crescendo","Halt","PathToVictory"],"picked":"SKIP","floor":21},{"not_picked":["WreathOfFlame","ThirdEye","CrushJoints"],"picked":"SKIP","floor":27},{"not_picked":["JustLucky","Consecrate+1","InnerPeace+1"],"picked":"SKIP","floor":29},{"not_picked":["LikeWater+1","Protect+1","WindmillStrike"],"picked":"SKIP","floor":30}],"player_experience":242158,"relics_obtained":[{"floor":9,"key":"Blood Vial"}],"event_choices":[{"damage_healed":0,"gold_gain":0,"player_choice":"Entered Light","damage_taken":13,"max_hp_gain":0,"max_hp_loss":0,"event_name":"Shining Light","floor":3,"gold_loss":0,"cards_upgraded":["Defend_P","Defend_P"]},{"damage_healed":0,"gold_gain":0,"player_choice":"Searched \u00270\u0027 times","damage_taken":0,"max_hp_gain":0,"max_hp_loss":0,"event_name":"Dead Adventurer","floor":13,"gold_loss":0},{"damage_healed":0,"gold_gain":0,"player_choice":"Obtained Relic","damage_taken":0,"relics_obtained":["Damaru"],"max_hp_gain":0,"max_hp_loss":0,"event_name":"Addict","floor":22,"gold_loss":85},{"damage_healed":0,"gold_gain":0,"player_choice":"Ignored","damage_taken":0,"max_hp_gain":0,"max_hp_loss":0,"event_name":"Duplicator","floor":24,"gold_loss":0},{"damage_healed":0,"gold_gain":0,"player_choice":"Shed Blood","damage_taken":16,"max_hp_gain":5,"max_hp_loss":0,"event_name":"Forgotten Altar","floor":31,"gold_loss":0}],"is_beta":false,"boss_relics":[{"not_picked":["Philosopher\u0027s Stone","SlaversCollar"],"picked":"Black Star"}],"items_purged_floors":[19,28],"is_endless":false,"potions_floor_spawned":[11,12,14,16,20,29,30],"killed_by":"Collector","ascension_level":5}}