{"host":"t4vqa88y94iqzvf0","time":1608749965,"event":{"mods":["Aspiration","BaseMod","Colored Map","Conspire","Downfall","Hermit","Hubris","Jorbs\u0027s Wanderer Trilogy","Koishi","Marisa????????","Minty Spire (QoL Compilation)","StSLib","Td1madao Mod","The Bug Knight","The Cursed","The Disciple","The Hierophant","The Necromancer","The Servant 0.9.4","slay the spire mod where everything is the same but ironclad has a cowboy hat"],"gold_per_floor":[109,169,1,12,12,12,45,45,68,95,95,108,108,8,8,105,105,125,125,138,7,23,48,48,74,74,113,129,148,148,94,94,190,190,200,200,213,233,45,71,89,89,89,102,102,9,9,49,49,49],"floor_reached":51,"playtime":5213,"items_purged":[],"score":700,"play_id":"eff6488b-7ed9-4da3-bdcb-2f53828acb36","local_time":"20201223135925","is_ascension_mode":false,"campfire_choices":[{"data":"Siphon_Strength","floor":6,"key":"SMITH"},{"data":"Whirlwind_of_Bones","floor":8,"key":"SMITH"},{"data":"Summon_Undead","floor":11,"key":"SMITH"},{"data":"Summon_Undead_Army","floor":15,"key":"SMITH"},{"data":"Summon_Vampire_Lady","floor":24,"key":"SMITH"},{"data":"Summon_Death_Knight","floor":30,"key":"SMITH"},{"data":"expansioncontent:Collect+1","floor":32,"key":"SMITH"},{"floor":42,"key":"REST"},{"floor":45,"key":"REST"},{"floor":49,"key":"REST"}],"circlet_count":0,"master_deck":["Strike_W","Strike_W","Strike_W","Strike_W","Defend_W","Defend_W","Defend_W","Defend_W","Negative_Energy_Arrows","Bone_Wall","Negative_Energy_Burst","Summon_Undead_Army+1","Bone_Armor","Whirlwind_of_Bones+1","Siphon_Strength+1","Negative_Energy_Shield","Summon_Undead+1","Bone_Shift","conspire:SpireCoStock","conspire:SpireCoStock","Summon_Death_Knight+1","Summon_Vampire_Lady+1","Bones_to_Steel+1","expansioncontent:Collect+2","Bone_Armory+1","Finger_Of_Death","Bone_Armor","Blood_Is_Power+1","Negative_Energy_Sphere+1","Blood_Curse","Necrotic_Claws","Blood_Curse","Reap_The_Weak","Flesh_Made_Foul","expansioncontent:TimeRipple","Bone_Armor","Blood_for_Blood+1","Toxic_Smoke_Screen","HandOfGreed","Finger_Of_Death","Summon_Undead","Spectral_Armor+1","Negative_Energy_Shield","Life_Drain+1","Shackles_Of_Pain+1","Epidemic+1"],"relics":["Vampire_Amulet","hubris:Reverence","HollowMod:StagPassRelic","Lantern","conspire:DeflatedDodgeball","hubris:Towel","hubris:HollowSoul","Unceasing Top","hubris:64BitClover","conspire:InfiniteJournal","aspiration:SeaSaltIceCream","aspiration:Nostalgia","MiniHakkero","aspiration:SecretTechniqueScroll","Potion Belt","Bronze Scales","Pantograph"],"acts_visited":["Exordium","TheCity","TheBeyond"],"potions_floor_usage":[],"damage_taken":[{"damage":2,"enemies":"2 Louse","floor":1,"turns":4},{"damage":9,"enemies":"Jaw Worm","floor":4,"turns":6},{"damage":16,"enemies":"3 Sentries","floor":7,"turns":6},{"damage":1,"enemies":"Lagavulin","floor":10,"turns":5},{"damage":0,"enemies":"Cultist","floor":12,"turns":3},{"damage":27,"enemies":"The Guardian","floor":16,"turns":8},{"damage":25,"enemies":"2 Thieves","floor":18,"turns":5},{"damage":16,"enemies":"conspire:FuzzyDice","floor":20,"turns":5},{"damage":13,"enemies":"Centurion and Healer","floor":22,"turns":8},{"damage":29,"enemies":"conspire:Head Lice","floor":23,"turns":6},{"damage":29,"enemies":"Book of Stabbing","floor":25,"turns":7},{"damage":29,"enemies":"Sentry and Sphere","floor":27,"turns":5},{"damage":0,"enemies":"Shelled Parasite and Fungi","floor":28,"turns":4},{"damage":8,"enemies":"Cultist and Chosen","floor":29,"turns":5},{"damage":64,"enemies":"hubris:MusketHawk","floor":33,"turns":9},{"damage":17,"enemies":"3 Darklings","floor":35,"turns":4},{"damage":19,"enemies":"Orb Walker","floor":37,"turns":4},{"damage":6,"enemies":"Maw","floor":38,"turns":7},{"damage":76,"enemies":"Giant Head","floor":40,"turns":9},{"damage":31,"enemies":"4 Shapes","floor":41,"turns":3},{"damage":21,"enemies":"3 Darklings","floor":44,"turns":4},{"damage":39,"enemies":"Spire Growth","floor":48,"turns":5},{"damage":46,"enemies":"Awakened One","floor":50,"turns":14}],"seed_played":"9077940208370204044","potions_obtained":[{"floor":4,"key":"AttackPotion"},{"floor":12,"key":"Weak Potion"},{"floor":16,"key":"hexamod:EctoCoolerPotion"},{"floor":23,"key":"ColorlessPotion"},{"floor":29,"key":"BlessingOfTheForge"},{"floor":38,"key":"LiquidMemories"},{"floor":40,"key":"ColorlessPotion"}],"is_trial":false,"path_per_floor":["M","?","$","M","T","R","E","R","T","E","R","M","?","?","R","B",null,"M","?","M","$","M","E","R","E","T","M","M","M","R","$","R","B",null,"M","?","M","M","$","E","M","R","T","M","R","$","?","M","R","B",null],"character_chosen":"NECROMANCER","items_purchased":["Summon_Undead_Army","Bone_Armor","Whirlwind_of_Bones","expansioncontent:Collect","Bone_Armory","Blood_Curse","HandOfGreed","Finger_Of_Death","Life_Drain","Shackles_Of_Pain"],"campfire_rested":3,"item_purchase_floors":[3,3,3,21,21,31,39,39,46,46],"current_hp_per_floor":[75,75,75,68,68,68,58,58,58,59,59,61,61,61,61,36,75,54,54,45,45,72,75,75,69,69,56,66,65,65,65,65,27,75,60,60,64,74,74,36,19,41,41,25,47,47,47,19,41,59],"gold":49,"neow_bonus":"","is_daily":false,"chose_seed":false,"campfire_upgraded":7,"win_rate":0.0,"timestamp":1608749965,"path_taken":["M","?","$","M","?","R","E","R","T","E","R","?","?","?","R","BOSS","M","?","?","$","M","E","R","E","T","?","M","M","R","?","R","BOSS","M","?","M","?","?","E","M","R","T","M","R","$","?","M","R","BOSS"],"items_purchased_type":["Card","Card","Card","Card","Card","Card","Card","Card","Card","Card"],"build_version":"2020-12-22","purchased_purges":0,"victory":true,"max_hp_per_floor":[75,75,75,75,75,75,75,75,75,75,75,75,75,75,75,75,75,75,75,75,75,75,75,75,75,75,75,75,75,75,75,75,75,75,75,75,75,75,75,75,75,75,75,75,75,75,75,75,75,75],"card_choices":[{"not_picked":["Blood_Whip","Stop_Heart"],"picked":"Negative_Energy_Burst","floor":1},{"not_picked":["Bone_Bullets","Bone_Spikes"],"picked":"Siphon_Strength","floor":4},{"not_picked":["Bone_Armor","Chill_Blood"],"picked":"Negative_Energy_Shield","floor":7},{"not_picked":["Blood_for_Blood","Negative_Energy_Javelin"],"picked":"Summon_Undead","floor":10},{"not_picked":["Scare","Toxic_Smoke_Screen"],"picked":"Bone_Shift","floor":12},{"not_picked":["Requiem","Reap_The_Weak"],"picked":"Summon_Death_Knight","floor":16},{"not_picked":["Bone_Shift","Chill_Blood"],"picked":"Summon_Vampire_Lady","floor":18},{"not_picked":["Bone_Shift","Chill_Blood"],"picked":"Bones_to_Steel+1","floor":20},{"not_picked":["Bone_Armor","Acid_Javelin"],"picked":"Finger_Of_Death","floor":22},{"not_picked":["Blood_Wake","Bone_Shift"],"picked":"Bone_Armor","floor":23},{"not_picked":["Finger_Of_Death","Bone_Armory"],"picked":"Blood_Is_Power+1","floor":25},{"not_picked":["Blood_Is_Power","Negative_Energy_Burst"],"picked":"Negative_Energy_Sphere+1","floor":27},{"not_picked":["Death_Coil","Consume_Illness"],"picked":"Blood_Curse","floor":28},{"not_picked":["Scare","Corrupt"],"picked":"Necrotic_Claws","floor":29},{"not_picked":["Detonate_Bones","Blood_Wake"],"picked":"Reap_The_Weak","floor":33},{"not_picked":["Whirlwind_of_Bones+1","Bone_Shift"],"picked":"Flesh_Made_Foul","floor":35},{"not_picked":["Life_Tap","Scare+1"],"picked":"Blood_for_Blood+1","floor":37},{"not_picked":["Whirlwind_of_Bones+1","Strike_from_Beyond"],"picked":"Toxic_Smoke_Screen","floor":38},{"not_picked":["Blood_Whip+1","Blood_Wake"],"picked":"Summon_Undead","floor":40},{"not_picked":["Scare+1","Negative_Energy_Javelin"],"picked":"Spectral_Armor+1","floor":41},{"not_picked":["Bone_Armory","Bone_Shift"],"picked":"Negative_Energy_Shield","floor":44},{"not_picked":["Blood_Curse","Finger_Of_Death"],"picked":"Epidemic+1","floor":48}],"player_experience":0,"relics_obtained":[{"floor":5,"key":"hubris:Reverence"},{"floor":7,"key":"HollowMod:StagPassRelic"},{"floor":9,"key":"Lantern"},{"floor":10,"key":"conspire:DeflatedDodgeball"},{"floor":23,"key":"hubris:64BitClover"},{"floor":25,"key":"conspire:InfiniteJournal"},{"floor":26,"key":"aspiration:SeaSaltIceCream"},{"floor":38,"key":"Potion Belt"},{"floor":40,"key":"Bronze Scales"},{"floor":43,"key":"Pantograph"}],"event_choices":[{"damage_healed":0,"gold_gain":60,"player_choice":"Gained Gold","damage_taken":0,"max_hp_gain":0,"max_hp_loss":0,"event_name":"Golden Wing","floor":2,"gold_loss":0},{"damage_healed":0,"gold_gain":0,"player_choice":"Invest 2","damage_taken":0,"max_hp_gain":0,"max_hp_loss":0,"event_name":"conspire:Investor","floor":14,"gold_loss":0},{"damage_healed":0,"gold_gain":0,"player_choice":"Gave Potion","damage_taken":0,"relics_obtained":["Unceasing Top"],"max_hp_gain":0,"max_hp_loss":0,"event_name":"WeMeetAgain","floor":19,"gold_loss":0},{"damage_healed":0,"gold_gain":0,"player_choice":"2 cards matched","damage_taken":0,"max_hp_gain":0,"max_hp_loss":0,"event_name":"Match and Keep!","floor":36,"gold_loss":0,"cards_obtained":["expansioncontent:TimeRipple","Bone_Armor"]},{"damage_healed":0,"gold_gain":0,"player_choice":"Ignored","damage_taken":0,"max_hp_gain":0,"max_hp_loss":0,"event_name":"NoteForYourself","floor":47,"gold_loss":0}],"is_beta":false,"boss_relics":[{"not_picked":["conspire:RoyalGoblet","Snecko Eye"],"picked":"hubris:HollowSoul"},{"not_picked":["hubris:TerracottaHorce","conspire:SeveredTorchhead"],"picked":"aspiration:SecretTechniqueScroll"}],"items_purged_floors":[],"is_endless":false,"potions_floor_spawned":[4,12,16,23,27,29,33,38,40,41,44],"ascension_level":0}}