{"host":"fevvm7bbzuh4s1jc","time":1608761600,"event":{"mods":["BaseMod","Highlight Path","Minty Spire (QoL Compilation)","Relic Stats"],"gold_per_floor":[120,141,170,193,193,193,228,228,228,247,247,266,286,295,295,376,376,397,397,397,397],"floor_reached":20,"playtime":1380,"items_purged":[],"score":352,"play_id":"e0604337-a057-495f-9bb1-c15ddbab4b12","local_time":"20201223171320","is_ascension_mode":true,"campfire_choices":[{"data":"Streamline","floor":6,"key":"SMITH"},{"data":"Darkness","floor":8,"key":"SMITH"},{"floor":11,"key":"REST"},{"data":"Zap","floor":15,"key":"SMITH"}],"circlet_count":0,"master_deck":["AscendersBane","Strike_B","Strike_B","Strike_B","Defend_B","Defend_B","Defend_B","Defend_B","Zap+1","Dualcast","Undo","Rebound","Streamline+1","Darkness+1","Machine Learning","Reinforced Body","Cold Snap","Electrodynamics","Capacitor"],"relics":["Cracked Core","CeramicFish","Pen Nib","Empty Cage"],"acts_visited":["Exordium","TheCity"],"potions_floor_usage":[7,12],"damage_taken":[{"damage":4,"enemies":"Jaw Worm","floor":1,"turns":4},{"damage":3,"enemies":"Small Slimes","floor":2,"turns":3},{"damage":5,"enemies":"2 Louse","floor":3,"turns":3},{"damage":8,"enemies":"Large Slime","floor":4,"turns":5},{"damage":23,"enemies":"Lagavulin","floor":7,"turns":6},{"damage":13,"enemies":"Blue Slaver","floor":10,"turns":2},{"damage":6,"enemies":"3 Louse","floor":12,"turns":3},{"damage":8,"enemies":"Lots of Slimes","floor":13,"turns":6},{"damage":16,"enemies":"The Guardian","floor":16,"turns":12},{"damage":48,"enemies":"Chosen","floor":18,"turns":6},{"damage":0,"enemies":"Spheric Guardian","floor":20,"turns":2}],"seed_played":"-5238708659562245901","potions_obtained":[{"floor":1,"key":"PotionOfCapacity"},{"floor":2,"key":"FearPotion"},{"floor":4,"key":"SkillPotion"},{"floor":16,"key":"DuplicationPotion"},{"floor":18,"key":"SpeedPotion"}],"is_trial":false,"path_per_floor":["M","M","M","M","?","R","E","R","T","M","R","M","M","?","R","B",null,"M","?","M"],"character_chosen":"DEFECT","items_purchased":[],"campfire_rested":1,"item_purchase_floors":[],"current_hp_per_floor":[60,57,52,44,44,44,21,21,21,8,29,23,15,32,32,16,55,7,7,7,7],"gold":397,"neow_bonus":"RANDOM_COMMON_RELIC","is_daily":false,"chose_seed":false,"campfire_upgraded":3,"win_rate":0.0,"timestamp":1608761600,"path_taken":["M","M","M","M","?","R","E","R","T","M","R","M","M","?","R","BOSS","M","?","M"],"items_purchased_type":[],"build_version":"2020-12-22","purchased_purges":0,"victory":false,"max_hp_per_floor":[71,71,71,71,71,71,71,71,71,71,71,71,71,71,71,71,68,68,68,68,68],"relic_stats":{"counters":[11,52],"CeramicFish":90,"Pen Nib":[2],"obtain_stats":[{"CeramicFish":0,"Pen Nib":7,"Cracked Core":0,"Empty Cage":17},{"CeramicFish":0,"Pen Nib":5,"Cracked Core":0,"Empty Cage":9},{"CeramicFish":0,"Pen Nib":21,"Cracked Core":0,"Empty Cage":44}]},"card_choices":[{"not_picked":["Auto Shields","Hello World"],"picked":"Undo","floor":1},{"not_picked":["Undo","Consume"],"picked":"Rebound","floor":2},{"not_picked":["Compile Driver","Steam"],"picked":"Streamline","floor":3},{"not_picked":["Sweeping Beam","Rebound"],"picked":"Darkness","floor":4},{"not_picked":["Darkness","Conserve Battery"],"picked":"Machine Learning","floor":7},{"not_picked":["Redo","Chill"],"picked":"Reinforced Body","floor":10},{"not_picked":["Redo","Hologram","Barrage"],"picked":"SKIP","floor":12},{"not_picked":["Hologram","Reprogram"],"picked":"Cold Snap","floor":13},{"not_picked":["Hyperbeam","Rainbow"],"picked":"Electrodynamics","floor":16},{"not_picked":["Gash","Streamline"],"picked":"Capacitor","floor":18}],"player_experience":2572098,"relics_obtained":[{"floor":7,"key":"Pen Nib"}],"event_choices":[{"damage_healed":0,"gold_gain":0,"player_choice":"Ignored","damage_taken":0,"max_hp_gain":0,"max_hp_loss":0,"event_name":"Liars Game","floor":5,"gold_loss":0},{"damage_healed":17,"gold_gain":0,"player_choice":"Healed and dodged fight","damage_taken":0,"max_hp_gain":0,"max_hp_loss":0,"event_name":"Mushrooms","floor":14,"gold_loss":0,"cards_obtained":["Parasite"]},{"damage_healed":0,"gold_gain":0,"player_choice":"Ignored","damage_taken":0,"max_hp_gain":0,"max_hp_loss":0,"event_name":"The Mausoleum","floor":19,"gold_loss":0}],"is_beta":false,"boss_relics":[{"not_picked":["FrozenCore","Black Star"],"picked":"Empty Cage"}],"items_purged_floors":[],"is_endless":false,"potions_floor_spawned":[1,2,4,16,18],"killed_by":"Spheric Guardian","ascension_level":20}}