{"host":"rmsq46plbpwfbxcc","time":1608725368,"event":{"mods":["AchievementEnabler","BaseMod","Colored Map","DeckTracker","Minty Spire (QoL Compilation)","Permanent Neow","SuperFastMode"],"gold_per_floor":[118,193,158,158,174,174,193,193,217,217,236,274,287,307,307,307,307],"floor_reached":16,"playtime":339,"items_purged":[],"score":184,"play_id":"0cda59ac-2dc7-406a-b565-03919812ddd4","local_time":"20201223210928","is_ascension_mode":true,"campfire_choices":[{"data":"Neutralize","floor":6,"key":"SMITH"},{"data":"Terror","floor":8,"key":"SMITH"},{"floor":15,"key":"REST"}],"circlet_count":0,"master_deck":["AscendersBane","Strike_G","Strike_G","Strike_G","Strike_G","Strike_G","Defend_G","Defend_G","Defend_G","Defend_G","Defend_G","Survivor","Neutralize+1","Terror+1","Backflip","Dagger Spray","Bullet Time","Glass Knife"],"relics":["WristBlade","Golden Idol","MealTicket","Toxic Egg 2"],"acts_visited":["Exordium"],"potions_floor_usage":[1,12,16],"damage_taken":[{"damage":16,"enemies":"2 Louse","floor":1,"turns":4},{"damage":11,"enemies":"Jaw Worm","floor":5,"turns":4},{"damage":1,"enemies":"Cultist","floor":7,"turns":3},{"damage":11,"enemies":"Large Slime","floor":11,"turns":8},{"damage":20,"enemies":"Lagavulin","floor":12,"turns":7},{"damage":1,"enemies":"Looter","floor":13,"turns":2},{"damage":0,"enemies":"Exordium Wildlife","floor":14,"turns":4},{"damage":25,"enemies":"Hexaghost","floor":16,"turns":11}],"seed_played":"2573416691463767037","potions_obtained":[{"floor":1,"key":"Fruit Juice"},{"floor":5,"key":"Weak Potion"},{"floor":11,"key":"CunningPotion"}],"is_trial":false,"path_per_floor":["M","?","?","?","M","R","M","R","T","?","M","E","M","M","R","B"],"character_chosen":"THE_SILENT","items_purchased":[],"campfire_rested":1,"item_purchase_floors":[],"current_hp_per_floor":[48,37,54,54,43,43,42,42,42,35,24,4,3,3,24,0,0],"gold":307,"neow_bonus":"BOSS_RELIC","is_daily":false,"chose_seed":false,"campfire_upgraded":2,"win_rate":0.0,"timestamp":1608725368,"path_taken":["M","?","?","?","M","R","M","R","T","?","?","E","M","M","R","BOSS"],"items_purchased_type":[],"build_version":"2020-12-22","purchased_purges":0,"victory":false,"max_hp_per_floor":[71,71,71,71,71,71,71,71,71,71,71,71,71,71,71,71,71],"card_choices":[{"not_picked":["Concentrate","Backflip"],"picked":"Terror","floor":1},{"not_picked":["Bouncing Flask","Reflex"],"picked":"Backflip","floor":5},{"not_picked":["Reflex","Flying Knee"],"picked":"Dagger Spray","floor":7},{"not_picked":["Sucker Punch","Outmaneuver"],"picked":"Bullet Time","floor":11},{"not_picked":["Flying Knee","PiercingWail+1"],"picked":"Glass Knife","floor":12},{"not_picked":["Deflect+1","Poisoned Stab","Acrobatics+1"],"picked":"SKIP","floor":13},{"not_picked":["Dagger Throw","Quick Slash","Infinite Blades"],"picked":"SKIP","floor":14}],"player_experience":1362020,"relics_obtained":[{"floor":9,"key":"MealTicket"},{"floor":12,"key":"Toxic Egg 2"}],"event_choices":[{"damage_healed":0,"gold_gain":75,"player_choice":"Gather Gold","damage_taken":11,"max_hp_gain":0,"max_hp_loss":0,"event_name":"World of Goop","floor":2,"gold_loss":0},{"damage_healed":17,"gold_gain":0,"player_choice":"Healed","damage_taken":0,"max_hp_gain":0,"max_hp_loss":0,"event_name":"The Cleric","floor":3,"gold_loss":35},{"damage_healed":0,"gold_gain":0,"player_choice":"Take Wound","damage_taken":0,"relics_obtained":["Golden Idol"],"max_hp_gain":0,"max_hp_loss":0,"event_name":"Golden Idol","floor":4,"gold_loss":0,"cards_obtained":["Injury"]},{"cards_removed":["Injury"],"damage_healed":0,"gold_gain":0,"player_choice":"Card Removal","damage_taken":7,"max_hp_gain":0,"max_hp_loss":0,"event_name":"Golden Wing","floor":10,"gold_loss":0}],"is_beta":false,"boss_relics":[],"items_purged_floors":[],"is_endless":false,"potions_floor_spawned":[1,5,11],"killed_by":"Hexaghost","ascension_level":16}}