{"host":"qxeepl7ydvsgmfdb","time":1608709615,"event":{"mods":["AchievementEnabler","BaseMod","Colored Powertips","Minty Spire (QoL Compilation)","Quick Restart","slay the spire mod where everything is the same but ironclad has a cowboy hat"],"gold_per_floor":[110,125,125,141,141,173,173,186,212,228,228,244,41,59,59,156,156,168,168,168,188,188,188],"floor_reached":22,"playtime":2361,"items_purged":[],"score":226,"play_id":"e69d8485-b498-49ef-95d2-641c30f3a18f","local_time":"20201223024655","is_ascension_mode":true,"campfire_choices":[{"floor":7,"key":"REST"},{"floor":11,"key":"REST"},{"floor":15,"key":"REST"}],"circlet_count":0,"master_deck":["Strike_B","Strike_B","Strike_B+1","Strike_B+1","Defend_B","Defend_B","Defend_B","Defend_B","Zap+1","Dualcast","Genetic Algorithm","Cold Snap","Auto Shields","Coolheaded","Defragment"],"relics":["Cracked Core","NeowsBlessing","Whetstone","Bag of Preparation","PreservedInsect","SacredBark","MutagenicStrength","Dream Catcher"],"acts_visited":["Exordium","TheCity"],"potions_floor_usage":[6],"damage_taken":[{"damage":0,"enemies":"2 Louse","floor":1,"turns":1},{"damage":0,"enemies":"Small Slimes","floor":2,"turns":1},{"damage":0,"enemies":"Cultist","floor":4,"turns":1},{"damage":40,"enemies":"Gremlin Nob","floor":6,"turns":4},{"damage":11,"enemies":"Blue Slaver","floor":8,"turns":4},{"damage":9,"enemies":"Red Slaver","floor":10,"turns":3},{"damage":20,"enemies":"Exordium Thugs","floor":12,"turns":4},{"damage":7,"enemies":"Large Slime","floor":14,"turns":6},{"damage":51,"enemies":"Slime Boss","floor":16,"turns":16},{"damage":13,"enemies":"Shell Parasite","floor":18,"turns":9},{"damage":5,"enemies":"Chosen","floor":21,"turns":6},{"damage":17,"enemies":"Centurion and Healer","floor":22,"turns":4}],"seed_played":"-1101223824165098489","potions_obtained":[{"floor":1,"key":"BlessingOfTheForge"},{"floor":2,"key":"PowerPotion"},{"floor":12,"key":"Ancient Potion"},{"floor":14,"key":"Strength Potion"}],"is_trial":false,"path_per_floor":["M","M","?","M","?","E","R","M","T","M","R","M","$","M","R","B",null,"M","?","?","M","M"],"character_chosen":"DEFECT","items_purchased":["PreservedInsect","Coolheaded"],"campfire_rested":3,"item_purchase_floors":[13,13],"current_hp_per_floor":[75,75,75,75,75,35,57,46,46,37,59,39,39,32,54,3,75,62,62,62,57,40,40],"gold":188,"neow_bonus":"THREE_ENEMY_KILL","is_daily":false,"chose_seed":false,"campfire_upgraded":0,"win_rate":0.0,"timestamp":1608709615,"path_taken":["M","M","?","M","?","E","R","?","T","M","R","M","$","M","R","BOSS","M","?","?","M","M"],"items_purchased_type":["Relic","Card"],"build_version":"2020-12-13","purchased_purges":0,"victory":false,"max_hp_per_floor":[75,75,75,75,75,75,75,75,75,75,75,75,75,75,75,75,75,75,75,75,75,75,75],"card_choices":[{"not_picked":["Capacitor","Tempest","Lockon"],"picked":"SKIP","floor":1},{"not_picked":["Compile Driver","Consume","Beam Cell"],"picked":"SKIP","floor":2},{"not_picked":["Compile Driver","Beam Cell","Go for the Eyes"],"picked":"SKIP","floor":4},{"not_picked":["Gash","Rip and Tear"],"picked":"Genetic Algorithm","floor":6},{"not_picked":["Stack","Scrape"],"picked":"Cold Snap","floor":8},{"not_picked":["Beam Cell","Steam Power","Reinforced Body"],"picked":"SKIP","floor":10},{"not_picked":["Skim","Double Energy"],"picked":"Auto Shields","floor":12},{"not_picked":["Lockon","Sweeping Beam"],"picked":"Defragment","floor":14},{"not_picked":["Leap+1","Hello World","Steam"],"picked":"SKIP","floor":18},{"not_picked":["Heatsinks","Storm","Go for the Eyes"],"picked":"SKIP","floor":21}],"player_experience":325404,"relics_obtained":[{"floor":6,"key":"Whetstone"},{"floor":9,"key":"Bag of Preparation"}],"event_choices":[{"damage_healed":0,"gold_gain":0,"player_choice":"Leave","damage_taken":0,"max_hp_gain":0,"max_hp_loss":0,"event_name":"The Cleric","floor":3,"gold_loss":0},{"damage_healed":0,"gold_gain":0,"player_choice":"Forge","damage_taken":0,"max_hp_gain":0,"max_hp_loss":0,"event_name":"Accursed Blacksmith","floor":5,"gold_loss":0,"cards_upgraded":["Zap"]},{"damage_healed":0,"gold_gain":0,"player_choice":"Inject Mutagens","damage_taken":0,"relics_obtained":["MutagenicStrength"],"max_hp_gain":0,"max_hp_loss":0,"event_name":"Drug Dealer","floor":19,"gold_loss":0},{"damage_healed":0,"gold_gain":0,"player_choice":"Gave Potion","damage_taken":0,"relics_obtained":["Dream Catcher"],"max_hp_gain":0,"max_hp_loss":0,"event_name":"WeMeetAgain","floor":20,"gold_loss":0}],"is_beta":false,"boss_relics":[{"not_picked":["Ectoplasm","Sozu"],"picked":"SacredBark"}],"items_purged_floors":[],"is_endless":false,"potions_floor_spawned":[1,2,12,14],"killed_by":"Centurion and Healer","ascension_level":4}}