{"host":"7gewg82ormp6yt4e","time":1608731886,"event":{"mods":["BaseMod","Block Reminder","Colored Map","Colored Powertips","DeckTracker","Highlight Path","Minty Spire (QoL Compilation)","Relic Stats","StSLib"],"gold_per_floor":[112,187,187,202,219,252,55,55,55,55,67,67,67,100,112,201,213,242,254,191,203,215,227,239,262,274,286,298,326,356,368,380,471,483,510,542,19,19,19,19,19],"floor_reached":40,"playtime":1527,"items_purged":["Strike_G+1"],"score":845,"play_id":"219dadde-5a17-4807-8d51-63bd7641ce2b","local_time":"20201223225806","is_ascension_mode":true,"campfire_choices":[{"data":"All Out Attack","floor":8.0,"key":"SMITH"},{"data":"Blade Dance","floor":10.0,"key":"SMITH"},{"data":"Predator","floor":13.0,"key":"SMITH"},{"data":"Catalyst","floor":15.0,"key":"SMITH"},{"floor":24.0,"key":"REST"},{"floor":28.0,"key":"REST"},{"floor":32.0,"key":"REST"}],"circlet_count":0,"master_deck":["AscendersBane","Strike_G+1","Strike_G+1","Strike_G+1","Defend_G+1","Defend_G+1","Defend_G+1","Defend_G+1","Defend_G+1","Survivor","Terror","Slice","All Out Attack+1","Catalyst+1","Blade Dance+1","Predator+1","Deadly Poison","Night Terror","PiercingWail","Bouncing Flask","PiercingWail+1","Bouncing Flask","Venomology","CurseOfTheBell","Well Laid Plans+1","Accuracy+1","Panache+1"],"relics":["Ring of the Snake","NeowsBlessing","Darkstone Periapt","Lee\u0027s Waffle","Art of War","MawBank","Fusion Hammer","Enchiridion","Snake Skull","Calling Bell","Lantern","Frozen Egg 2","Ginger","OrangePellets"],"acts_visited":["Exordium","TheCity","TheBeyond"],"potions_floor_usage":[40],"damage_taken":[{"damage":0.0,"enemies":"Small Slimes","floor":1.0,"turns":1.0},{"damage":0.0,"enemies":"2 Louse","floor":4.0,"turns":1.0},{"damage":0.0,"enemies":"Jaw Worm","floor":5.0,"turns":1.0},{"damage":7.0,"enemies":"3 Sentries","floor":6.0,"turns":5.0},{"damage":9.0,"enemies":"Red Slaver","floor":11.0,"turns":4.0},{"damage":14.0,"enemies":"Lagavulin","floor":14.0,"turns":5.0},{"damage":36.0,"enemies":"Hexaghost","floor":16.0,"turns":9.0},{"damage":16.0,"enemies":"2 Thieves","floor":18.0,"turns":4.0},{"damage":0.0,"enemies":"Book of Stabbing","floor":23.0,"turns":1.0},{"damage":17.0,"enemies":"Spheric Guardian","floor":25.0,"turns":4.0},{"damage":32.0,"enemies":"Snecko","floor":29.0,"turns":5.0},{"damage":3.0,"enemies":"Chosen and Byrds","floor":30.0,"turns":4.0},{"damage":29.0,"enemies":"Automaton","floor":33.0,"turns":8.0},{"damage":2.0,"enemies":"3 Shapes","floor":35.0,"turns":5.0},{"damage":16.0,"enemies":"3 Darklings","floor":36.0,"turns":4.0},{"damage":43,"enemies":"Reptomancer","floor":40,"turns":4}],"seed_played":"-1188314712815170979","potions_obtained":[{"floor":1.0,"key":"GhostInAJar"},{"floor":5.0,"key":"CultistPotion"},{"floor":11.0,"key":"SmokeBomb"},{"floor":16.0,"key":"SpeedPotion"},{"floor":29.0,"key":"SneckoOil"},{"floor":30.0,"key":"FearPotion"},{"floor":33.0,"key":"Explosive Potion"}],"is_trial":false,"path_per_floor":["M","?","?","M","M","E","$","R","T","R","M","?","R","E","R","B",null,"M","$","?","?","?","E","R","M","T","?","R","M","M","?","R","B",null,"M","M","$","?","?","E"],"character_chosen":"THE_SILENT","items_purchased":["Lee\u0027s Waffle","Blade Dance","OrangePellets","Accuracy+1","Panache+1"],"campfire_rested":3,"item_purchase_floors":[7,7,37,37,37],"current_hp_per_floor":[59,48,28,28,28,21,73,73,73,73,64,54,54,40,40,4,56,40,40,40,40,19,19,40,23,23,23,44,12,9,9,30,1,61,59,43,43,43,43,0,0],"gold":19,"neow_bonus":"THREE_ENEMY_KILL","is_daily":false,"chose_seed":false,"campfire_upgraded":4,"win_rate":0.0,"timestamp":1608731886,"path_taken":["M","?","?","M","?","E","?","R","T","R","M","?","R","E","R","BOSS","M","?","?","?","?","E","R","M","T","?","R","?","?","?","R","BOSS","M","M","$","?","?","E"],"items_purchased_type":["Relic","Card","Relic","Card","Card"],"build_version":"2020-12-22","purchased_purges":1,"victory":false,"max_hp_per_floor":[66,66,66,66,66,66,73,73,73,73,73,73,73,73,73,73,73,73,73,73,73,73,73,73,73,73,73,73,73,73,73,73,73,79,79,79,79,75,75,75,75],"relic_stats":{"Darkstone Periapt":6,"OrangePellets":[0],"Lee\u0027s Waffle":52,"counters":[16,65],"Snake Skull":[29],"Art of War":[9],"Ginger":[0],"MawBank":276,"obtain_stats":[{"Darkstone Periapt":6,"Lee\u0027s Waffle":7,"Lantern":34,"NeowsBlessing":0,"Enchiridion":22,"Snake Skull":26,"Ginger":34,"Frozen Egg 2":34,"MawBank":14,"Calling Bell":34,"OrangePellets":37,"Fusion Hammer":17,"Art of War":9,"Ring of the Snake":0},{"Darkstone Periapt":4,"Lee\u0027s Waffle":4,"Lantern":13,"NeowsBlessing":0,"Enchiridion":8,"Snake Skull":10,"Ginger":13,"Frozen Egg 2":13,"MawBank":6,"Calling Bell":13,"OrangePellets":15,"Fusion Hammer":7,"Art of War":4,"Ring of the Snake":0},{"Darkstone Periapt":8,"Lee\u0027s Waffle":8,"Lantern":52,"NeowsBlessing":0,"Enchiridion":30,"Snake Skull":35,"Ginger":52,"Frozen Egg 2":52,"MawBank":17,"Calling Bell":52,"OrangePellets":61,"Fusion Hammer":26,"Art of War":8,"Ring of the Snake":0}],"Ring of the Snake":[32]},"card_choices":[{"not_picked":["Setup","Blur"],"picked":"Terror","floor":1.0},{"not_picked":["Prepared","Bane"],"picked":"Slice","floor":4.0},{"not_picked":["Sucker Punch","Flying Knee"],"picked":"All Out Attack","floor":5.0},{"not_picked":["Distraction","Bane"],"picked":"Catalyst","floor":6.0},{"not_picked":["Underhanded Strike","Prepared"],"picked":"Predator","floor":11.0},{"not_picked":["Outmaneuver","Footwork"],"picked":"Deadly Poison","floor":14.0},{"not_picked":["A Thousand Cuts","Tools of the Trade"],"picked":"Night Terror","floor":16.0},{"not_picked":["Bane","Choke"],"picked":"PiercingWail","floor":18.0},{"not_picked":["Expertise","Deflect"],"picked":"PiercingWail+1","floor":25.0},{"not_picked":["Infinite Blades+1","Deflect","Storm of Steel"],"picked":"SKIP","floor":29.0},{"not_picked":["Blade Dance","Concentrate"],"picked":"Bouncing Flask","floor":30.0},{"not_picked":["Storm of Steel","Night Terror"],"picked":"Venomology","floor":33.0},{"not_picked":["Backflip+1","Endless Agony+1"],"picked":"Well Laid Plans+1","floor":35.0},{"not_picked":["Eviscerate","Quick Slash","Prepared"],"picked":"SKIP","floor":36.0}],"player_experience":2424623,"relics_obtained":[{"floor":6.0,"key":"Darkstone Periapt"},{"floor":9.0,"key":"Art of War"},{"floor":14.0,"key":"MawBank"},{"floor":22.0,"key":"Enchiridion"},{"floor":26.0,"key":"Snake Skull"},{"floor":34.0,"key":"Lantern"},{"floor":34.0,"key":"Frozen Egg 2"},{"floor":34.0,"key":"Ginger"}],"event_choices":[{"damage_healed":0.0,"max_hp_gain":0.0,"max_hp_loss":0.0,"gold_gain":75.0,"event_name":"World of Goop","player_choice":"Gather Gold","floor":2.0,"gold_loss":0.0,"damage_taken":11.0},{"damage_healed":0.0,"max_hp_gain":0.0,"max_hp_loss":0.0,"gold_gain":0.0,"event_name":"Shining Light","player_choice":"Entered Light","floor":3.0,"gold_loss":0.0,"damage_taken":20.0,"cards_upgraded":["Defend_G","Strike_G"]},{"damage_healed":0.0,"max_hp_gain":0.0,"max_hp_loss":0.0,"gold_gain":0.0,"event_name":"Wheel of Change","player_choice":"Damaged","floor":12.0,"gold_loss":0.0,"damage_taken":10.0},{"cards_removed":["Strike_G"],"damage_healed":0.0,"max_hp_gain":0.0,"max_hp_loss":0.0,"gold_gain":0.0,"event_name":"Beggar","player_choice":"Gave Gold","floor":20.0,"gold_loss":75.0,"damage_taken":0.0},{"damage_healed":0.0,"max_hp_gain":0.0,"max_hp_loss":0.0,"gold_gain":0.0,"event_name":"The Library","player_choice":"Read","floor":21.0,"gold_loss":0.0,"damage_taken":0.0,"cards_obtained":["Bouncing Flask"]},{"damage_healed":0.0,"max_hp_gain":0.0,"max_hp_loss":0.0,"gold_gain":0.0,"event_name":"Cursed Tome","player_choice":"Obtained Book","floor":22.0,"gold_loss":0.0,"damage_taken":21.0},{"damage_healed":0.0,"max_hp_gain":0.0,"max_hp_loss":0.0,"gold_gain":0.0,"event_name":"Back to Basics","player_choice":"Simplicity","floor":27.0,"gold_loss":0.0,"damage_taken":0.0,"cards_upgraded":["Strike_G","Strike_G","Strike_G","Defend_G","Defend_G","Defend_G","Defend_G"]},{"damage_healed":0.0,"max_hp_gain":0.0,"max_hp_loss":0.0,"gold_gain":0.0,"event_name":"The Mausoleum","player_choice":"Ignored","floor":31.0,"gold_loss":0.0,"damage_taken":0.0},{"damage_healed":0.0,"max_hp_gain":0.0,"max_hp_loss":4.0,"gold_gain":0.0,"event_name":"Winding Halls","player_choice":"Max HP","floor":38.0,"gold_loss":0.0,"damage_taken":0.0},{"cards_removed":["Neutralize"],"damage_healed":0.0,"max_hp_gain":0.0,"max_hp_loss":0.0,"gold_gain":0.0,"event_name":"Falling","player_choice":"Removed Attack","floor":39.0,"gold_loss":0.0,"damage_taken":0.0}],"is_beta":false,"boss_relics":[{"not_picked":["Ectoplasm","Empty Cage"],"picked":"Fusion Hammer"},{"not_picked":["WristBlade","Philosopher\u0027s Stone"],"picked":"Calling Bell"}],"items_purged_floors":[37],"is_endless":false,"potions_floor_spawned":[1,5,11,16,29,30,33],"killed_by":"Reptomancer","ascension_level":20}}