{"host":"daa8jqyg4gqfaysm","time":1608738496,"event":{"mods":["BaseMod","Colored Powertips","Minty Spire (QoL Compilation)","StSLib"],"gold_per_floor":[119,22,0,0,20,20,37,71,125,275,294,294,7,21,21,95,95,105,116,166,180,180,180,180],"floor_reached":23,"playtime":628,"items_purged":["Doubt"],"score":382,"play_id":"ff443066-8c4d-49b9-9f7f-9dab91e18a1d","local_time":"20201223234816","is_ascension_mode":true,"campfire_choices":[{"floor":6,"key":"REST"},{"floor":12,"key":"REST"},{"data":"Consume","floor":15,"key":"SMITH"}],"circlet_count":0,"master_deck":["AscendersBane","Strike_B","Strike_B","Strike_B","Defend_B","Defend_B","Defend_B","Defend_B","Zap","Dualcast","Glacier","Capacitor","Barrage","Turbo","Sweeping Beam","Biased Cognition","Ball Lightning","Barrage","Consume+1","Seek","FTL","Cold Snap","Hologram"],"relics":["Cracked Core","Ice Cream","Blood Vial","OrangePellets","Fusion Hammer"],"acts_visited":["Exordium","TheCity"],"potions_floor_usage":[],"damage_taken":[{"damage":15,"enemies":"2 Louse","floor":1,"turns":3},{"damage":0,"enemies":"Small Slimes","floor":5,"turns":4},{"damage":0,"enemies":"Cultist","floor":7,"turns":4},{"damage":28,"enemies":"Lagavulin","floor":8,"turns":8},{"damage":8,"enemies":"Red Slaver","floor":11,"turns":4},{"damage":0,"enemies":"2 Fungi Beasts","floor":14,"turns":3},{"damage":19,"enemies":"Hexaghost","floor":16,"turns":9},{"damage":17,"enemies":"2 Thieves","floor":18,"turns":4},{"damage":0,"enemies":"Chosen","floor":19,"turns":5},{"damage":3,"enemies":"Centurion and Healer","floor":21,"turns":7},{"damage":46,"enemies":"Gremlin Leader","floor":23,"turns":3}],"seed_played":"-1169382987654860799","potions_obtained":[{"floor":1,"key":"BlessingOfTheForge"},{"floor":11,"key":"Energy Potion"}],"is_trial":false,"path_per_floor":["M","$","?","?","M","R","M","E","T","?","M","R","$","M","R","B",null,"M","M","?","M","?","E"],"character_chosen":"DEFECT","items_purchased":["Capacitor","Barrage","OrangePellets","Barrage"],"campfire_rested":2,"item_purchase_floors":[2,2,13,13],"current_hp_per_floor":[31,31,31,24,24,45,45,17,17,17,11,32,32,34,34,17,58,43,45,45,44,44,0,0],"gold":180,"neow_bonus":"ONE_RARE_RELIC","is_daily":false,"chose_seed":false,"campfire_upgraded":1,"win_rate":0.0,"timestamp":1608738496,"path_taken":["M","$","?","?","M","R","M","E","T","?","M","R","?","M","R","BOSS","M","M","?","M","?","E"],"items_purchased_type":["Card","Card","Relic","Card"],"build_version":"2020-12-22","purchased_purges":1,"victory":false,"max_hp_per_floor":[71,71,71,71,71,71,71,71,71,71,71,71,71,71,71,71,71,71,71,71,71,71,71,71],"card_choices":[{"not_picked":["Coolheaded","Gash"],"picked":"Glacier","floor":1},{"not_picked":["Leap","Compile Driver"],"picked":"Turbo","floor":5},{"not_picked":["Stack","Beam Cell"],"picked":"Sweeping Beam","floor":7},{"not_picked":["Barrage","Conserve Battery"],"picked":"Biased Cognition","floor":8},{"not_picked":["Sweeping Beam","Leap"],"picked":"Ball Lightning","floor":11},{"not_picked":["Ball Lightning","Rebound"],"picked":"Consume","floor":14},{"not_picked":["Buffer","Rainbow"],"picked":"Seek","floor":16},{"not_picked":["Turbo","Redo"],"picked":"FTL","floor":18},{"not_picked":["Barrage","Fusion"],"picked":"Cold Snap","floor":19},{"not_picked":["Aggregate+1","Leap"],"picked":"Hologram","floor":21}],"player_experience":725192,"relics_obtained":[{"floor":8,"key":"Blood Vial"}],"event_choices":[{"damage_healed":0,"gold_gain":0,"player_choice":"Left Gold","damage_taken":0,"max_hp_gain":0,"max_hp_loss":0,"event_name":"World of Goop","floor":3,"gold_loss":22},{"cards_removed":["Strike_B"],"damage_healed":0,"gold_gain":0,"player_choice":"Card Removal","damage_taken":7,"max_hp_gain":0,"max_hp_loss":0,"event_name":"Golden Wing","floor":4,"gold_loss":0},{"damage_healed":0,"gold_gain":150,"player_choice":"AGREE","damage_taken":0,"max_hp_gain":0,"max_hp_loss":0,"event_name":"Liars Game","floor":10,"gold_loss":0,"cards_obtained":["Doubt"]},{"damage_healed":0,"gold_gain":50,"player_choice":"Stole From Cult","damage_taken":0,"max_hp_gain":0,"max_hp_loss":0,"event_name":"Nest","floor":20,"gold_loss":0},{"damage_healed":0,"gold_gain":0,"player_choice":"Ignored","damage_taken":0,"max_hp_gain":0,"max_hp_loss":0,"event_name":"The Mausoleum","floor":22,"gold_loss":0}],"is_beta":false,"boss_relics":[{"not_picked":["SlaversCollar","Pandora\u0027s Box"],"picked":"Fusion Hammer"}],"items_purged_floors":[13],"is_endless":false,"potions_floor_spawned":[1,11,14,16,21],"killed_by":"Gremlin Leader","ascension_level":20}}