{"host":"hd496gdorkfoob6n","time":1608730770,"event":{"mods":["2.2 Compatiblity","BaseMod","Colored Map","Downfall","Minty Spire (QoL Compilation)","StSLib"],"gold_per_floor":[99,134,5,5,36,81,81,6,0,0,15,42,59,111,143,248,248,248,261,292,292,311,328,328,373,373,231,263,297,222,237,277,380,380,305,319,329,429,361,378,378,378,378,394,431,59,72,72,86,86,86,86],"floor_reached":50,"playtime":6326,"items_purged":["Guardian:Aged","champ:Defend","champ:Defend","champ:Strike"],"score":573,"play_id":"2808b320-9d93-481c-8590-87ef77741ef0","local_time":"20201223083930","is_ascension_mode":false,"campfire_choices":[{"floor":1.0,"key":"RECALL"},{"data":"champ:Taunt","floor":8.0,"key":"SMITH"},{"floor":10.0,"key":"REST"},{"data":"champ:StanceDance","floor":18.0,"key":"SMITH"},{"floor":30.0,"key":"REST"},{"data":"champ:GladiatorsShout","floor":35.0,"key":"SMITH"},{"data":"champ:HeartStrike","floor":42.0,"key":"SMITH"}],"circlet_count":0,"master_deck":["champ:Strike","champ:Strike","champ:Defend","champ:Defend","champ:Execute","champ:Taunt+1","HandOfGreed","champ:HeartStrike+1","champ:CalledShot","champ:BringItOn+1","champ:FanOfKnives+1","champ:StanceDance+1","champ:CrookedStrike+1","champ:RecklessLeap+1","champ:BerserkersShout","champ:Haymaker+1","champ:SwordThrow+1","champ:Backstep+1","champ:RecklessLeap+1","champ:BerserkerStyle+1","champ:Backstep+1","champ:BladeFlurry+1","champ:FaceSlap+1","champ:GladiatorsShout+1","champ:Shatter+1","champ:ViciousMockery","champ:Encircle+1","Impatience","champ:GladiatorStyle+1"],"relics":["champ:ChampionCrown","Kunai","Molten Egg 2","Gremlin Horn","downfall:HeartBlessingRed","Oddly Smooth Stone","Matryoshka","Sozu","Orichalcum","Boot","champ:FightingForDummies","downfall:HeartBlessingBlue","Coffee Dripper","downfall:HeartBlessingGreen","Lee\u0027s Waffle","Frozen Egg 2","Darkstone Periapt","Vajra"],"acts_visited":["Exordium","TheCity","TheBeyond"],"potions_floor_usage":[],"damage_taken":[{"damage":5.0,"enemies":"Cultist","floor":2.0,"turns":3.0},{"damage":5.0,"enemies":"downfall:FleeingMerchant","floor":3.0,"turns":4.0},{"damage":9.0,"enemies":"Jaw Worm","floor":5.0,"turns":6.0},{"damage":35.0,"enemies":"Lagavulin","floor":6.0,"turns":9.0},{"damage":21.0,"enemies":"downfall:FleeingMerchant","floor":9.0,"turns":4.0},{"damage":0.0,"enemies":"Small Slimes","floor":11.0,"turns":1.0},{"damage":3.0,"enemies":"2 Fungi Beasts","floor":13.0,"turns":2.0},{"damage":42.0,"enemies":"3 Sentries","floor":14.0,"turns":6.0},{"damage":20.0,"enemies":"3 Louse","floor":15.0,"turns":2.0},{"damage":91.0,"enemies":"downfall:Ironclad","floor":16.0,"turns":9.0},{"damage":26.0,"enemies":"Spheric Guardian","floor":19.0,"turns":2.0},{"damage":34.0,"enemies":"3 Cultists","floor":20.0,"turns":4.0},{"damage":25.0,"enemies":"Snecko","floor":22.0,"turns":2.0},{"damage":69.0,"enemies":"Cultist and Chosen","floor":23.0,"turns":4.0},{"damage":36.0,"enemies":"Gremlin Leader","floor":25.0,"turns":4.0},{"damage":62.0,"enemies":"downfall:FleeingMerchant","floor":27.0,"turns":4.0},{"damage":11.0,"enemies":"Snake Plant","floor":28.0,"turns":3.0},{"damage":41.0,"enemies":"Slavers","floor":29.0,"turns":2.0},{"damage":41.0,"enemies":"Snecko","floor":31.0,"turns":3.0},{"damage":11.0,"enemies":"Chosen and Byrds","floor":32.0,"turns":3.0},{"damage":96.0,"enemies":"downfall:Silent","floor":33.0,"turns":5.0},{"damage":30.0,"enemies":"Orb Walker","floor":36.0,"turns":2.0},{"damage":18.0,"enemies":"3 Shapes","floor":37.0,"turns":2.0},{"damage":25.0,"enemies":"downfall:FleeingMerchant","floor":39.0,"turns":2.0},{"damage":49.0,"enemies":"Spire Growth","floor":40.0,"turns":2.0},{"damage":59.0,"enemies":"Jaw Worm Horde","floor":44.0,"turns":2.0},{"damage":48.0,"enemies":"3 Darklings","floor":45.0,"turns":3.0},{"damage":29.0,"enemies":"Spire Growth","floor":47.0,"turns":3.0},{"damage":51.0,"enemies":"Jaw Worm Horde","floor":49.0,"turns":3.0},{"damage":63,"enemies":"downfall:Defect","floor":50,"turns":3}],"seed_played":"4041996345078070665","potions_obtained":[{"floor":6.0,"key":"Energy Potion"},{"floor":11.0,"key":"PowerPotion"},{"floor":14.0,"key":"Ancient Potion"},{"floor":15.0,"key":"AttackPotion"},{"floor":16.0,"key":"AttackPotion"}],"is_trial":false,"path_per_floor":["R","M","$","T","M","E","T","R","$","R","M","T","M","E","M","B",null,"R","M","M","?","M","M","T","E","?","$","M","E","R","M","M","B",null,"R","M","M","?","$","M","T","R","?","M","M","$","M","?","M","B"],"character_chosen":"THE_CHAMP","items_purchased":["champ:CalledShot","champ:GladiatorsShout","champ:Encircle+1","Lee\u0027s Waffle","Impatience","champ:GladiatorStyle+1","Vajra"],"campfire_rested":2,"item_purchase_floors":[3,27,39,39,39,46,46],"current_hp_per_floor":[90,90,90,90,86,56,56,56,46,73,73,73,73,60,60,6,90,90,90,90,90,90,80,80,80,80,72,69,56,96,91,91,59,100,100,95,82,82,107,103,103,103,103,79,74,74,65,57,34,0,0,0],"gold":86,"neow_bonus":"RANDOM_COLORLESS_2","is_daily":false,"chose_seed":false,"campfire_upgraded":4,"win_rate":0.0,"timestamp":1608730770,"path_taken":["R","M","$","?","M","E","T","R","?","R","M","?","M","E","M","BOSS","R","M","M","?","M","?","T","E","?","$","M","E","R","M","M","BOSS","R","M","M","?","$","?","T","R","?","M","M","?","M","?","M","BOSS"],"items_purchased_type":["Card","Card","Card","Relic","Card","Card","Relic"],"build_version":"2020-12-13","purchased_purges":4,"victory":false,"max_hp_per_floor":[90,90,90,90,90,90,90,90,90,90,90,90,90,90,90,90,90,90,90,90,90,90,90,90,90,90,90,90,90,100,100,100,100,100,100,100,100,100,107,107,107,107,107,107,107,107,107,107,107,107,107,107],"card_choices":[{"not_picked":["Magnetism","Transmutation"],"picked":"HandOfGreed","floor":0.0},{"not_picked":["champ:Circumvent","champ:StanceDance"],"picked":"champ:HeartStrike","floor":2.0},{"not_picked":["champ:BladeFlurry","champ:DefensiveShout","champ:PerfectedStrike"],"picked":"SKIP","floor":3.0},{"not_picked":["champ:FlashCut","champ:ViciousMockery"],"picked":"champ:BringItOn","floor":5.0},{"not_picked":["champ:Riposte","champ:FightOn"],"picked":"champ:FanOfKnives+1","floor":6.0},{"not_picked":["champ:Circumvent","champ:RisingSlash+1"],"picked":"champ:StanceDance","floor":9.0},{"not_picked":["champ:FocusedDefense","champ:Riposte"],"picked":"champ:CrookedStrike+1","floor":11.0},{"not_picked":["champ:Encircle+1","champ:Backstep"],"picked":"champ:RecklessLeap+1","floor":13.0},{"not_picked":["champ:GladiatorStyle","champ:SteelEdge+1"],"picked":"champ:BerserkersShout","floor":14.0},{"not_picked":["champ:Riposte","champ:FocusedDefense"],"picked":"champ:Haymaker+1","floor":15.0},{"not_picked":["champ:PerfectForm","champ:LastStand"],"picked":"champ:SwordThrow+1","floor":16.0},{"not_picked":["champ:GutPunch+1","champ:Haymaker+1","champ:EndlessRage"],"picked":"SKIP","floor":19.0},{"not_picked":["champ:DefensiveStyle","champ:PreciseThrust+1"],"picked":"champ:Backstep+1","floor":20.0},{"not_picked":["champ:FocusedDefense+1","champ:FlashCut+1"],"picked":"champ:BerserkerStyle+1","floor":22.0},{"not_picked":["champ:StanceDance+1","champ:TornadoPunch+1"],"picked":"champ:Backstep+1","floor":23.0},{"not_picked":["champ:DefensiveShout","champ:Lariat"],"picked":"champ:BladeFlurry+1","floor":25.0},{"not_picked":["champ:Circumvent","champ:BerserkersShout","champ:DefensiveShout"],"picked":"SKIP","floor":27.0},{"not_picked":["champ:CrookedStrike+1","champ:TornadoPunch+1","champ:PerfectedStrike+1"],"picked":"SKIP","floor":28.0},{"not_picked":["champ:FanOfKnives+1","champ:Duel+1"],"picked":"champ:Shatter+1","floor":29.0},{"not_picked":["champ:DeathBlow+1","champ:FocusedBerserking"],"picked":"champ:ViciousMockery","floor":31.0},{"not_picked":["champ:PreciseThrust+1","champ:FalseCounter","champ:FlashCut+1"],"picked":"SKIP","floor":32.0},{"not_picked":["champ:Encircle+1","champ:PreciseThrust+1","champ:FanOfKnives+1"],"picked":"SKIP","floor":36.0},{"not_picked":["champ:StanceDance","champ:PreciseThrust+1","champ:BerserkersShout"],"picked":"SKIP","floor":37.0},{"not_picked":["champ:FlashCut+1","champ:GladiatorsShout","champ:BladeFlurry+1"],"picked":"SKIP","floor":39.0},{"not_picked":["champ:BladeFlurry+1","champ:BerserkersShout","champ:FocusedBerserking"],"picked":"SKIP","floor":40.0},{"not_picked":["champ:DeathBlow+1","champ:AdrenalArmor","champ:Backstep"],"picked":"SKIP","floor":44.0},{"not_picked":["champ:Duel+1","champ:IronFortress+1","champ:GutPunch+1"],"picked":"SKIP","floor":45.0},{"not_picked":["champ:FocusedBerserking","champ:Backstep+1","champ:TornadoPunch+1"],"picked":"SKIP","floor":47.0},{"not_picked":["champ:BringItOn+1","champ:TornadoPunch+1","champ:BerserkersShout"],"picked":"SKIP","floor":49.0}],"player_experience":49589,"relics_obtained":[{"floor":4.0,"key":"Kunai"},{"floor":6.0,"key":"Molten Egg 2"},{"floor":7.0,"key":"Gremlin Horn"},{"floor":12.0,"key":"Oddly Smooth Stone"},{"floor":14.0,"key":"Matryoshka"},{"floor":24.0,"key":"Orichalcum"},{"floor":25.0,"key":"Boot"},{"floor":29.0,"key":"champ:FightingForDummies"},{"floor":41.0,"key":"Frozen Egg 2"},{"floor":41.0,"key":"Darkstone Periapt"}],"event_choices":[{"damage_healed":0.0,"max_hp_gain":0.0,"max_hp_loss":0.0,"gold_gain":0.0,"event_name":"Duplicator","player_choice":"Copied","floor":21.0,"gold_loss":0.0,"damage_taken":0.0,"cards_obtained":["champ:RecklessLeap"]},{"damage_healed":0.0,"max_hp_gain":0.0,"max_hp_loss":0.0,"gold_gain":0.0,"event_name":"The Library","player_choice":"Read","floor":26.0,"gold_loss":0.0,"damage_taken":0.0,"cards_obtained":["champ:FaceSlap"]}],"is_beta":false,"boss_relics":[{"not_picked":["champ:ChampionCrownUpgraded","Astrolabe"],"picked":"Sozu"},{"not_picked":["Velvet Choker","Fusion Hammer"],"picked":"Coffee Dripper"}],"items_purged_floors":[3,27,39,46],"is_endless":false,"potions_floor_spawned":[6,11,14,15,16,20,23,28,29,32,36,44,45,49],"killed_by":"downfall:Defect","ascension_level":0}}