{"host":"baymyijz6sxaqj5s","time":1608727609,"event":{"mods":["AchievementEnabler","BaseMod","Colored Map","Colored Powertips","DeckTracker","KOR Keyword Fix","Keyboard Shortcuts","Minty Spire (QoL Compilation)","Quick Restart","StSLib","SuperFastMode"],"gold_per_floor":[114,127,143,159,159,159,16,16,16,91,91,102,118,129,129,232,282,302,223,223,223,223,236,236,236,236],"floor_reached":25,"playtime":768,"items_purged":[],"score":218,"play_id":"531060ad-6830-4898-ad27-ee2446be9442","local_time":"20201223214649","is_ascension_mode":false,"campfire_choices":[{"floor":6,"key":"REST"},{"data":"Protect","floor":8,"key":"SMITH"},{"floor":11,"key":"REST"},{"data":"Brilliance","floor":15,"key":"SMITH"},{"floor":24,"key":"REST"}],"circlet_count":0,"master_deck":["Strike_P+1","Strike_P","Strike_P","Defend_P","Defend_P","Defend_P","Defend_P","Eruption","Vigilance","Halt","CrushJoints","Protect+1","Consecrate","FlyingSleeves","Brilliance+1","Establishment","TalkToTheHand","EmptyFist","Adaptation","FlurryOfBlows+1"],"relics":["PureWater","Bag of Marbles","Strawberry","Tiny House"],"acts_visited":["Exordium","TheCity"],"potions_floor_usage":[12,13,16,16,23],"damage_taken":[{"damage":1,"enemies":"Jaw Worm","floor":1,"turns":3},{"damage":14,"enemies":"2 Louse","floor":2,"turns":3},{"damage":0,"enemies":"Small Slimes","floor":3,"turns":3},{"damage":14,"enemies":"3 Louse","floor":4,"turns":8},{"damage":0,"enemies":"Gremlin Gang","floor":12,"turns":2},{"damage":0,"enemies":"Lots of Slimes","floor":13,"turns":6},{"damage":12,"enemies":"Exordium Wildlife","floor":14,"turns":4},{"damage":48,"enemies":"Slime Boss","floor":16,"turns":11},{"damage":27,"enemies":"Spheric Guardian","floor":18,"turns":6},{"damage":32,"enemies":"2 Thieves","floor":23,"turns":5},{"damage":57,"enemies":"Chosen and Byrds","floor":25,"turns":8}],"seed_played":"-1705351292389968710","potions_obtained":[{"floor":1,"key":"Explosive Potion"},{"floor":3,"key":"EssenceOfSteel"},{"floor":4,"key":"Weak Potion"},{"floor":13,"key":"ColorlessPotion"},{"floor":16,"key":"PowerPotion"},{"floor":17,"key":"GamblersBrew"}],"is_trial":false,"path_per_floor":["M","M","M","M","?","R","$","R","T","?","R","M","M","M","R","B",null,"M","$","?","$","?","M","R","M"],"character_chosen":"WATCHER","items_purchased":["Bag of Marbles","Adaptation"],"campfire_rested":3,"item_purchase_floors":[7,19],"current_hp_per_floor":[78,64,64,50,43,66,66,66,73,62,86,86,86,74,74,26,91,64,64,64,64,46,14,42,0,0],"gold":236,"neow_bonus":"TEN_PERCENT_HP_BONUS","is_daily":false,"chose_seed":false,"campfire_upgraded":2,"win_rate":0.0,"timestamp":1608727609,"path_taken":["M","M","M","M","?","R","$","R","T","?","R","M","M","M","R","BOSS","M","$","?","$","?","M","R","M"],"items_purchased_type":["Relic","Card"],"build_version":"2020-12-22","purchased_purges":0,"victory":false,"max_hp_per_floor":[79,79,79,79,79,79,79,79,86,86,86,86,86,86,86,86,91,91,91,91,91,96,96,96,96,96],"card_choices":[{"not_picked":["BattleHymn","EmptyFist"],"picked":"Halt","floor":1},{"not_picked":["CutThroughFate","ThirdEye"],"picked":"CrushJoints","floor":2},{"not_picked":["Adaptation","Weave"],"picked":"Protect","floor":3},{"not_picked":["ReachHeaven","Halt"],"picked":"Consecrate","floor":4},{"not_picked":["LessonLearned","EmptyFist"],"picked":"FlyingSleeves","floor":12},{"not_picked":["Consecrate","BowlingBash","CrushJoints"],"picked":"SKIP","floor":13},{"not_picked":["ThirdEye","DeceiveReality"],"picked":"Brilliance","floor":14},{"not_picked":["Judgement","MasterReality"],"picked":"Establishment","floor":16},{"not_picked":["FlyingSleeves","FlurryOfBlows"],"picked":"TalkToTheHand","floor":17},{"not_picked":["DeceiveReality","CrushJoints"],"picked":"EmptyFist","floor":18},{"not_picked":["InnerPeace","JustLucky"],"picked":"FlurryOfBlows+1","floor":23}],"player_experience":206771,"relics_obtained":[{"floor":9,"key":"Strawberry"}],"event_choices":[{"cards_removed":["Strike_P"],"damage_healed":0,"gold_gain":0,"player_choice":"Card Removal","damage_taken":7,"max_hp_gain":0,"max_hp_loss":0,"event_name":"Golden Wing","floor":5,"gold_loss":0},{"damage_healed":0,"gold_gain":75,"player_choice":"Gather Gold","damage_taken":11,"max_hp_gain":0,"max_hp_loss":0,"event_name":"World of Goop","floor":10,"gold_loss":0},{"damage_healed":0,"gold_gain":0,"player_choice":"Ignored","damage_taken":0,"max_hp_gain":0,"max_hp_loss":0,"event_name":"The Mausoleum","floor":20,"gold_loss":0},{"damage_healed":0,"gold_gain":0,"player_choice":"Shed Blood","damage_taken":23,"max_hp_gain":5,"max_hp_loss":0,"event_name":"Forgotten Altar","floor":22,"gold_loss":0}],"is_beta":false,"boss_relics":[{"not_picked":["Busted Crown","Snecko Eye"],"picked":"Tiny House"}],"items_purged_floors":[],"is_endless":false,"potions_floor_spawned":[1,3,4,13,16],"killed_by":"Chosen and Byrds","ascension_level":0}}