{"host":"ysyq82l8nxvaugux","time":1608762098,"event":{"mods":["BaseMod","Hermit","Minty Spire (QoL Compilation)","Replay The Spire","StSLib","The Cursed"],"gold_per_floor":[119,131,141,141,216,249,249,261,334,111,160,160,175,175,175,271,271,286,286,286,300,315,315,183,183,206,206,226,226,226,226],"floor_reached":30,"playtime":906,"items_purged":[],"score":289,"play_id":"1b11bbaa-2d97-4d7e-868c-43d949e3bdff","local_time":"20201223232138","is_ascension_mode":true,"campfire_choices":[{"floor":7,"key":"REST"},{"floor":12,"key":"REST"},{"floor":15,"key":"REST"},{"floor":23,"key":"REST"},{"data":"Time Bomb","floor":25,"key":"SMITH"}],"circlet_count":0,"master_deck":["Strike_B","Strike_B","Strike_B","Defend_B","Defend_B","Defend_B","Zap","Dualcast+1","Ball Lightning","Capacitor","Storm","Ball Lightning","Leap","Capacitor","Hologram","Self Repair","Amplify","Sunder","Stack","Time Bomb+1","Melter+1","Decay","Rebound+1","Purity"],"relics":["Cracked Core","Thread and Needle","Replay:Ringing Soul","Replay:Baseball","Art of War","SacredBark","DataDisk"],"acts_visited":["Exordium","TheCity"],"potions_floor_usage":[16,30],"damage_taken":[{"damage":1,"enemies":"Cultist","floor":1,"turns":4},{"damage":10,"enemies":"Small Slimes","floor":2,"turns":3},{"damage":0,"enemies":"2 Louse","floor":3,"turns":2},{"damage":24,"enemies":"Replay:BlueRogue","floor":6,"turns":5},{"damage":11,"enemies":"Large Slime","floor":8,"turns":5},{"damage":15,"enemies":"3 Louse","floor":13,"turns":3},{"damage":25,"enemies":"Hexaghost","floor":16,"turns":9},{"damage":23,"enemies":"Chosen","floor":18,"turns":5},{"damage":10,"enemies":"Shell Parasite","floor":21,"turns":7},{"damage":54,"enemies":"Cultist and Chosen","floor":22,"turns":7},{"damage":26,"enemies":"Snecko","floor":28,"turns":6},{"damage":36,"enemies":"Gremlin Leader","floor":30,"turns":2}],"seed_played":"-1404647719903281336","potions_obtained":[{"floor":11,"key":"DuplicationPotion"},{"floor":11,"key":"Energy Potion"},{"floor":13,"key":"LifebloodPotion"},{"floor":16,"key":"SteroidPotion"},{"floor":21,"key":"DistilledChaos"}],"is_trial":false,"path_per_floor":["M","M","M","?","?","E","R","M","T","$","?","R","M","?","R","B",null,"M","?","?","M","M","R","$","R","T","?","M","?","E"],"character_chosen":"DEFECT","items_purchased":["Capacitor","Replay:Baseball","Time Bomb","Melter+1"],"campfire_rested":4,"item_purchase_floors":[10,10,24,24],"current_hp_per_floor":[81,71,71,71,60,36,60,49,49,52,21,47,35,28,55,40,94,81,62,62,66,22,53,56,56,56,59,43,34,0,0],"gold":226,"neow_bonus":"TEN_PERCENT_HP_BONUS","is_daily":false,"chose_seed":false,"campfire_upgraded":1,"win_rate":0.0,"timestamp":1608762098,"path_taken":["M","M","?","?","?","E","R","M","T","$","?","R","?","?","R","BOSS","M","?","?","?","M","R","?","R","T","?","?","?","E"],"items_purchased_type":["Card","Relic","Card","Card"],"build_version":"2020-12-22","purchased_purges":0,"victory":false,"max_hp_per_floor":[82,82,82,82,82,82,82,82,82,85,88,88,91,91,91,94,94,97,102,102,102,105,105,108,108,108,111,114,117,117,117],"card_choices":[{"not_picked":["Conserve Battery","Cold Snap"],"picked":"Ball Lightning","floor":1},{"not_picked":["FTL","Streamline"],"picked":"Capacitor","floor":2},{"not_picked":["Panic Button","Rip and Tear"],"picked":"Storm","floor":3},{"not_picked":["Hologram","Melter"],"picked":"Ball Lightning","floor":6},{"not_picked":["Go for the Eyes","Compile Driver"],"picked":"Leap","floor":8},{"not_picked":["Core Surge","ReplayGash"],"picked":"Hologram","floor":11},{"not_picked":["Turbo","Sweeping Beam"],"picked":"Self Repair","floor":13},{"not_picked":["Mirror Shield","Core Surge"],"picked":"Amplify","floor":16},{"not_picked":["Genetic Algorithm","Turbo+1"],"picked":"Sunder","floor":18},{"not_picked":["Go for the Eyes","Hologram","Compile Driver"],"picked":"SKIP","floor":21},{"not_picked":["Auto Shields","Coolheaded"],"picked":"Stack","floor":22},{"not_picked":["Cold Snap","Chill"],"picked":"Rebound+1","floor":28}],"player_experience":91161,"relics_obtained":[{"floor":6,"key":"Thread and Needle"},{"floor":9,"key":"Replay:Ringing Soul"},{"floor":11,"key":"Art of War"},{"floor":26,"key":"DataDisk"}],"event_choices":[{"damage_healed":0,"gold_gain":75,"player_choice":"Gather Gold","damage_taken":11,"max_hp_gain":0,"max_hp_loss":0,"event_name":"World of Goop","floor":5,"gold_loss":0},{"cards_removed":["Strike_B"],"damage_healed":0,"gold_gain":0,"player_choice":"Card Removal","damage_taken":7,"max_hp_gain":0,"max_hp_loss":0,"event_name":"Golden Wing","floor":14,"gold_loss":0},{"damage_healed":0,"gold_gain":0,"player_choice":"Shed Blood","damage_taken":24,"max_hp_gain":5,"max_hp_loss":0,"event_name":"Forgotten Altar","floor":19,"gold_loss":0},{"cards_removed":["Defend_B"],"damage_healed":0,"gold_gain":0,"player_choice":"Purged","damage_taken":0,"max_hp_gain":0,"max_hp_loss":0,"event_name":"Purifier","floor":20,"gold_loss":0},{"damage_healed":0,"gold_gain":0,"player_choice":"Cursed","damage_taken":0,"max_hp_gain":0,"max_hp_loss":0,"event_name":"Wheel of Change","floor":27,"gold_loss":0,"cards_obtained":["Decay"]},{"damage_healed":0,"gold_gain":0,"player_choice":"CARD ","damage_taken":12,"max_hp_gain":0,"max_hp_loss":0,"event_name":"Knowing Skull","floor":29,"potions_obtained":[],"gold_loss":0,"cards_obtained":["Purity"]}],"is_beta":false,"boss_relics":[{"not_picked":["Ectoplasm","Runic Dome"],"picked":"SacredBark"}],"items_purged_floors":[],"is_endless":false,"potions_floor_spawned":[13,16,21,22,28],"killed_by":"Gremlin Leader","ascension_level":1}}