{"host":"n7mxhpjy89lltbhc","time":1608710366,"event":{"mods":["2.2 Compatiblity","Act Like it!","Bard","BaseMod","Better Match","Better Sensory Stone","Better Synergies","Better Third Choice","Better Vampires","BetterRewards","Challenge The Spire","Colored Map","Colored Powertips","Downfall","Hubris","Infinite Spire","Jedi Mod","Marisa????????","Marked Mod","Minty Spire (QoL Compilation)","Permanent Neow","Rare Cards Sparkle","Relic Sorter","Relic Stats","Replay The Spire","Shop Mod","Spicy Shops","StSLib","Strawberry Spire","The Blue Laboratory","The Disciple","The Servant 0.9.4","Uncapped","Waifu the Spire"],"gold_per_floor":[99,117,567,580,103,129,129,157,171,181,181,31,31,48,64,160,160,85,104,115,134,134,163,189,214,214,224,238,267,267,179,197,296,296,296,308,314,325,337,365,365,365,382,382,433,288,320,27,45,45,45,75,18,18,18],"floor_reached":56,"playtime":2857,"items_purged":[],"score":1930,"play_id":"c06cf27d-05e1-4334-b241-3eea972b72f9","local_time":"25631223145926","is_ascension_mode":true,"campfire_choices":[{"floor":1.0,"key":"RECALL"},{"floor":12.0,"key":"REST"},{"data":"champ:PerfectedStrike","floor":18.0,"key":"SMITH"},{"data":"champ:GladiatorStyle","floor":26,"key":"SMITH"},{"floor":35,"key":"REST"},{"floor":42,"key":"REST"},{"floor":44,"key":"REST"},{"floor":54,"key":"REST"}],"circlet_count":0,"master_deck":["champ:Strike+1","champ:Strike+1","champ:Strike+1","champ:Defend+1","champ:Defend+1","champ:Defend+1","champ:Defend+1","champ:Execute","champ:Taunt","champ:RisingSlash","Slimebound:Icky","Slimebound:Icky","Slimebound:Icky","champ:FlashCut","champ:CrookedStrike","champ:EnGarde+1","champ:EnGarde+1","champ:SteelEdge+1","champ:GladiatorStyle+1","champ:StanceDance","champ:GladiatorStyle","champ:BringItOn","Decay","champ:CheapShot+1","champ:PerfectedStrike+1","champ:HeavySlash+1","champ:Haymaker","champ:Aggression+1","champ:StrikeOfGenius+1","Pot Of Greed","Pot Of Greed","Pot Of Greed","champ:Devastate+1","Guardian:StasisField+1","Guardian:StasisEngine+1","champ:PerfectedStrike","champ:EnchantSword+1","champ:SkillfulDodge+1","Pot Of Greed","champ:StanceDance+1","champ:GladiatorStyle+1","champ:GladiatorStyle+1","champ:BladeFlurry","Parasite","champ:GladiatorStyle","champ:CrookedStrike+1","Guardian:StasisEngine+1","champ:FocusedGladiator+1","Decay"],"relics":["champ:ChampionCrown","Du-Vu Doll","Golden Egg","Iron Hammer","infinitespire:Beetle Shell","hubris:DisguiseKit","downfall:HeartBlessingRed","downfall:HeartBlessingGreen","champ:PowerArmor","downfall:HeartBlessingBlue","hubris:Towel","hubris:ToyBattleship","Lantern","Grinning Jar","strawberrySpire:MawJerky","strawberrySpire:InflatableHammer","Fusion Hammer","jedi:heavyjacket","Oddly Smooth Stone","StrikeDummy","hubris:CuriousFeather","OrangePellets","Replay:Baseball","champ:GladiatorsBookOfMartialProwess","champ:SignatureFinisher","hubris:EmptyBottle"],"acts_visited":["Exordium","TheCity","TheBeyond","TheEnding"],"potions_floor_usage":[55],"damage_taken":[{"damage":12.0,"enemies":"Small Slimes","floor":2.0,"turns":5.0},{"damage":9.0,"enemies":"Jaw Worm","floor":4.0,"turns":3.0},{"damage":5.0,"enemies":"downfall:FleeingMerchant","floor":5.0,"turns":4.0},{"damage":35.0,"enemies":"3 Sentries","floor":6.0,"turns":7.0},{"damage":5.0,"enemies":"Gremlin Nob","floor":8.0,"turns":4.0},{"damage":0.0,"enemies":"2 Louse","floor":9.0,"turns":1.0},{"damage":5.0,"enemies":"Gremlin Gang","floor":10.0,"turns":3.0},{"damage":2.0,"enemies":"3 Louse","floor":14.0,"turns":2.0},{"damage":3.0,"enemies":"2 Fungi Beasts","floor":15.0,"turns":2.0},{"damage":37.0,"enemies":"downfall:Silent","floor":16.0,"turns":7.0},{"damage":2.0,"enemies":"Spheric Guardian","floor":19.0,"turns":3.0},{"damage":9.0,"enemies":"Chosen and Byrds","floor":20.0,"turns":4.0},{"damage":5.0,"enemies":"Centurion and Healer","floor":21.0,"turns":4.0},{"damage":14,"enemies":"Slavers","floor":23,"turns":4},{"damage":33,"enemies":"Book of Stabbing","floor":25,"turns":5},{"damage":7,"enemies":"Snake Plant","floor":27,"turns":4},{"damage":10,"enemies":"3 Cultists","floor":28,"turns":4},{"damage":0,"enemies":"Gremlin Leader","floor":29,"turns":4},{"damage":0,"enemies":"downfall:FleeingMerchant","floor":31,"turns":5},{"damage":12,"enemies":"Centurion and Healer","floor":32,"turns":4},{"damage":18,"enemies":"downfall:Defect","floor":33,"turns":6},{"damage":4,"enemies":"Orb Walker","floor":36,"turns":3},{"damage":0,"enemies":"downfall:FleeingMerchant","floor":37,"turns":1},{"damage":5,"enemies":"3 Shapes","floor":38,"turns":3},{"damage":3,"enemies":"Writhing Mass","floor":39,"turns":4},{"damage":39,"enemies":"Nightmare","floor":40,"turns":8},{"damage":0,"enemies":"Jaw Worm Horde","floor":43,"turns":3},{"damage":4,"enemies":"2 Orb Walkers","floor":45,"turns":3},{"damage":0,"enemies":"Reptomancer","floor":47,"turns":2},{"damage":0,"enemies":"Sphere and 2 Shapes","floor":49,"turns":3},{"damage":0,"enemies":"downfall:Watcher","floor":50,"turns":4},{"damage":22,"enemies":"downfall:CharBossMerchant","floor":52,"turns":6},{"damage":6,"enemies":"downfall:NeowBoss","floor":55,"turns":17}],"seed_played":"-2504778174422580605","potions_obtained":[{"floor":4.0,"key":"blueLaboratory:BottleOfVodka"},{"floor":6.0,"key":"SteroidPotion"},{"floor":9.0,"key":"blueLaboratory:BottledHope"},{"floor":15.0,"key":"SteroidPotion"},{"floor":20.0,"key":"champ:OpenerPotion"},{"floor":32,"key":"jedi:wingpotion"},{"floor":38,"key":"blueLaboratory:FrostheartPotion"}],"is_trial":false,"path_per_floor":["R","M","?","M","$","E","T","E","M","M","?","R","?","M","M","B",null,"R","M","M","M","?","E","T","E","R","M","M","E","?","$","M","B",null,"R","M","$","M","M","NM","T","R","M","R","?","$","E","$","M","B",null,"E","$","R","B",null],"character_chosen":"THE_CHAMP","items_purchased":["Golden Egg","champ:EnGarde","champ:SteelEdge","strawberrySpire:InflatableHammer","jedi:heavyjacket","champ:GladiatorStyle","OrangePellets","champ:GladiatorsBookOfMartialProwess","hubris:EmptyBottle"],"campfire_rested":5,"item_purchase_floors":[5,5,5,31,37,37,46,48,53],"current_hp_per_floor":[63,61,61,52,52,27,27,22,22,22,22,49,49,47,47,15,90,100,98,89,89,89,80,80,47,47,45,45,45,45,49,37,19,104,104,100,104,104,101,66,66,99,99,112,108,108,112,112,112,112,116,98,98,120,120],"gold":18,"neow_bonus":"ONE_RARE_RELIC","is_daily":false,"chose_seed":false,"campfire_upgraded":2,"win_rate":0.0,"timestamp":1608710366,"path_taken":["R","M","?","M","?","E","T","E","?","M","?","R","?","M","M","BOSS","R","M","M","?","?","E","T","E","R","M","M","E","?","$","M","BOSS","R","M","$","M","M","NM","T","R","M","R","?","?","E","$","M","BOSS","E","$","R","BOSS"],"items_purchased_type":["Relic","Card","Card","Relic","Relic","Card","Relic","Relic","Relic"],"build_version":"2020-12-13","purchased_purges":0,"victory":true,"max_hp_per_floor":[90,90,90,90,90,90,90,90,90,90,90,90,90,90,90,90,90,100,100,100,100,100,100,100,100,100,100,100,100,100,104,104,104,104,104,104,108,108,108,112,112,112,112,112,112,112,116,116,116,116,116,120,120,120,120],"relic_stats":{"OrangePellets":[15],"counters":[33,142],"obtain_stats":[{"Golden Egg":5,"Lantern":24,"champ:ChampionCrown":0,"downfall:HeartBlessingGreen":12,"hubris:EmptyBottle":53,"downfall:HeartBlessingBlue":18,"strawberrySpire:MawJerky":29,"strawberrySpire:InflatableHammer":31,"Iron Hammer":6,"Fusion Hammer":34,"hubris:CuriousFeather":45,"hubris:DisguiseKit":11,"downfall:HeartBlessingRed":12,"Oddly Smooth Stone":40,"infinitespire:Beetle Shell":8,"hubris:Towel":22,"champ:PowerArmor":17,"champ:GladiatorsBookOfMartialProwess":48,"Du-Vu Doll":0,"jedi:heavyjacket":37,"OrangePellets":46,"Replay:Baseball":47,"champ:SignatureFinisher":52,"hubris:ToyBattleship":23,"Grinning Jar":25,"StrikeDummy":41},{"Golden Egg":3,"Lantern":14,"champ:ChampionCrown":0,"downfall:HeartBlessingGreen":7,"hubris:EmptyBottle":32,"downfall:HeartBlessingBlue":10,"strawberrySpire:MawJerky":18,"strawberrySpire:InflatableHammer":19,"Iron Hammer":4,"Fusion Hammer":21,"hubris:CuriousFeather":28,"hubris:DisguiseKit":7,"downfall:HeartBlessingRed":7,"Oddly Smooth Stone":26,"infinitespire:Beetle Shell":5,"hubris:Towel":13,"champ:PowerArmor":10,"champ:GladiatorsBookOfMartialProwess":29,"Du-Vu Doll":0,"jedi:heavyjacket":23,"OrangePellets":28,"Replay:Baseball":29,"champ:SignatureFinisher":32,"hubris:ToyBattleship":14,"Grinning Jar":15,"StrikeDummy":26},{"Golden Egg":12,"Lantern":53,"champ:ChampionCrown":0,"downfall:HeartBlessingGreen":27,"hubris:EmptyBottle":125,"downfall:HeartBlessingBlue":38,"strawberrySpire:MawJerky":70,"strawberrySpire:InflatableHammer":75,"Iron Hammer":19,"Fusion Hammer":85,"hubris:CuriousFeather":110,"hubris:DisguiseKit":27,"downfall:HeartBlessingRed":27,"Oddly Smooth Stone":104,"infinitespire:Beetle Shell":23,"hubris:Towel":49,"champ:PowerArmor":38,"champ:GladiatorsBookOfMartialProwess":112,"Du-Vu Doll":0,"jedi:heavyjacket":89,"OrangePellets":110,"Replay:Baseball":112,"champ:SignatureFinisher":125,"hubris:ToyBattleship":53,"Grinning Jar":58,"StrikeDummy":104}]},"card_choices":[{"not_picked":["champ:EnragedBash","champ:Encircle"],"picked":"champ:RisingSlash","floor":2.0},{"not_picked":["champ:CalledShot","champ:RapidStrikes"],"picked":"champ:FlashCut","floor":4.0},{"not_picked":["champ:Circumvent","champ:BladeFlurry"],"picked":"champ:CrookedStrike","floor":5.0},{"not_picked":["champ:ShieldThrow","champ:AdrenalArmor"],"picked":"champ:GladiatorStyle","floor":6.0},{"not_picked":["champ:Circumvent","champ:FocusedBerserking"],"picked":"champ:StanceDance","floor":8.0},{"not_picked":["champ:Aggression","champ:PreciseThrust"],"picked":"champ:GladiatorStyle","floor":9.0},{"not_picked":["champ:CalledShot","champ:Riposte"],"picked":"champ:BringItOn","floor":10.0},{"not_picked":["champ:DefensiveShout","champ:Shatter","Guardian:Recover"],"picked":"champ:CheapShot","floor":14.0},{"not_picked":["champ:HeartStrike","champ:ShieldSigil","Guardian:PolyBeam"],"picked":"champ:PerfectedStrike","floor":15.0},{"not_picked":["champ:SwordThrow","champ:DancingMaster","Guardian:StasisStrike"],"picked":"champ:HeavySlash","floor":16.0},{"not_picked":["champ:BladeFlurry","champ:Riposte","Guardian:Gem_Green"],"picked":"champ:Haymaker","floor":19.0},{"not_picked":["champ:BerserkersShout+1","champ:FanOfKnives","champ:AdrenalArmor"],"picked":"Guardian:Gem_Purple","floor":20.0},{"not_picked":["champ:BerserkersShout","champ:BringItOn","Guardian:Gem_Purple"],"picked":"champ:Aggression+1","floor":21.0},{"not_picked":["champ:SwordSigil+1","champ:BringItOn","Guardian:Gem_White"],"picked":"champ:StrikeOfGenius","floor":23},{"not_picked":["champ:FanOfKnives+1","champ:ArenaPreparation","Guardian:ShieldCharger"],"picked":"champ:Devastate","floor":25},{"not_picked":["champ:FanOfKnives","champ:Shatter","champ:Encircle","Guardian:SentryBeam"],"picked":"SKIP","floor":27},{"not_picked":["champ:Encircle+1","champ:HeartStrike","champ:ShieldSigil"],"picked":"Guardian:StasisField","floor":28},{"not_picked":["champ:FalseCounter","champ:BerserkersShout","champ:EnragedBash","Guardian:CrystalBeam"],"picked":"SKIP","floor":29},{"not_picked":["champ:SkillfulDodge","champ:ShieldWall","champ:BerserkersShout"],"picked":"Guardian:StasisEngine","floor":31},{"not_picked":["champ:AdrenalArmor","champ:BringItOn","Guardian:Suspension"],"picked":"champ:PerfectedStrike","floor":32},{"not_picked":["champ:SteelEdge","champ:PerfectForm","Guardian:RevengeProtocol"],"picked":"champ:EnchantSword","floor":33},{"not_picked":["champ:BringItOn+1","champ:GladiatorsShout","Guardian:Planning"],"picked":"champ:SkillfulDodge+1","floor":36},{"not_picked":["champ:Shatter","champ:ShieldWall","Guardian:RevengeProtocol"],"picked":"champ:StanceDance+1","floor":37},{"not_picked":["champ:DefensiveShout","champ:FlashCut+1","Guardian:BronzeOrb"],"picked":"champ:BladeFlurry","floor":38},{"not_picked":["champ:PreciseThrust+1","champ:GutPunch","champ:CrookedStrike+1","Guardian:Suspension"],"picked":"SKIP","floor":39},{"not_picked":["champ:DefensiveStyle","champ:TornadoPunch","Guardian:PolyBeam"],"picked":"champ:GladiatorStyle","floor":40},{"not_picked":["champ:FocusedBerserking+1","champ:Backstep+1","champ:TornadoPunch+1","Guardian:Preprogram"],"picked":"SKIP","floor":43},{"not_picked":["champ:ViciousMockery+1","champ:FalseCounter","Guardian:Gem_Yellow"],"picked":"champ:CrookedStrike+1","floor":45},{"not_picked":["champ:SwordSigil","champ:Lariat","champ:GladiatorsShout+1"],"picked":"Guardian:StasisEngine","floor":47},{"not_picked":["champ:Riposte","champ:Backstep","champ:FalseCounter+1","Guardian:Recover"],"picked":"SKIP","floor":49},{"not_picked":["champ:FocusedBerserking","champ:Haymaker","Guardian:Repulse"],"picked":"champ:FocusedGladiator+1","floor":52}],"player_experience":997763,"relics_obtained":[{"floor":6.0,"key":"Iron Hammer"},{"floor":8.0,"key":"infinitespire:Beetle Shell"},{"floor":23,"key":"hubris:ToyBattleship"},{"floor":24,"key":"Lantern"},{"floor":25,"key":"Grinning Jar"},{"floor":29,"key":"strawberrySpire:MawJerky"},{"floor":40,"key":"Oddly Smooth Stone"},{"floor":41,"key":"StrikeDummy"},{"floor":45,"key":"hubris:CuriousFeather"},{"floor":47,"key":"Replay:Baseball"},{"floor":52,"key":"champ:SignatureFinisher"}],"event_choices":[{"cards_removed":["champ:Strike"],"damage_healed":0.0,"max_hp_gain":0.0,"max_hp_loss":0.0,"gold_gain":0.0,"event_name":"Bonfire Elementals","player_choice":"Offered Basic","floor":13.0,"gold_loss":0.0,"damage_taken":0.0},{"damage_healed":0,"gold_gain":0,"player_choice":"Simplicity","damage_taken":0,"max_hp_gain":0,"max_hp_loss":7,"event_name":"betterThird:BetterWriting","floor":30,"gold_loss":0},{"damage_healed":0,"gold_gain":0,"player_choice":"Fight","damage_taken":0,"max_hp_gain":0,"max_hp_loss":0,"event_name":"Mysterious Sphere","floor":45,"gold_loss":0}],"is_beta":false,"boss_relics":[{"not_picked":["hubris:HollowSoul","Astrolabe"],"picked":"champ:PowerArmor"},{"not_picked":["Black Star","Snecko Heart"],"picked":"Fusion Hammer"}],"items_purged_floors":[],"is_endless":false,"potions_floor_spawned":[4,6,9,15,20,21,25,28,32,38,39,45,47],"ascension_level":4}}