{"host":"z9grmtg2w0nmz8n1","time":1608694857,"event":{"mods":["Aspiration","Bard","BaseMod","Beaked The Cultist","Better Altar","Better Match","Better Note","Better Sensory Stone","Better Skull","Better Third Choice","BetterRewards","CCEM","Colored Map","Conspire","Downfall","GifTheSpireLib","Googly Eyes","Halation","Hermit","Highlight Path","Hubris","Hunter ??","Jedi Mod","Jorbs\u0027s Wanderer Trilogy","Mad Scientist","Marisa????????","Minty Spire (QoL Compilation)","Permanent Neow","Replay The Spire","Shade Mod","Shop Mod","Spicy Shops","StSLib","Stuff the Spire","The Bug Knight","The Construct","The Necromancer","The Runesmith","The Witch"],"gold_per_floor":[99,111,129,129,129,47,97,116,41,59,72,72,82,112,127,224,224,149,168,78,78,78,106,106,106,106],"floor_reached":25,"playtime":1273,"items_purged":["Runesmith:Strike_RS"],"score":221,"play_id":"e6451cef-f7e3-4ed4-a5cc-240dbd969d31","local_time":"20201223014057","is_ascension_mode":false,"campfire_choices":[{"floor":1,"key":"RECALL"},{"data":"Runesmith:LithiumIon","floor":9,"key":"SMITH"},{"data":"Runesmith:CraftFirestone","floor":12,"key":"SMITH"},{"data":"Runesmith:Fortify","floor":18,"key":"SMITH"}],"circlet_count":0,"master_deck":["Runesmith:Strike_RS","Runesmith:Strike_RS","Runesmith:Strike_RS","Runesmith:Defend_RS","Runesmith:Defend_RS","Runesmith:Defend_RS","Runesmith:Defend_RS","Runesmith:CraftFirestone+1","Runesmith:Fortify+1","Runesmith:Grindstone","Runesmith:EarthShield","Runesmith:LithiumIon+1","Runesmith:CraftMagma","Runesmith:EarthShield","Runesmith:EarthShield","Runesmith:HeatedChisel","Runesmith:ArcReactor"],"relics":["Runesmith:BrokenRuby","StuffTheSpire:HeavyRock","halation:StarCompass","construct:BoolHorns","downfall:HeartBlessingRed","aspiration:EmptySkull","Coffee Dripper","downfall:HeartBlessingGreen","Kunai","Molten Egg 2","jedi:HeartOfTheCards"],"acts_visited":["Exordium","TheCity"],"potions_floor_usage":[10,13,14,16,16],"damage_taken":[{"damage":0,"enemies":"2 Louse","floor":2,"turns":3},{"damage":0,"enemies":"Small Slimes","floor":3,"turns":3},{"damage":2,"enemies":"downfall:FleeingMerchant","floor":6,"turns":4},{"damage":0,"enemies":"Jaw Worm","floor":8,"turns":4},{"damage":0,"enemies":"Lots of Slimes","floor":10,"turns":3},{"damage":0,"enemies":"Looter","floor":11,"turns":3},{"damage":0,"enemies":"Gremlin Gang","floor":13,"turns":3},{"damage":1,"enemies":"Lagavulin","floor":14,"turns":7},{"damage":0,"enemies":"Lots of Slimes","floor":15,"turns":5},{"damage":2,"enemies":"Slime Boss","floor":16,"turns":10},{"damage":13,"enemies":"3 Byrds","floor":19,"turns":6},{"damage":0,"enemies":"downfall:FleeingMerchant","floor":20,"turns":4},{"damage":55,"enemies":"Gremlin Leader","floor":23,"turns":9},{"damage":5,"enemies":"Slavers","floor":25,"turns":3}],"seed_played":"-999589416131890139","potions_obtained":[{"floor":3,"key":"Explosive Potion"},{"floor":8,"key":"Toxic Potion"},{"floor":10,"key":"Adrenaline Potion"},{"floor":11,"key":"Block Potion"},{"floor":15,"key":"Weak Potion"}],"is_trial":false,"path_per_floor":["R","M","M","?","?","$","T","M","R","M","M","R","M","E","M","B",null,"R","M","$","T","?","E","T","E"],"character_chosen":"RUNESMITH_CLASS","items_purchased":["Runesmith:LithiumIon"],"campfire_rested":0,"item_purchase_floors":[6],"current_hp_per_floor":[70,70,70,70,52,50,50,50,50,50,50,50,50,49,49,47,70,70,57,57,57,57,2,2,0,0],"gold":106,"neow_bonus":"RANDOM_COMMON_RELIC","is_daily":false,"chose_seed":false,"campfire_upgraded":3,"win_rate":0.0,"timestamp":1608694857,"path_taken":["R","M","M","?","?","$","T","M","R","M","?","R","M","E","M","BOSS","R","M","$","?","?","E","T","E"],"items_purchased_type":["Card"],"build_version":"2020-12-13","purchased_purges":1,"victory":false,"max_hp_per_floor":[70,70,70,70,70,70,70,70,70,70,70,70,70,70,70,70,70,70,70,70,70,70,70,70,70,70],"card_choices":[{"not_picked":["Runesmith:Overpower","Runesmith:FieryHammer"],"picked":"Runesmith:Grindstone","floor":2},{"not_picked":["Runesmith:Overpower","Runesmith:MakeshiftArmor","Runesmith:BackupBattery"],"picked":"SKIP","floor":3},{"not_picked":["Runesmith:HammerThrow","Runesmith:Discharge"],"picked":"Runesmith:EarthShield","floor":6},{"not_picked":["Runesmith:HeatExchange","Runesmith:DoubleUp"],"picked":"Runesmith:CraftMagma","floor":8},{"not_picked":["Runesmith:UnstableHammer","Runesmith:EnergizedChisel","Runesmith:MakeshiftArmor"],"picked":"SKIP","floor":10},{"not_picked":["Runesmith:EnergizedChisel","Runesmith:FissionHammer"],"picked":"Runesmith:EarthShield","floor":11},{"not_picked":["Runesmith:UnstableHammer","Runesmith:ChiselStab"],"picked":"Runesmith:EarthShield","floor":13},{"not_picked":["Runesmith:BackupBattery","Runesmith:Superposition","Runesmith:CraftSpiculum"],"picked":"SKIP","floor":14},{"not_picked":["Runesmith:HammerThrow","Runesmith:CraftReservo"],"picked":"Runesmith:HeatedChisel","floor":15},{"not_picked":["Runesmith:Supernova","Runesmith:LightningRod"],"picked":"Runesmith:ArcReactor","floor":16},{"not_picked":["Runesmith:HammerAndChisel","Runesmith:HammerThrow","Runesmith:EarthShield"],"picked":"SKIP","floor":19},{"not_picked":["Runesmith:UnstableHammer","Runesmith:StaticCage","Runesmith:Repurpose"],"picked":"SKIP","floor":20},{"not_picked":["Runesmith:CraftSpiculum","Runesmith:CraftProtectio","Runesmith:CraftVitae"],"picked":"SKIP","floor":23}],"player_experience":634516,"relics_obtained":[{"floor":14,"key":"aspiration:EmptySkull"},{"floor":21,"key":"Kunai"},{"floor":23,"key":"Molten Egg 2"},{"floor":24,"key":"jedi:HeartOfTheCards"}],"event_choices":[{"damage_healed":0,"gold_gain":0,"player_choice":"Relic ","damage_taken":18,"max_hp_gain":0,"max_hp_loss":0,"event_name":"betterThird:BetterScrap","floor":5,"gold_loss":0,"cards_obtained":["Searing Blow"]},{"cards_removed":["Runesmith:Strike_RS"],"damage_healed":0,"gold_gain":0,"player_choice":"Give","damage_taken":0,"max_hp_gain":0,"max_hp_loss":0,"event_name":"betterNote:BetterNote","floor":22,"gold_loss":0,"cards_obtained":["Guardian:Strike_Guardian"]}],"is_beta":false,"boss_relics":[{"not_picked":["halation:LoveArrow","Runesmith:CoreCrystal"],"picked":"Coffee Dripper"}],"items_purged_floors":[20],"is_endless":false,"potions_floor_spawned":[3,8,10,11,15],"killed_by":"Slavers","ascension_level":0}}