{"host":"k5dhp0bkccqfauyu","time":1608705285,"event":{"mods":["BaseMod","Better Note","Better Skull","Better Vampires","Colored Map","Colored Powertips","DeckTracker","Minty Spire (QoL Compilation)","Permanent Neow","StSLib","SuperFastMode"],"gold_per_floor":[118,137,155,170,188,188,221,247,270,270,270,230,17,17,17,94,94,108,108,108,108,108,80,112,27,54,80,80,80,106,40,40,40,40],"floor_reached":33,"playtime":1082,"items_purged":["Writhe"],"score":723,"play_id":"b6fab8af-8c97-404c-a0b8-8c90cf7e5be9","local_time":"20201223173445","is_ascension_mode":true,"campfire_choices":[{"data":"Bouncing Flask","floor":6,"key":"SMITH"},{"data":"Malaise","floor":10,"key":"SMITH"},{"data":"Crippling Poison","floor":15,"key":"SMITH"},{"data":"Concentrate","floor":28,"key":"SMITH"},{"data":"Expertise","floor":32,"key":"SMITH"}],"circlet_count":0,"master_deck":["AscendersBane","Strike_G","Strike_G","Strike_G","Defend_G","Defend_G","Defend_G","Defend_G","Defend_G","Survivor","Neutralize","Dodge and Roll","Bouncing Flask+1","All Out Attack","Bouncing Flask","Malaise+1","Backflip","Expertise+1","Dodge and Roll","Crippling Poison+1","Deadly Poison","Malaise+1","Deadly Poison","Concentrate+1","PiercingWail"],"relics":["Coffee Dripper","Matryoshka","Odd Mushroom","Juzu Bracelet","Nunchaku","Membership Card","Philosopher\u0027s Stone","Dream Catcher","Pear","Ancient Tea Set","Centennial Puzzle","Unceasing Top","Torii","Bronze Scales"],"acts_visited":["Exordium","TheCity"],"potions_floor_usage":[5,8,12,16,24,24,27,30,33],"damage_taken":[{"damage":0,"enemies":"2 Louse","floor":1,"turns":3},{"damage":0,"enemies":"Jaw Worm","floor":2,"turns":5},{"damage":0,"enemies":"Cultist","floor":3,"turns":4},{"damage":0,"enemies":"Exordium Wildlife","floor":4,"turns":3},{"damage":0,"enemies":"Lots of Slimes","floor":5,"turns":2},{"damage":37,"enemies":"Gremlin Nob","floor":7,"turns":4},{"damage":9,"enemies":"The Mushroom Lair","floor":8,"turns":4},{"damage":0,"enemies":"Looter","floor":12,"turns":4},{"damage":0,"enemies":"Hexaghost","floor":16,"turns":8},{"damage":18,"enemies":"3 Byrds","floor":18,"turns":5},{"damage":16,"enemies":"2 Thieves","floor":23,"turns":4},{"damage":12,"enemies":"Slavers","floor":24,"turns":5},{"damage":2,"enemies":"Book of Stabbing","floor":27,"turns":5},{"damage":28,"enemies":"Slavers","floor":30,"turns":5},{"damage":39,"enemies":"Champ","floor":33,"turns":9}],"seed_played":"-4806437637921411145","potions_obtained":[{"floor":1,"key":"Energy Potion"},{"floor":4,"key":"AttackPotion"},{"floor":7,"key":"FearPotion"},{"floor":8,"key":"ColorlessPotion"},{"floor":23,"key":"Dexterity Potion"},{"floor":24,"key":"ColorlessPotion"},{"floor":27,"key":"ColorlessPotion"}],"is_trial":false,"path_per_floor":["M","M","M","M","M","R","E","?","T","R","?","M","$","?","R","B",null,"M","?","?","?","?","M","E","?","T","E","R","?","E","$","R","B"],"character_chosen":"THE_SILENT","items_purchased":["Membership Card","Crippling Poison","Dexterity Potion"],"campfire_rested":0,"item_purchase_floors":[13,13,31],"current_hp_per_floor":[59,59,59,59,59,59,22,13,13,13,13,13,13,13,13,13,53,35,35,35,35,76,60,48,58,58,56,56,56,28,28,28,0,0],"gold":40,"neow_bonus":"BOSS_RELIC","is_daily":false,"chose_seed":false,"campfire_upgraded":5,"win_rate":0.0,"timestamp":1608705285,"path_taken":["M","M","M","M","M","R","E","?","T","R","?","M","?","?","R","BOSS","M","?","?","?","?","M","E","?","T","E","R","?","E","$","R","BOSS"],"items_purchased_type":["Relic","Card","Potion"],"build_version":"2020-12-22","purchased_purges":1,"victory":false,"max_hp_per_floor":[66,66,66,66,66,66,66,66,66,66,66,66,66,66,66,66,66,66,66,66,66,76,76,76,86,86,86,86,86,86,86,86,86,86],"card_choices":[{"not_picked":["Reflex","Setup"],"picked":"Dodge and Roll","floor":1},{"not_picked":["Dodge and Roll","Distraction"],"picked":"Bouncing Flask","floor":2},{"not_picked":["Blade Dance","Deadly Poison"],"picked":"All Out Attack","floor":3},{"not_picked":["Backflip","Slice"],"picked":"Bouncing Flask","floor":4},{"not_picked":["Bane","PiercingWail"],"picked":"Malaise","floor":5},{"not_picked":["Prepared","Well Laid Plans"],"picked":"Backflip","floor":7},{"not_picked":["Underhanded Strike","Terror"],"picked":"Expertise","floor":8},{"not_picked":["Slice","Cloak And Dagger"],"picked":"Dodge and Roll","floor":12},{"not_picked":["Malaise","Bullet Time"],"picked":"Venomology","floor":16},{"not_picked":["Eviscerate","Outmaneuver"],"picked":"Deadly Poison","floor":18},{"not_picked":["Concentrate","Poisoned Stab"],"picked":"PiercingWail","floor":23},{"not_picked":["Distraction","Cloak And Dagger","Finisher+1"],"picked":"SKIP","floor":24},{"not_picked":["Caltrops","Accuracy","Malaise"],"picked":"SKIP","floor":27},{"not_picked":["Backstab","Dagger Throw","Sucker Punch"],"picked":"SKIP","floor":30}],"player_experience":1816447,"relics_obtained":[{"floor":7,"key":"Matryoshka"},{"floor":8,"key":"Odd Mushroom"},{"floor":9,"key":"Juzu Bracelet"},{"floor":9,"key":"Nunchaku"},{"floor":24,"key":"Dream Catcher"},{"floor":26,"key":"Ancient Tea Set"},{"floor":26,"key":"Centennial Puzzle"},{"floor":27,"key":"Unceasing Top"},{"floor":30,"key":"Bronze Scales"}],"event_choices":[{"damage_healed":0,"gold_gain":0,"player_choice":"Fought Mushrooms","damage_taken":0,"max_hp_gain":0,"max_hp_loss":0,"event_name":"Mushrooms","floor":8,"gold_loss":0},{"damage_healed":0,"gold_gain":0,"player_choice":"Ignored","damage_taken":0,"max_hp_gain":0,"max_hp_loss":0,"event_name":"Shining Light","floor":11,"gold_loss":0},{"damage_healed":0,"gold_gain":0,"player_choice":"Ignored","damage_taken":0,"max_hp_gain":0,"max_hp_loss":0,"event_name":"Liars Game","floor":14,"gold_loss":0},{"damage_healed":0,"gold_gain":0,"player_choice":"Ignored","damage_taken":0,"max_hp_gain":0,"max_hp_loss":0,"event_name":"Vampires","floor":19,"gold_loss":0},{"damage_healed":0,"gold_gain":0,"player_choice":"Copied","damage_taken":0,"max_hp_gain":0,"max_hp_loss":0,"event_name":"Duplicator","floor":20,"gold_loss":0,"cards_obtained":["Malaise"]},{"damage_healed":0,"gold_gain":0,"cards_transformed":["Strike_G","Strike_G"],"player_choice":"Became Test Subject","damage_taken":0,"max_hp_gain":0,"max_hp_loss":0,"event_name":"Drug Dealer","floor":21,"gold_loss":0,"cards_obtained":["Deadly Poison","Concentrate"]},{"cards_removed":["Venomology"],"damage_healed":31,"gold_gain":0,"player_choice":"Offered Rare","damage_taken":0,"max_hp_gain":10,"max_hp_loss":0,"event_name":"Bonfire Elementals","floor":22,"gold_loss":0},{"damage_healed":0,"gold_gain":0,"player_choice":"Obtained Relic","damage_taken":0,"relics_obtained":["Pear"],"max_hp_gain":0,"max_hp_loss":0,"event_name":"Addict","floor":25,"gold_loss":85},{"damage_healed":0,"gold_gain":0,"player_choice":"Opened","damage_taken":0,"relics_obtained":["Torii"],"max_hp_gain":0,"max_hp_loss":0,"event_name":"The Mausoleum","floor":29,"gold_loss":0,"cards_obtained":["Writhe"]}],"is_beta":false,"boss_relics":[{"not_picked":["Fusion Hammer","HoveringKite"],"picked":"Philosopher\u0027s Stone"}],"items_purged_floors":[31],"is_endless":false,"potions_floor_spawned":[1,4,7,8,23,24,27],"killed_by":"Champ","ascension_level":20}}