{"host":"kh6fvhxn285ncg0o","time":1608757229,"event":{"mods":["Act Like it!","BaseMod","Colored Map","Friendly Minions","Keyboard Shortcuts","Minty Spire (QoL Compilation)","Quick Restart","Relic Stats","StSLib","SuperFastMode"],"gold_per_floor":[118,129,129,54,73,73,106,106,106,125,179,193,256,256,256,352,352,375,300,324,342,357,398,398,439,439,480,480,480,218,493,493,589,589,607,626,334,347,259,295,308,308,333,349,349,383,404,419,419,419,419,419,419,44,83,83],"floor_reached":57,"playtime":1977,"items_purged":["Strike_R","Strike_R","Strike_R","Twin Strike+1"],"score":3039,"play_id":"7c6d8fdd-9b41-4743-a9e4-7725b53f21bf","local_time":"20201224060029","is_ascension_mode":true,"campfire_choices":[{"data":"Bash","floor":6.0,"key":"SMITH"},{"floor":8.0,"key":"REST"},{"data":"Spot Weakness","floor":15,"key":"SMITH"},{"data":"Battle Trance","floor":29,"key":"SMITH"},{"data":"Evolve","floor":32,"key":"SMITH"},{"floor":42,"key":"RECALL"},{"floor":45,"key":"REST"},{"floor":49,"key":"REST"},{"floor":53,"key":"REST"}],"circlet_count":0,"master_deck":["AscendersBane","Defend_R","Defend_R","Defend_R","Defend_R","Bash+1","Bloodletting","Spot Weakness+1","Battle Trance+1","Reckless Charge+1","Feel No Pain","Fiend Fire+1","Disarm","Entrench+1","Shrug It Off","Evolve+1","Writhe","Regret","Juggernaut","Shockwave","Second Wind","Dark Embrace"],"relics":["Burning Blood","Molten Egg 2","Akabeko","Eternal Feather","Matryoshka","Gremlin Horn","Golden Idol","Runic Pyramid","Mummified Hand","HornCleat","Shuriken","Bag of Preparation","Lantern","Blue Candle","Du-Vu Doll","OrangePellets","Fusion Hammer","Happy Flower","Sundial","Nunchaku","Darkstone Periapt","Anchor","Blood Vial"],"acts_visited":["Exordium","TheCity","TheBeyond","TheEnding"],"potions_floor_usage":[11,18,23,25,56,56],"damage_taken":[{"damage":8.0,"enemies":"Small Slimes","floor":1.0,"turns":4.0},{"damage":5.0,"enemies":"Jaw Worm","floor":2.0,"turns":3.0},{"damage":9.0,"enemies":"2 Louse","floor":5.0,"turns":4.0},{"damage":40.0,"enemies":"3 Sentries","floor":7.0,"turns":8.0},{"damage":3,"enemies":"Looter","floor":10,"turns":1},{"damage":0,"enemies":"Gremlin Nob","floor":11,"turns":2},{"damage":7,"enemies":"Exordium Wildlife","floor":12,"turns":3},{"damage":13,"enemies":"3 Sentries","floor":13,"turns":7},{"damage":33,"enemies":"The Guardian","floor":16,"turns":12},{"damage":3,"enemies":"3 Byrds","floor":18,"turns":4},{"damage":0,"enemies":"Chosen","floor":20,"turns":3},{"damage":19,"enemies":"Snake Plant","floor":21,"turns":2},{"damage":0,"enemies":"Snecko","floor":22,"turns":2},{"damage":0,"enemies":"Gremlin Leader","floor":23,"turns":2},{"damage":41,"enemies":"Slavers","floor":25,"turns":6},{"damage":10,"enemies":"Book of Stabbing","floor":27,"turns":3},{"damage":16,"enemies":"Automaton","floor":33,"turns":6},{"damage":0,"enemies":"Orb Walker","floor":35,"turns":1},{"damage":10,"enemies":"3 Darklings","floor":36,"turns":4},{"damage":4,"enemies":"4 Shapes","floor":38,"turns":3},{"damage":31,"enemies":"Nemesis","floor":40,"turns":5},{"damage":0,"enemies":"Transient","floor":41,"turns":6},{"damage":0,"enemies":"Maw","floor":44,"turns":6},{"damage":1,"enemies":"Reptomancer","floor":46,"turns":3},{"damage":0,"enemies":"Sphere and 2 Shapes","floor":47,"turns":2},{"damage":15,"enemies":"3 Darklings","floor":48,"turns":4},{"damage":11,"enemies":"Donu and Deca","floor":50,"turns":6},{"damage":29,"enemies":"Awakened One","floor":51,"turns":6},{"damage":10,"enemies":"Shield and Spear","floor":55,"turns":3},{"damage":64,"enemies":"The Heart","floor":56,"turns":7}],"seed_played":"339348103463289700","potions_obtained":[{"floor":1.0,"key":"FearPotion"},{"floor":10,"key":"ColorlessPotion"},{"floor":16,"key":"Swift Potion"},{"floor":18,"key":"SkillPotion"},{"floor":25,"key":"BloodPotion"},{"floor":27,"key":"Energy Potion"},{"floor":38,"key":"LiquidBronze"},{"floor":44,"key":"GamblersBrew"},{"floor":46,"key":"SteroidPotion"},{"floor":48,"key":"Energy Potion"},{"floor":55,"key":"SpeedPotion"}],"is_trial":false,"path_per_floor":["M","M","?","$","M","R","E","R","T","M","E","M","?","?","R","B",null,"M","?","M","M","M","E","T","E","T","E","?","R","$","?","R","B",null,"M","M","$","M","$","E","M","R","T","M","R","E","M","M","R","B","B",null,"R","$","E","B",null],"character_chosen":"IRONCLAD","items_purchased":["OrangePellets","Happy Flower","Dark Embrace","Anchor","Dexterity Potion"],"campfire_rested":4,"item_purchase_floors":[30,37,39,54,54],"current_hp_per_floor":[66,67,49,49,46,46,12,34,34,37,43,42,35,35,44,17,55,58,58,64,51,57,63,63,28,28,24,24,36,36,36,48,38,61,67,63,63,65,65,40,46,58,58,64,68,68,68,59,68,63,40,61,68,68,64,8],"gold":83,"neow_bonus":"TRANSFORM_CARD","is_daily":false,"chose_seed":false,"campfire_upgraded":4,"win_rate":0.0,"timestamp":1608757229,"path_taken":["M","M","?","$","M","R","E","R","T","M","E","M","?","?","R","BOSS","M","?","M","M","M","E","?","E","T","E","?","R","$","?","R","BOSS","M","M","$","M","?","E","M","R","T","M","R","E","M","M","R","BOSS","BOSS","R","$","E","BOSS"],"items_purchased_type":["Relic","Relic","Card","Relic","Potion"],"build_version":"2020-12-22","purchased_purges":4,"victory":true,"max_hp_per_floor":[75,75,75,75,75,75,75,75,75,75,75,75,75,68,68,68,68,68,68,68,68,68,68,68,68,68,68,68,68,68,68,68,68,68,68,68,68,68,68,68,68,68,68,68,68,68,68,68,68,68,68,68,68,68,68,68],"relic_stats":{"Darkstone Periapt":0,"Gremlin Horn":[23,31],"Happy Flower":[17],"counters":[30,128],"Golden Idol":182,"Blue Candle":[12],"Eternal Feather":65,"Bag of Preparation":[30],"Burning Blood":169,"Blood Vial":2,"OrangePellets":[13],"Nunchaku":[8],"Mummified Hand":[63],"Shuriken":[29],"Sundial":[56],"obtain_stats":[{"Darkstone Periapt":46,"Lantern":26,"Gremlin Horn":13,"Happy Flower":37,"Golden Idol":14,"Blue Candle":27,"Eternal Feather":9,"Bag of Preparation":25,"Burning Blood":0,"Akabeko":7,"Du-Vu Doll":28,"Blood Vial":55,"OrangePellets":30,"Nunchaku":43,"Anchor":54,"Matryoshka":11,"HornCleat":24,"Mummified Hand":23,"Shuriken":24,"Sundial":40,"Molten Egg 2":3,"Fusion Hammer":34,"Runic Pyramid":17},{"Darkstone Periapt":24,"Lantern":15,"Gremlin Horn":7,"Happy Flower":19,"Golden Idol":8,"Blue Candle":16,"Eternal Feather":4,"Bag of Preparation":15,"Burning Blood":0,"Akabeko":4,"Du-Vu Doll":16,"Blood Vial":29,"OrangePellets":16,"Nunchaku":22,"Anchor":28,"Matryoshka":6,"HornCleat":14,"Mummified Hand":14,"Shuriken":14,"Sundial":21,"Molten Egg 2":2,"Fusion Hammer":17,"Runic Pyramid":9},{"Darkstone Periapt":100,"Lantern":63,"Gremlin Horn":25,"Happy Flower":77,"Golden Idol":32,"Blue Candle":66,"Eternal Feather":19,"Bag of Preparation":63,"Burning Blood":0,"Akabeko":19,"Du-Vu Doll":66,"Blood Vial":121,"OrangePellets":66,"Nunchaku":91,"Anchor":118,"Matryoshka":22,"HornCleat":57,"Mummified Hand":57,"Shuriken":57,"Sundial":85,"Molten Egg 2":7,"Fusion Hammer":72,"Runic Pyramid":44}]},"card_choices":[{"not_picked":["Sentinel","Perfected Strike"],"picked":"Spot Weakness","floor":1.0},{"not_picked":["Power Through","Thunderclap+1"],"picked":"Twin Strike+1","floor":5.0},{"not_picked":["Corruption","Rampage+1"],"picked":"Battle Trance","floor":7.0},{"not_picked":["Entrench","Clash+1","Cleave+1"],"picked":"SKIP","floor":10},{"not_picked":["Iron Wave+1","Flex"],"picked":"Reckless Charge+1","floor":11},{"not_picked":["Twin Strike+1","Dark Embrace","Anger+1"],"picked":"SKIP","floor":12},{"not_picked":["Perfected Strike+1","Pummel+1"],"picked":"Feel No Pain","floor":13},{"not_picked":["Feed+1","Demon Form"],"picked":"Fiend Fire+1","floor":16},{"not_picked":["Thunderclap+1","Armaments+1"],"picked":"Disarm","floor":18},{"not_picked":["Armaments","Rupture","Inflame"],"picked":"SKIP","floor":20},{"not_picked":["Bloodletting","Headbutt+1"],"picked":"Entrench+1","floor":21},{"not_picked":["Havoc","Clothesline+1"],"picked":"Shrug It Off","floor":22},{"not_picked":["Bloodletting+1","Clothesline+1","Perfected Strike+1"],"picked":"SKIP","floor":23},{"not_picked":["Bloodletting","Heavy Blade+1","Sentinel"],"picked":"SKIP","floor":25},{"not_picked":["Cleave+1","Flex"],"picked":"Evolve","floor":27},{"not_picked":["Reaper+1","Double Tap"],"picked":"Juggernaut","floor":33},{"not_picked":["Perfected Strike+1","Shockwave","Armaments"],"picked":"SKIP","floor":35},{"not_picked":["Perfected Strike+1","Armaments"],"picked":"Shockwave","floor":35},{"not_picked":["Anger+1","Clothesline+1","Battle Trance"],"picked":"SKIP","floor":36},{"not_picked":["True Grit","Shrug It Off"],"picked":"Second Wind","floor":38},{"not_picked":["Clothesline+1","Dark Embrace","Flex"],"picked":"SKIP","floor":40},{"not_picked":["Clothesline+1","Dark Embrace","Flex"],"picked":"SKIP","floor":40},{"not_picked":["Disarm+1","Thunderclap+1","Reckless Charge+1"],"picked":"SKIP","floor":41},{"not_picked":["Evolve","Shockwave","Thunderclap+1"],"picked":"SKIP","floor":44},{"not_picked":["True Grit","Armaments","Sever Soul+1"],"picked":"SKIP","floor":46},{"not_picked":["Clothesline+1","Fire Breathing","Whirlwind+1"],"picked":"SKIP","floor":47},{"not_picked":["Cleave+1","Reaper+1","Clothesline+1"],"picked":"SKIP","floor":48},{"not_picked":["Body Slam+1","Cleave+1","Sword Boomerang+1"],"picked":"SKIP","floor":55}],"player_experience":3230525,"relics_obtained":[{"floor":7.0,"key":"Akabeko"},{"floor":9.0,"key":"Eternal Feather"},{"floor":11,"key":"Matryoshka"},{"floor":23,"key":"Mummified Hand"},{"floor":24,"key":"HornCleat"},{"floor":24,"key":"Shuriken"},{"floor":25,"key":"Bag of Preparation"},{"floor":26,"key":"Lantern"},{"floor":27,"key":"Blue Candle"},{"floor":40,"key":"Sundial"},{"floor":43,"key":"Nunchaku"},{"floor":46,"key":"Darkstone Periapt"},{"floor":55,"key":"Blood Vial"}],"event_choices":[{"damage_healed":0.0,"max_hp_gain":0.0,"max_hp_loss":0.0,"gold_gain":0.0,"event_name":"Scrap Ooze","player_choice":"Success","floor":3.0,"gold_loss":0.0,"damage_taken":18.0,"relics_obtained":["Molten Egg 2"]},{"damage_healed":0,"gold_gain":0,"player_choice":"Searched \u00272\u0027 times","damage_taken":0,"relics_obtained":["Gremlin Horn"],"max_hp_gain":0,"max_hp_loss":0,"event_name":"Dead Adventurer","floor":13,"gold_loss":0},{"damage_healed":0,"gold_gain":0,"player_choice":"Lose Max HP","damage_taken":0,"relics_obtained":["Golden Idol"],"max_hp_gain":0,"max_hp_loss":7,"event_name":"Golden Idol","floor":14,"gold_loss":0},{"cards_removed":["Strike_R"],"damage_healed":0,"gold_gain":0,"player_choice":"Gave Gold","damage_taken":0,"max_hp_gain":0,"max_hp_loss":0,"event_name":"Beggar","floor":19,"gold_loss":75},{"damage_healed":0,"gold_gain":0,"player_choice":"Opened","damage_taken":0,"relics_obtained":["Du-Vu Doll"],"max_hp_gain":0,"max_hp_loss":0,"event_name":"The Mausoleum","floor":28,"gold_loss":0,"cards_obtained":["Writhe"]},{"damage_healed":0,"gold_gain":275,"player_choice":"Desecrate","damage_taken":0,"max_hp_gain":0,"max_hp_loss":0,"event_name":"Golden Shrine","floor":31,"gold_loss":0,"cards_obtained":["Regret"]}],"is_beta":false,"boss_relics":[{"not_picked":["Black Blood","SlaversCollar"],"picked":"Runic Pyramid"},{"not_picked":["Velvet Choker","Pandora\u0027s Box"],"picked":"Fusion Hammer"}],"items_purged_floors":[4,30,37,54],"is_endless":false,"potions_floor_spawned":[1,10,16,18,22,25,27,38,41,44,46,48,55],"ascension_level":20}}