{"host":"h5acbxt0wmjo1kpm","time":1608719436,"event":{"mods":["2.2 Compatiblity","Act Like it!","AlwaysNeverKeys","Aspiration","Bartender","BaseMod","Better Third Choice","Colored Map","Elementarium","Gensokyo","GifTheSpireLib","Hallownest","Marisa????????","Minty Spire (QoL Compilation)","Permanent Neow","Potionbrewer","Relic Filter","Replay The Spire","Robot Space Explorer","RumiaBox-????????","Shade Mod","Spicy Shops","StSLib","Strawberry Spire","The Blackbeard","The Dragon Tamer","The Forsaken","The Gatherer","The Problem Sleuth","The Servant 0.9.4","Wandering Minibosses","vexMod"],"gold_per_floor":[115,20,32,296,296,296,396,425,452,452,467,467,467,216,216,216,216],"floor_reached":16,"playtime":914,"items_purged":[],"score":164,"play_id":"79e65e72-7e31-4e02-81fe-9eee74370d99","local_time":"20201223023036","is_ascension_mode":true,"campfire_choices":[{"data":"strawberrySpire:BreederCore","floor":6.0,"key":"SMITH"},{"floor":10,"key":"REST"},{"data":"Coolheaded","floor":15,"key":"SMITH"}],"circlet_count":0,"master_deck":["AscendersBane","Strike_B","Strike_B","Strike_B","Strike_B","Defend_B","Defend_B","Defend_B","Defend_B","Dualcast","Auto Shields","Aggregate+1","strawberrySpire:BreederCore+1","Doom and Gloom","FIFO Queue","Coolheaded+1","Coolheaded+1","Conserve Battery+1"],"relics":["strawberrySpire:JuiceKeg","Baka","Cleaning_Rag","Gensokyo:OccultBall","aspiration:ChemicalBlood","Gremlin Food","Gensokyo:Justice","Kunai"],"acts_visited":["Gensokyo:Gensokyo"],"potions_floor_usage":[16],"damage_taken":[{"damage":6.0,"enemies":"Gensokyo:2_Kodama","floor":1.0,"turns":4.0},{"damage":8.0,"enemies":"Gensokyo:Gryphon","floor":3.0,"turns":2.0},{"damage":19.0,"enemies":"Gensokyo:Python","floor":4.0,"turns":3.0},{"damage":11,"enemies":"Gensokyo:Cirno","floor":8,"turns":6},{"damage":6,"enemies":"Gensokyo:LivingMonolith","floor":11,"turns":6},{"damage":46,"enemies":"Gensokyo:Kokoro","floor":16,"turns":13}],"seed_played":"-4623978572105890479","potions_obtained":[{"floor":3.0,"key":"ColorlessPotion"},{"floor":11,"key":"DuplicationPotion"}],"is_trial":false,"path_per_floor":["M","COS","M","M","?","R","?","E","T","R","M","?","?","$","R","B"],"character_chosen":"DEFECT","items_purchased":["Kunai"],"campfire_rested":1,"item_purchase_floors":[14],"current_hp_per_floor":[58,58,50,31,31,31,31,20,20,41,35,35,35,35,35,0,0],"gold":216,"neow_bonus":"BOSS_RELIC","is_daily":false,"chose_seed":false,"campfire_upgraded":2,"win_rate":0.0,"timestamp":1608719436,"path_taken":["M","COS","M","M","?","R","?","E","T","R","M","?","?","$","R","BOSS"],"items_purchased_type":["Relic"],"build_version":"2020-12-22","purchased_purges":0,"victory":false,"max_hp_per_floor":[71,71,71,71,71,71,71,71,71,71,71,71,71,71,71,71,71],"card_choices":[{"not_picked":["Barrage","Gash"],"picked":"Auto Shields","floor":1.0},{"not_picked":["Sweeping Beam+1","Steam+1"],"picked":"Aggregate+1","floor":3.0},{"not_picked":["Double Energy","strawberrySpire:NeonFlight"],"picked":"strawberrySpire:BreederCore","floor":3.0},{"not_picked":["strawberrySpire:Refactor","strawberrySpire:Gammacceleration"],"picked":"Creative AI","floor":4.0},{"not_picked":["Ball Lightning","Lockon"],"picked":"Doom and Gloom","floor":4.0},{"not_picked":["Barrage","Stack"],"picked":"FIFO Queue","floor":4.0},{"not_picked":["strawberrySpire:FocalLaser","Leap","Gash"],"picked":"SKIP","floor":4.0},{"not_picked":["strawberrySpire:Compressor","Hologram","Go for the Eyes"],"picked":"SKIP","floor":4.0},{"not_picked":["Machine Learning","Streamline"],"picked":"Coolheaded","floor":8},{"not_picked":["Rebound","Redo"],"picked":"Coolheaded","floor":11}],"player_experience":1919780,"relics_obtained":[{"floor":1.0,"key":"Baka"},{"floor":3.0,"key":"Cleaning_Rag"},{"floor":8,"key":"aspiration:ChemicalBlood"},{"floor":9,"key":"Gremlin Food"}],"event_choices":[],"is_beta":false,"boss_relics":[],"items_purged_floors":[],"is_endless":false,"potions_floor_spawned":[3,11],"killed_by":"Gensokyo:Kokoro","ascension_level":15}}