{"host":"b0ld7eylq5gzg1l4","time":1608697921,"event":{"mods":["2.2 Compatiblity","BaseMod","Clockwork Mod","Downfall","Hermit","Key Reminder","Minty Spire (QoL Compilation)","Permanent Neow","Shade Mod","StSLib","The Accelerator","The Clintock","The Construct","The Cursed","The Disciple","The Runesmith"],"gold_per_floor":[16,34,34,34,54,80,80,80,80],"floor_reached":8,"playtime":531,"items_purged":[],"score":56,"play_id":"7c37b395-f444-4d25-b89f-a3f8e13de0f5","local_time":"20201222233201","is_ascension_mode":false,"campfire_choices":[{"data":"Clockwork:Tinker","floor":7,"key":"SMITH"}],"circlet_count":0,"master_deck":["Clockwork:Strike+1","Clockwork:Strike","Clockwork:Strike","Clockwork:Shield","Clockwork:Shield","Clockwork:Tinker+1","Clockwork:WarmUp","Clockwork:RevUp+1","Clockwork:PerfectedStrike","Clockwork:Downsize","Clockwork:ChargingShield"],"relics":["Clockwork:MomentumEngine","champ:DuelingGlove","construct:FoamFinger"],"acts_visited":["Exordium"],"potions_floor_usage":[6],"damage_taken":[{"damage":1,"enemies":"Cultist","floor":1,"turns":7},{"damage":0,"enemies":"Small Slimes","floor":2,"turns":7},{"damage":5,"enemies":"Jaw Worm","floor":5,"turns":5},{"damage":57,"enemies":"Gremlin Nob","floor":6,"turns":6},{"damage":18,"enemies":"Lagavulin","floor":8,"turns":4}],"seed_played":"-3721472484783884834","potions_obtained":[{"floor":1,"key":"Explosive Potion"}],"is_trial":false,"path_per_floor":["M","M","?","?","M","E","R","E"],"character_chosen":"CLOCKWORK","items_purchased":[],"campfire_rested":0,"item_purchase_floors":[],"current_hp_per_floor":[84,84,84,67,62,5,5,0,0],"gold":80,"neow_bonus":"ONE_RARE_RELIC","is_daily":false,"chose_seed":false,"campfire_upgraded":1,"win_rate":0.0,"timestamp":1608697921,"path_taken":["M","M","?","?","M","E","R","E"],"items_purchased_type":[],"build_version":"2020-12-22","purchased_purges":0,"victory":false,"max_hp_per_floor":[85,85,85,85,85,85,85,85,85],"card_choices":[{"not_picked":["Clockwork:RitualDaggerMk0","Clockwork:HoardingStrike"],"picked":"Clockwork:RevUp","floor":1},{"not_picked":["Clockwork:Pluck","Clockwork:MechanicalBulk"],"picked":"Clockwork:PerfectedStrike","floor":2},{"not_picked":["Clockwork:Pluck","Clockwork:QuantumStrike"],"picked":"Clockwork:Downsize","floor":5},{"not_picked":["Clockwork:Downsize","Clockwork:TestingEnvironment"],"picked":"Clockwork:ChargingShield","floor":6}],"player_experience":736108,"relics_obtained":[{"floor":6,"key":"construct:FoamFinger"}],"event_choices":[{"cards_removed":["Clockwork:Shield"],"damage_healed":0,"gold_gain":0,"player_choice":"Forget","damage_taken":0,"max_hp_gain":0,"max_hp_loss":0,"event_name":"Living Wall","floor":3,"gold_loss":0},{"damage_healed":0,"gold_gain":0,"player_choice":"Entered Light","damage_taken":17,"max_hp_gain":0,"max_hp_loss":0,"event_name":"Shining Light","floor":4,"gold_loss":0,"cards_upgraded":["Clockwork:Strike","Clockwork:RevUp"]}],"is_beta":false,"boss_relics":[],"items_purged_floors":[],"is_endless":false,"potions_floor_spawned":[1],"killed_by":"Lagavulin","ascension_level":0}}