{"host":"bvr4vhlu71s3njyz","time":1608695732,"event":{"mods":["2.2 Compatiblity","AchievementEnabler","Act Like it!","Aspiration","Astrologer","Bard","BaseMod","Beaked The Cultist","Better Altar","Better Match","Better Note","Better Sensory Stone","Better Skull","Better Third Choice","CCEM","Conjunction","Downfall","Fiend Mod","Friendly Minions","Gremlin Mod","Hallownest","Hermit","Hubris","Infinite Spire","Jorbs\u0027s Wanderer Trilogy","Mad Scientist","Mimic Mod","Minty Spire (QoL Compilation)","Potionbrewer","Quarter Circle Forward PUNCH!","Replay The Spire","Robot Space Explorer","Shade Mod","Shedinja","Slumbering Mod","StSLib","The Blackbeard","The Bladedancer","The Bug Knight","The Clintock","The Construct","The Cursed","The Dragon Tamer","The Exalted","The Forsaken","The Hayseed","The Hierophant","The Judge","The Mystic","The Necromancer","The Poker Player","The Runesmith","The Sage","The Showman","TheArtist","TheFirefly","TheLocksmith","Trackpad","Wandering Minibosses","thorton","vexMod"],"gold_per_floor":[113,113,61,71,83,83,117,128,159,159,176,188,188,59,59,160,160,170,170,170,170,184,184,184],"floor_reached":23,"playtime":2243,"items_purged":[],"score":191,"play_id":"ce680464-22a6-41ef-8a8b-3619326a2e2e","local_time":"20201222225532","is_ascension_mode":false,"campfire_choices":[{"data":"theextravagant:Twitch","floor":6,"key":"SMITH"},{"data":"theextravagant:Masquerade","floor":13,"key":"SMITH"},{"floor":15,"key":"REST"}],"circlet_count":0,"master_deck":["theextravagant:SlyStrike+1","theextravagant:SlyStrike+1","theextravagant:SlyStrike+1","theextravagant:SlyStrike+1","theextravagant:Fence+1","theextravagant:Fence+1","theextravagant:Fence+1","theextravagant:Fence+1","theextravagant:QuickAttack","theextravagant:Triumph","theextravagant:StepBack","theextravagant:Twitch+1","theextravagant:SharpTalons","theextravagant:Masquerade+1","theextravagant:FocusStab","theextravagant:SpontaneousStrike","theextravagant:Comeback","theextravagant:Cutthroat","theextravagant:Glamour","theextravagant:Firework","theextravagant:GlyphOfChoice","theextravagant:DAMNATION","AbeCurse","theextravagant:ShootingStar","RitualDagger","theextravagant:RustyBuckler+1"],"relics":["theextravagant:TranslucentFeather","Replay:Accelerometer","vexMod:RetaliationKit","Pet Ghost","Toy Ornithopter","Abe\u0027s Treasure"],"acts_visited":["Exordium","TheCity"],"potions_floor_usage":[18,23],"damage_taken":[{"damage":0,"enemies":"2 Louse","floor":1,"turns":3},{"damage":4,"enemies":"Cultist","floor":4,"turns":4},{"damage":1,"enemies":"Jaw Worm","floor":5,"turns":5},{"damage":14,"enemies":"Lagavulin","floor":7,"turns":10},{"damage":6,"enemies":"Exordium Wildlife","floor":8,"turns":6},{"damage":2,"enemies":"Large Slime","floor":9,"turns":6},{"damage":4,"enemies":"Large Slime","floor":11,"turns":7},{"damage":1,"enemies":"2 Fungi Beasts","floor":12,"turns":3},{"damage":19,"enemies":"Slime Boss","floor":16,"turns":10},{"damage":12,"enemies":"2 Thieves","floor":18,"turns":4},{"damage":2,"enemies":"Shell Parasite","floor":22,"turns":6},{"damage":77,"enemies":"Slavers","floor":23,"turns":6}],"seed_played":"-8802139303480296952","potions_obtained":[{"floor":1,"key":"PowerPotion"},{"floor":4,"key":"potionbrewer:DiscountPotion"},{"floor":7,"key":"FearPotion"},{"floor":18,"key":"sagemod:Wine"}],"is_trial":false,"path_per_floor":["M","?","$","M","M","R","E","M","MIM","?","M","M","R","$","R","B",null,"M","?","?","?","M","E"],"character_chosen":"THE_EXTRAVAGANT","items_purchased":["theextravagant:Twitch","theextravagant:Firework","theextravagant:GlyphOfChoice"],"campfire_rested":1,"item_purchase_floors":[3,14,14],"current_hp_per_floor":[82,82,82,78,77,77,63,57,55,50,46,45,45,45,69,50,82,75,75,69,69,67,0,0],"gold":184,"neow_bonus":"TEN_PERCENT_HP_BONUS","is_daily":false,"chose_seed":false,"campfire_upgraded":2,"win_rate":0.0,"timestamp":1608695732,"path_taken":["M","?","?","M","M","R","E","?","MIM","?","M","M","R","$","R","BOSS","M","?","?","?","M","E"],"items_purchased_type":["Card","Card","Card"],"build_version":"2020-12-13","purchased_purges":0,"victory":false,"max_hp_per_floor":[82,82,82,82,82,82,82,82,82,82,82,82,82,82,82,82,82,82,82,82,82,82,82,82],"card_choices":[{"not_picked":["theextravagant:Riot","theextravagant:SpiritBolt"],"picked":"theextravagant:StepBack","floor":1},{"not_picked":["theextravagant:Defy","theextravagant:Shove"],"picked":"theextravagant:SharpTalons","floor":4},{"not_picked":["theextravagant:Cutthroat","theextravagant:GarbageCannon"],"picked":"theextravagant:Masquerade","floor":5},{"not_picked":["theextravagant:Ambush","theextravagant:Redemption"],"picked":"theextravagant:FocusStab","floor":7},{"not_picked":["theextravagant:CuttingEdge","theextravagant:Shake"],"picked":"theextravagant:SpontaneousStrike","floor":8},{"not_picked":["theextravagant:Foil","theextravagant:ArtisticDisplay"],"picked":"theextravagant:Comeback","floor":9},{"not_picked":["theextravagant:SpontaneousStrike","theextravagant:StepBack"],"picked":"theextravagant:Cutthroat","floor":11},{"not_picked":["theextravagant:Pushthrough","theextravagant:GlyphOfTime"],"picked":"theextravagant:Glamour","floor":12},{"not_picked":["theextravagant:SnakeOil","theextravagant:ManifestIllusion"],"picked":"theextravagant:DAMNATION","floor":16},{"not_picked":["theextravagant:GarbageCannon","theextravagant:Flashback"],"picked":"theextravagant:ShootingStar","floor":18},{"not_picked":["theextravagant:ShootingStar+1","theextravagant:Pushthrough"],"picked":"theextravagant:RustyBuckler+1","floor":22}],"player_experience":1211796,"relics_obtained":[{"floor":7,"key":"vexMod:RetaliationKit"},{"floor":9,"key":"Pet Ghost"}],"event_choices":[{"damage_healed":0,"gold_gain":0,"player_choice":"Gave Potion","damage_taken":0,"relics_obtained":["Replay:Accelerometer"],"max_hp_gain":0,"max_hp_loss":0,"event_name":"WeMeetAgain","floor":2,"gold_loss":0},{"damage_healed":0,"gold_gain":0,"player_choice":"Ignored","damage_taken":0,"max_hp_gain":0,"max_hp_loss":0,"event_name":"betterNote:BetterNote","floor":19,"gold_loss":0,"cards_obtained":["Iron Wave"]},{"damage_healed":0,"gold_gain":0,"player_choice":"Dagger","damage_taken":6,"max_hp_gain":0,"max_hp_loss":0,"event_name":"betterThird:BetterNest","floor":20,"gold_loss":0,"cards_obtained":["RitualDagger"]},{"damage_healed":0,"gold_gain":0,"player_choice":"Simplicity","damage_taken":0,"max_hp_gain":0,"max_hp_loss":8,"event_name":"betterThird:BetterWriting","floor":21,"gold_loss":0}],"is_beta":false,"boss_relics":[{"not_picked":["Coffee Dripper","hubris:CrackedHourglass"],"picked":"Abe\u0027s Treasure"}],"items_purged_floors":[],"is_endless":false,"potions_floor_spawned":[1,4,7,18],"killed_by":"Slavers","ascension_level":0}}