{"host":"dftyqn972q7tuon4","time":1608765052,"event":{"mods":["AchievementEnabler","BaseMod","Better Altar","Better Match","Better Note","Better Sensory Stone","Better Skull","Better Third Choice","Colored Powertips","Highlight Path","Minty Spire (QoL Compilation)","Permanent Neow","Quick Restart","StSLib"],"gold_per_floor":[117,67,83,83,106,142,142,180,180,180,180,199,88,113,113,113,113],"floor_reached":16,"playtime":922,"items_purged":["Injury"],"score":143,"play_id":"e65f2104-6fa0-477e-ad2c-e5eda95342bf","local_time":"20201224001052","is_ascension_mode":true,"campfire_choices":[{"floor":7.0,"key":"REST"},{"floor":11,"key":"REST"},{"floor":15,"key":"REST"}],"circlet_count":0,"master_deck":["Strike_G","Strike_G","Strike_G","Strike_G","Defend_G","Defend_G","Defend_G","Defend_G","Defend_G","Survivor","Neutralize","Phantasmal Killer","Caltrops","Dagger Spray","Acrobatics","Outmaneuver","Dagger Throw","Burn","Escape Plan","Terror","Acrobatics"],"relics":["Ring of the Snake","Golden Idol","Ancient Tea Set","Pantograph","Mercury Hourglass"],"acts_visited":["Exordium"],"potions_floor_usage":[8],"damage_taken":[{"damage":4.0,"enemies":"Cultist","floor":1.0,"turns":6.0},{"damage":0.0,"enemies":"Jaw Worm","floor":3.0,"turns":4.0},{"damage":0.0,"enemies":"2 Louse","floor":5.0,"turns":2.0},{"damage":51.0,"enemies":"Gremlin Nob","floor":6.0,"turns":5.0},{"damage":42,"enemies":"Lagavulin","floor":8,"turns":7},{"damage":4,"enemies":"Looter","floor":12,"turns":3},{"damage":10,"enemies":"3 Louse","floor":14,"turns":3},{"damage":50,"enemies":"Hexaghost","floor":16,"turns":11}],"seed_played":"-7825230378001216478","potions_obtained":[{"floor":1.0,"key":"Regen Potion"},{"floor":6.0,"key":"Strength Potion"}],"is_trial":false,"path_per_floor":["M","?","M","?","M","E","R","E","T","?","R","M","$","M","R","B"],"character_chosen":"THE_SILENT","items_purchased":["Terror"],"campfire_rested":3,"item_purchase_floors":[13],"current_hp_per_floor":[59,59,59,59,59,22,43,1,1,1,22,18,18,8,29,4,4],"gold":113,"neow_bonus":"ONE_RANDOM_RARE_CARD","is_daily":false,"chose_seed":false,"campfire_upgraded":0,"win_rate":0.0,"timestamp":1608765052,"path_taken":["M","?","M","?","?","E","R","E","T","?","R","M","$","M","R","BOSS"],"items_purchased_type":["Card"],"build_version":"2020-12-22","purchased_purges":1,"victory":false,"max_hp_per_floor":[70,70,70,70,70,70,70,70,70,70,70,70,70,70,70,70,70],"card_choices":[{"not_picked":["Dodge and Roll","Expertise"],"picked":"Caltrops","floor":1.0},{"not_picked":["Flying Knee","All Out Attack"],"picked":"Dagger Spray","floor":3.0},{"not_picked":["Dodge and Roll","Quick Slash"],"picked":"Acrobatics","floor":5.0},{"not_picked":["Sucker Punch","Acrobatics"],"picked":"Outmaneuver","floor":6.0},{"not_picked":["Underhanded Strike","Outmaneuver"],"picked":"Dagger Throw","floor":8},{"not_picked":["Night Terror","Eviscerate"],"picked":"Escape Plan","floor":12},{"not_picked":["Endless Agony","Expertise"],"picked":"Acrobatics","floor":14}],"player_experience":519627,"relics_obtained":[{"floor":6.0,"key":"Ancient Tea Set"},{"floor":8,"key":"Pantograph"},{"floor":9,"key":"Mercury Hourglass"}],"event_choices":[{"cards_removed":["Strike_G"],"damage_healed":0.0,"max_hp_gain":0.0,"max_hp_loss":0.0,"gold_gain":0.0,"event_name":"The Cleric","player_choice":"Card Removal","floor":2.0,"gold_loss":50.0,"damage_taken":0.0},{"damage_healed":0.0,"max_hp_gain":0.0,"max_hp_loss":0.0,"gold_gain":0.0,"event_name":"Golden Idol","player_choice":"Take Wound","floor":4.0,"gold_loss":0.0,"damage_taken":0.0,"relics_obtained":["Golden Idol"],"cards_obtained":["Injury"]},{"damage_healed":1,"gold_gain":0,"player_choice":"Embrace Burn","damage_taken":0,"max_hp_gain":0,"max_hp_loss":70,"event_name":"betterThird:BetterShining","floor":10,"gold_loss":0}],"is_beta":false,"boss_relics":[],"items_purged_floors":[13],"is_endless":false,"potions_floor_spawned":[1,6],"killed_by":"Hexaghost","ascension_level":6}}