{"host":"szp1d6dso4pv7ddl","time":1608700000,"event":{"mods":["AchievementEnabler","Alarm Clock","BaseMod","Bestiary","Block Reminder","Colored Map","Colored Powertips","Curses Come First","Displayed Cursed Tome","Highlight Path","Minty Spire (QoL Compilation)","Permanent Neow","Quick Restart","Relic Sorter","Relic Stats","StSLib","Synergy Search"],"gold_per_floor":[111,111,129,79,95,95,95,120,120,120,139,139,139,154,154,154,154],"floor_reached":16,"playtime":822,"items_purged":[],"score":170,"play_id":"acb7df28-75e3-4f09-9ac7-de47dc452ecb","local_time":"20201222210640","is_ascension_mode":true,"campfire_choices":[{"floor":6,"key":"REST"},{"floor":10,"key":"REST"},{"data":"Grand Finale","floor":12,"key":"SMITH"},{"floor":15,"key":"REST"}],"circlet_count":0,"master_deck":["Strike_G","Strike_G","Strike_G","Strike_G","Strike_G","Defend_G","Defend_G","Defend_G","Survivor","Neutralize","Grand Finale+1"],"relics":["Ring of the Snake","Bird Faced Urn","Mango"],"acts_visited":["Exordium"],"potions_floor_usage":[16],"damage_taken":[{"damage":12,"enemies":"Cultist","floor":1,"turns":6},{"damage":8,"enemies":"2 Louse","floor":3,"turns":4},{"damage":7,"enemies":"Small Slimes","floor":5,"turns":2},{"damage":45,"enemies":"3 Sentries","floor":8,"turns":9},{"damage":20,"enemies":"2 Fungi Beasts","floor":11,"turns":6},{"damage":12,"enemies":"3 Louse","floor":14,"turns":6},{"damage":44,"enemies":"The Guardian","floor":16,"turns":13}],"seed_played":"-7086297578113869296","potions_obtained":[{"floor":5,"key":"SteroidPotion"},{"floor":8,"key":"GamblersBrew"}],"is_trial":false,"path_per_floor":["M","?","M","?","M","R","?","E","T","R","M","R","?","M","R","B"],"character_chosen":"THE_SILENT","items_purchased":[],"campfire_rested":3,"item_purchase_floors":[],"current_hp_per_floor":[51,51,43,43,36,57,62,17,31,57,37,37,30,18,44,0,0],"gold":154,"neow_bonus":"ONE_RANDOM_RARE_CARD","is_daily":false,"chose_seed":false,"campfire_upgraded":1,"win_rate":0.0,"timestamp":1608700000,"path_taken":["M","?","?","?","M","R","?","E","T","R","M","R","?","M","R","BOSS"],"items_purchased_type":[],"build_version":"2020-12-22","purchased_purges":0,"victory":false,"max_hp_per_floor":[70,70,70,70,70,70,75,75,89,89,89,89,89,89,89,89,89],"relic_stats":{"counters":[7,46],"Bird Faced Urn":[0],"obtain_stats":[{"Bird Faced Urn":8,"Mango":9,"Ring of the Snake":0},{"Bird Faced Urn":4,"Mango":4,"Ring of the Snake":0},{"Bird Faced Urn":21,"Mango":21,"Ring of the Snake":0}],"Ring of the Snake":[14]},"card_choices":[{"not_picked":["Flying Knee","Prepared","Cloak And Dagger"],"picked":"SKIP","floor":1},{"not_picked":["Dagger Spray","Flechettes","Slice"],"picked":"SKIP","floor":3},{"not_picked":["Heel Hook","Noxious Fumes","Glass Knife"],"picked":"SKIP","floor":5},{"not_picked":["Acrobatics","Dodge and Roll","Deflect"],"picked":"SKIP","floor":8},{"not_picked":["Caltrops","Tools of the Trade","Tactician"],"picked":"SKIP","floor":11},{"not_picked":["Skewer","Cloak And Dagger","Flying Knee"],"picked":"SKIP","floor":14}],"player_experience":985250,"relics_obtained":[{"floor":8,"key":"Bird Faced Urn"},{"floor":9,"key":"Mango"}],"event_choices":[{"damage_healed":0,"gold_gain":0,"player_choice":"0 cards matched","damage_taken":0,"max_hp_gain":0,"max_hp_loss":0,"event_name":"Match and Keep!","floor":2,"gold_loss":0,"cards_obtained":[]},{"cards_removed":["Defend_G"],"damage_healed":0,"gold_gain":0,"player_choice":"Card Removal","damage_taken":0,"max_hp_gain":0,"max_hp_loss":0,"event_name":"The Cleric","floor":4,"gold_loss":50},{"damage_healed":0,"gold_gain":0,"player_choice":"Donut","damage_taken":0,"max_hp_gain":5,"max_hp_loss":0,"event_name":"Big Fish","floor":7,"gold_loss":0},{"cards_removed":["Defend_G"],"damage_healed":0,"gold_gain":0,"player_choice":"Card Removal","damage_taken":7,"max_hp_gain":0,"max_hp_loss":0,"event_name":"Golden Wing","floor":13,"gold_loss":0}],"is_beta":false,"boss_relics":[],"items_purged_floors":[],"is_endless":false,"potions_floor_spawned":[5,8],"killed_by":"The Guardian","ascension_level":9}}