{"host":"qxeepl7ydvsgmfdb","time":1608736132,"event":{"mods":["AchievementEnabler","BaseMod","Colored Powertips","Minty Spire (QoL Compilation)","Quick Restart","slay the spire mod where everything is the same but ironclad has a cowboy hat"],"gold_per_floor":[214,227,227,192,192,192,204,215,215,215,215,234,245,260,260,361,361,376,389,235,251,96,96,96,124,147,147,147],"floor_reached":27,"playtime":686,"items_purged":[],"score":225,"play_id":"3877760c-c015-4481-9830-0d02563e0801","local_time":"20201223100852","is_ascension_mode":false,"campfire_choices":[{"data":"Redo","floor":6.0,"key":"SMITH"},{"data":"Zap","floor":10.0,"key":"SMITH"},{"floor":15.0,"key":"REST"},{"data":"Defragment","floor":23.0,"key":"SMITH"}],"circlet_count":0,"master_deck":["Strike_B","Strike_B","Strike_B","Defend_B","Defend_B","Defend_B","Defend_B","Zap+1","Dualcast","Redo+1","Gash","Streamline","Defragment+1","Beam Cell","Cold Snap","Electrodynamics","Ball Lightning","Lockon","Coolheaded+1"],"relics":["Cracked Core","Unceasing Top","Inserter","Lee\u0027s Waffle","Potion Belt","Calipers","Happy Flower"],"acts_visited":["Exordium","TheCity"],"potions_floor_usage":[],"damage_taken":[{"damage":5.0,"enemies":"Small Slimes","floor":1.0,"turns":3.0},{"damage":13.0,"enemies":"2 Louse","floor":2.0,"turns":2.0},{"damage":0.0,"enemies":"Cultist","floor":7.0,"turns":2.0},{"damage":11.0,"enemies":"2 Fungi Beasts","floor":8.0,"turns":3.0},{"damage":12.0,"enemies":"Blue Slaver","floor":12.0,"turns":3.0},{"damage":14.0,"enemies":"Gremlin Gang","floor":13.0,"turns":4.0},{"damage":7.0,"enemies":"Exordium Thugs","floor":14.0,"turns":2.0},{"damage":32.0,"enemies":"Hexaghost","floor":16.0,"turns":9.0},{"damage":9.0,"enemies":"Chosen","floor":18.0,"turns":5.0},{"damage":24.0,"enemies":"Shell Parasite","floor":19.0,"turns":6.0},{"damage":18.0,"enemies":"Cultist and Chosen","floor":21.0,"turns":5.0},{"damage":47.0,"enemies":"Slavers","floor":25.0,"turns":3.0},{"damage":0,"enemies":"Centurion and Healer","floor":27,"turns":1}],"seed_played":"-2288856967198710556","potions_obtained":[{"floor":1.0,"key":"Ancient Potion"},{"floor":8.0,"key":"Strength Potion"},{"floor":13.0,"key":"Explosive Potion"},{"floor":14.0,"key":"LiquidBronze"},{"floor":18.0,"key":"ColorlessPotion"},{"floor":21.0,"key":"PotionOfCapacity"}],"is_trial":false,"path_per_floor":["M","M","$","?","$","R","M","M","T","R","?","M","M","M","R","B",null,"M","M","$","M","$","R","?","E","T","M"],"character_chosen":"DEFECT","items_purchased":["Lee\u0027s Waffle","Potion Belt"],"campfire_rested":1,"item_purchase_floors":[20,22],"current_hp_per_floor":[70,57,57,75,75,75,75,64,64,64,64,52,38,31,53,21,75,66,42,82,64,64,64,64,17,17,17,17],"gold":147,"neow_bonus":"HUNDRED_GOLD","is_daily":false,"chose_seed":false,"campfire_upgraded":3,"win_rate":0.0,"timestamp":1608736132,"path_taken":["M","M","$","?","$","R","M","M","T","R","?","M","M","?","R","BOSS","M","M","$","M","$","R","?","E","T","M"],"items_purchased_type":["Relic","Relic"],"build_version":"2020-12-22","purchased_purges":0,"victory":false,"max_hp_per_floor":[75,75,75,75,75,75,75,75,75,75,75,75,75,75,75,75,75,75,75,82,82,82,82,82,82,82,82,82],"card_choices":[{"not_picked":["Rip and Tear","Leap"],"picked":"Redo","floor":1.0},{"not_picked":["Recycle","Coolheaded","Glacier"],"picked":"SKIP","floor":2.0},{"not_picked":["Barrage","Coolheaded"],"picked":"Gash","floor":7.0},{"not_picked":["Double Energy","Conserve Battery","Rebound"],"picked":"SKIP","floor":8.0},{"not_picked":["Hologram","Capacitor"],"picked":"Defragment","floor":12.0},{"not_picked":["Hologram","Glacier"],"picked":"Beam Cell","floor":13.0},{"not_picked":["Streamline","Go for the Eyes"],"picked":"Cold Snap","floor":14.0},{"not_picked":["Multi-Cast","Core Surge"],"picked":"Electrodynamics","floor":16.0},{"not_picked":["Barrage","Beam Cell","Stack"],"picked":"SKIP","floor":18.0},{"not_picked":["Redo","Go for the Eyes","Sweeping Beam"],"picked":"SKIP","floor":19.0},{"not_picked":["Redo","Hologram"],"picked":"Ball Lightning","floor":21.0},{"not_picked":["Blizzard","Stack"],"picked":"Coolheaded+1","floor":25.0}],"player_experience":337953,"relics_obtained":[{"floor":9.0,"key":"Unceasing Top"},{"floor":25.0,"key":"Calipers"},{"floor":26.0,"key":"Happy Flower"}],"event_choices":[{"damage_healed":18.0,"max_hp_gain":0.0,"max_hp_loss":0.0,"gold_gain":0.0,"event_name":"The Cleric","player_choice":"Healed","floor":4.0,"gold_loss":35.0,"damage_taken":0.0},{"damage_healed":0.0,"max_hp_gain":0.0,"max_hp_loss":0.0,"gold_gain":0.0,"cards_transformed":["Strike_B"],"event_name":"Transmorgrifier","player_choice":"Transformed","floor":11.0,"gold_loss":0.0,"damage_taken":0.0,"cards_obtained":["Streamline"]},{"damage_healed":0.0,"max_hp_gain":0.0,"max_hp_loss":0.0,"gold_gain":0.0,"event_name":"The Library","player_choice":"Read","floor":24.0,"gold_loss":0.0,"damage_taken":0.0,"cards_obtained":["Lockon"]}],"is_beta":false,"boss_relics":[{"not_picked":["Runic Dome","Black Star"],"picked":"Inserter"}],"items_purged_floors":[],"is_endless":false,"potions_floor_spawned":[1,8,13,14,18,21],"killed_by":"Centurion and Healer","ascension_level":0}}