{"host":"k5ezbu40hxyit46v","time":1608704852,"event":{"mods":["Act Like it!","Aspiration","Astrologer","BaseMod","BetterRewards","Conspire","DeckTracker","Energized Spire","Googly Eyes","Halation","HexUI Lib","Highlight Path","Hubris","Infinite Spire","Jedi Mod","Mad Scientist","Marisa????????","Minty Spire (QoL Compilation)","Quarter Circle Forward PUNCH!","Quick Restart","Replay The Spire","Reworked Bosses","Shop Mod","Spikes Relics","StSLib","The Administrix","The Awakened One except there are too many feathers","The Bladedancer","The Cursed","The IronCluck","The Servant 0.9.4","The Wild Card","everything is the same but u backflip on backflip","slay the spire mod where everything is the same but ironclad has a cowboy hat","vexMod"],"gold_per_floor":[112,162,177,177,189,189,217,228,254,254,254],"floor_reached":10,"playtime":303,"items_purged":[],"score":136,"play_id":"aac0b664-d388-4ee3-8bc0-3e719703babb","local_time":"20201223012732","is_ascension_mode":true,"campfire_choices":[{"data":"infinitespire:Starlight","floor":6.0,"key":"SMITH"}],"circlet_count":0,"master_deck":["AscendersBane","Strike_B","Strike_B","Strike_B","Strike_B","Defend_B","Defend_B","Defend_B","Defend_B","Zap","Dualcast","infinitespire:Starlight+1","Gash","Lockon"],"relics":["Cracked Core","aspiration:Nostalgia","Iron Core","halation:KoshaPiece","SpikesRelics:DaevaFist"],"acts_visited":["Exordium"],"potions_floor_usage":[7,8,10],"damage_taken":[{"damage":1.0,"enemies":"Cultist","floor":1.0,"turns":4.0},{"damage":2.0,"enemies":"Jaw Worm","floor":3.0,"turns":4.0},{"damage":10.0,"enemies":"Small Slimes","floor":5.0,"turns":4.0},{"damage":10,"enemies":"Lagavulin","floor":7,"turns":5},{"damage":31,"enemies":"Exordium Thugs","floor":8,"turns":4},{"damage":40,"enemies":"3 Sentries","floor":10,"turns":6}],"seed_played":"4909530680518168214","potions_obtained":[{"floor":1.0,"key":"EssenceOfDarkness"},{"floor":7,"key":"Explosive Potion"},{"floor":8,"key":"Toxic Potion"}],"is_trial":false,"path_per_floor":["M","?","M","?","M","R","E","M","T","E"],"character_chosen":"DEFECT","items_purchased":[],"campfire_rested":0,"item_purchase_floors":[],"current_hp_per_floor":[63,56,54,37,37,37,42,26,26,1,1],"gold":254,"neow_bonus":"NOSTALGIA","is_daily":false,"chose_seed":false,"campfire_upgraded":1,"win_rate":0.0,"timestamp":1608704852,"path_taken":["M","?","?","?","M","R","E","?","T","E"],"items_purchased_type":[],"build_version":"2020-12-13","purchased_purges":0,"victory":false,"max_hp_per_floor":[71,71,71,71,71,71,71,71,71,71,71],"card_choices":[{"not_picked":["Body Slam","Compile Driver","Hologram"],"picked":"SKIP","floor":1.0},{"not_picked":["Warcry","Go for the Eyes","White Noise"],"picked":"SKIP","floor":3.0},{"not_picked":["infinitespire:Punishment","infinitespire:Fortify"],"picked":"infinitespire:Starlight","floor":4.0},{"not_picked":["jedi:overflow","WeaponsOverheat"],"picked":"Gash","floor":5.0},{"not_picked":["Flex","WeaponsOverheat"],"picked":"Lockon","floor":7},{"not_picked":["Inflame","Go for the Eyes","Warcry"],"picked":"SKIP","floor":8}],"player_experience":1216570,"relics_obtained":[{"floor":7,"key":"halation:KoshaPiece"},{"floor":9,"key":"SpikesRelics:DaevaFist"}],"event_choices":[{"damage_healed":0.0,"max_hp_gain":0.0,"max_hp_loss":0.0,"gold_gain":50.0,"event_name":"FaceTrader","player_choice":"Touch","floor":2.0,"gold_loss":0.0,"damage_taken":7.0}],"is_beta":false,"boss_relics":[],"items_purged_floors":[],"is_endless":false,"potions_floor_spawned":[1,7,8],"killed_by":"3 Sentries","ascension_level":20}}