{"host":"sabve5zmqufxyc5o","time":1608727458,"event":{"mods":["2.2 Compatiblity","AchievementEnabler","Act Like it!","BaseMod","Block Reminder","Colored Map","Colored Powertips","DeckTracker","KOR Keyword Fix","Keyboard Shortcuts","Minty Spire (QoL Compilation)","Quick Restart","Rare Cards Sparkle","Relic Stats","StSLib","SuperFastMode"],"gold_per_floor":[110,0,0,13,13,46,64,95,95,157,63,63,96,111,111,188,188,203,193,259,269,37,37,62,37,37,37,11,11,25,58,58,132,132,148,163,232,232,232],"floor_reached":38,"playtime":1180,"items_purged":[],"score":918,"play_id":"c1d5a544-e212-40cd-a5b6-e03465394f66","local_time":"20201223214418","is_ascension_mode":true,"campfire_choices":[{"floor":12.0,"key":"REST"},{"data":"Hologram","floor":15.0,"key":"SMITH"},{"floor":23.0,"key":"REST"},{"floor":29.0,"key":"REST"},{"floor":32.0,"key":"REST"}],"circlet_count":0,"master_deck":["AscendersBane","Strike_B","Strike_B","Strike_B","Defend_B","Defend_B","Defend_B","Defend_B","Zap","Dualcast","Turbo","Cold Snap","Rebound","Beam Cell","Beam Cell","Electrodynamics","Hologram+1","Compile Driver","Bandage Up","Conserve Battery","Streamline","Melter","Seek","Hologram","Fusion","Self Repair","Hologram","Cold Snap","Gash","Stack","Gash","Coolheaded","Compile Driver+1","Echo Form","Hologram","Steam+1","Gash"],"relics":["Cracked Core","Strawberry","Blood Vial","SsserpentHead","Art of War","Eternal Feather","Oddly Smooth Stone","Inserter","Pantograph","Akabeko","Turnip","Cables","Lantern","Cursed Key"],"acts_visited":["Exordium","TheCity","TheBeyond"],"potions_floor_usage":[],"damage_taken":[{"damage":3.0,"enemies":"2 Louse","floor":1.0,"turns":3.0},{"damage":4.0,"enemies":"Cultist","floor":4.0,"turns":3.0},{"damage":31.0,"enemies":"3 Sentries","floor":6.0,"turns":8.0},{"damage":3.0,"enemies":"Small Slimes","floor":7.0,"turns":2.0},{"damage":14.0,"enemies":"Gremlin Nob","floor":8.0,"turns":3.0},{"damage":0.0,"enemies":"Exordium Wildlife","floor":10.0,"turns":2.0},{"damage":9.0,"enemies":"3 Sentries","floor":13.0,"turns":6.0},{"damage":12.0,"enemies":"Lots of Slimes","floor":14.0,"turns":2.0},{"damage":40.0,"enemies":"The Guardian","floor":16.0,"turns":13.0},{"damage":14.0,"enemies":"Chosen","floor":18.0,"turns":4.0},{"damage":24.0,"enemies":"2 Thieves","floor":20.0,"turns":4.0},{"damage":53.0,"enemies":"Chosen and Byrds","floor":21.0,"turns":6.0},{"damage":29.0,"enemies":"Gremlin Leader","floor":24.0,"turns":10.0},{"damage":12.0,"enemies":"Cultist and Chosen","floor":30.0,"turns":6.0},{"damage":60.0,"enemies":"Slavers","floor":31.0,"turns":6.0},{"damage":75.0,"enemies":"Champ","floor":33.0,"turns":15.0},{"damage":36.0,"enemies":"3 Darklings","floor":35.0,"turns":9.0},{"damage":0.0,"enemies":"3 Shapes","floor":36.0,"turns":8.0},{"damage":27.0,"enemies":"3 Darklings","floor":37.0,"turns":11.0},{"damage":52,"enemies":"Writhing Mass","floor":38,"turns":7}],"seed_played":"-8654337888426038791","potions_obtained":[{"floor":1.0,"key":"SpeedPotion"},{"floor":7.0,"key":"Fire Potion"},{"floor":8.0,"key":"PotionOfCapacity"},{"floor":16.0,"key":"Strength Potion"},{"floor":18.0,"key":"Regen Potion"},{"floor":20.0,"key":"Swift Potion"},{"floor":31.0,"key":"FearPotion"}],"is_trial":false,"path_per_floor":["M","$","?","M","?","E","M","E","T","M","$","R","E","M","R","B",null,"M","?","M","M","$","R","E","?","T","$","$","R","M","E","R","B",null,"M","M","M","M"],"character_chosen":"DEFECT","items_purchased":["Cold Snap","Rebound","Bandage Up","Conserve Battery","Hologram","Cold Snap","Akabeko","Stack","Gash"],"campfire_rested":4,"item_purchase_floors":[2,2,11,11,22,22,22,27,28],"current_hp_per_floor":[68,68,63,61,61,32,31,19,19,21,21,56,53,43,55,21,64,56,56,50,3,3,41,25,25,25,25,25,66,60,13,54,14,62,39,52,38,0,0],"gold":232,"neow_bonus":"RANDOM_COMMON_RELIC","is_daily":false,"chose_seed":false,"campfire_upgraded":1,"win_rate":0.0,"timestamp":1608727458,"path_taken":["M","$","?","M","?","E","M","E","T","?","?","R","E","M","R","BOSS","M","?","?","M","?","R","E","?","T","?","$","R","M","E","R","BOSS","M","M","?","M"],"items_purchased_type":["Card","Card","Card","Card","Card","Card","Relic","Card","Card"],"build_version":"2020-12-22","purchased_purges":0,"victory":false,"max_hp_per_floor":[78,78,78,78,78,78,78,78,78,78,78,78,78,78,78,78,78,78,78,78,78,78,78,78,78,78,78,78,78,78,78,78,78,78,78,78,78,78,78],"relic_stats":{"Blood Vial":36,"SsserpentHead":400,"Inserter":[43],"counters":[20,128],"Pantograph":24,"Eternal Feather":75,"Turnip":[10],"Art of War":[16],"Cursed Key":0,"obtain_stats":[{"Lantern":31,"Inserter":17,"Oddly Smooth Stone":13,"Eternal Feather":8,"Cursed Key":34,"Akabeko":22,"Cables":26,"Blood Vial":3,"SsserpentHead":5,"Strawberry":0,"Pantograph":19,"Turnip":24,"Art of War":6,"Cracked Core":0},{"Lantern":15,"Inserter":9,"Oddly Smooth Stone":7,"Eternal Feather":5,"Cursed Key":16,"Akabeko":12,"Cables":13,"Blood Vial":1,"SsserpentHead":2,"Strawberry":0,"Pantograph":10,"Turnip":13,"Art of War":3,"Cracked Core":0},{"Lantern":78,"Inserter":42,"Oddly Smooth Stone":27,"Eternal Feather":19,"Cursed Key":93,"Akabeko":56,"Cables":66,"Blood Vial":3,"SsserpentHead":6,"Strawberry":0,"Pantograph":46,"Turnip":66,"Art of War":14,"Cracked Core":0}],"Cables":[59,21,38,0,0]},"card_choices":[{"not_picked":["Barrage","Consume"],"picked":"Turbo","floor":1.0},{"not_picked":["Barrage","Cold Snap"],"picked":"Beam Cell","floor":4.0},{"not_picked":["Rebound","Redo"],"picked":"Beam Cell","floor":6.0},{"not_picked":["Turbo","Gash"],"picked":"Electrodynamics","floor":7.0},{"not_picked":["Glacier","Barrage"],"picked":"Hologram","floor":8.0},{"not_picked":["Heatsinks","Gash"],"picked":"Compile Driver","floor":10.0},{"not_picked":["Steam","Multi-Cast"],"picked":"Streamline","floor":13.0},{"not_picked":["Auto Shields","Barrage"],"picked":"Melter","floor":14.0},{"not_picked":["Multi-Cast","All For One"],"picked":"Seek","floor":16.0},{"not_picked":["Redo","Genetic Algorithm"],"picked":"Hologram","floor":18.0},{"not_picked":["White Noise","Reprogram"],"picked":"Fusion","floor":20.0},{"not_picked":["Ball Lightning+1","Lockon"],"picked":"Self Repair","floor":21.0},{"not_picked":["Chaos","Reinforced Body"],"picked":"Gash","floor":24.0},{"not_picked":["Hello World+1","Self Repair"],"picked":"Coolheaded","floor":30.0},{"not_picked":["Leap","Coolheaded"],"picked":"Compile Driver+1","floor":31.0},{"not_picked":["Hyperbeam","Amplify"],"picked":"Echo Form","floor":33.0},{"not_picked":["Heatsinks","Reinforced Body"],"picked":"Hologram","floor":35.0},{"not_picked":["Rebound","Force Field"],"picked":"Steam+1","floor":36.0},{"not_picked":["Ball Lightning","Genetic Algorithm"],"picked":"Gash","floor":37.0}],"player_experience":802279,"relics_obtained":[{"floor":6.0,"key":"Art of War"},{"floor":8.0,"key":"Eternal Feather"},{"floor":13.0,"key":"Oddly Smooth Stone"},{"floor":24.0,"key":"Turnip"},{"floor":26.0,"key":"Cables"},{"floor":31.0,"key":"Lantern"}],"event_choices":[{"damage_healed":0.0,"max_hp_gain":0.0,"max_hp_loss":0.0,"gold_gain":0.0,"event_name":"Scrap Ooze","player_choice":"Success","floor":3.0,"gold_loss":0.0,"damage_taken":5.0,"relics_obtained":["Blood Vial"]},{"damage_healed":0.0,"max_hp_gain":0.0,"max_hp_loss":0.0,"gold_gain":0.0,"event_name":"FaceTrader","player_choice":"Trade","floor":5.0,"gold_loss":0.0,"damage_taken":0.0,"relics_obtained":["SsserpentHead"]},{"damage_healed":0.0,"max_hp_gain":0.0,"max_hp_loss":0.0,"gold_gain":0.0,"event_name":"WeMeetAgain","player_choice":"Paid Gold","floor":19.0,"gold_loss":60.0,"damage_taken":0.0,"relics_obtained":["Pantograph"]},{"cards_removed":["Strike_B"],"damage_healed":0.0,"max_hp_gain":0.0,"max_hp_loss":0.0,"gold_gain":0.0,"event_name":"Beggar","player_choice":"Gave Gold","floor":25.0,"gold_loss":75.0,"damage_taken":0.0}],"is_beta":false,"boss_relics":[{"not_picked":["Runic Dome","Coffee Dripper"],"picked":"Inserter"},{"not_picked":["SacredBark","Snecko Eye"],"picked":"Cursed Key"}],"items_purged_floors":[],"is_endless":false,"potions_floor_spawned":[1,7,8,16,18,20,31],"killed_by":"Writhing Mass","ascension_level":20}}