{"host":"n7mxhpjy89lltbhc","time":1608704501,"event":{"mods":["2.2 Compatiblity","Act Like it!","Bard","BaseMod","Better Match","Better Sensory Stone","Better Synergies","Better Third Choice","Better Vampires","BetterRewards","Challenge The Spire","Colored Map","Colored Powertips","Downfall","Hubris","Infinite Spire","Jedi Mod","Marisa????????","Marked Mod","Minty Spire (QoL Compilation)","Permanent Neow","Rare Cards Sparkle","Relic Sorter","Relic Stats","Replay The Spire","Shop Mod","Spicy Shops","StSLib","Strawberry Spire","The Blue Laboratory","The Disciple","The Servant 0.9.4","Uncapped","Waifu the Spire"],"gold_per_floor":[99,118,130,143,224,251,277,296,326,2,16,1,1,14,25,129,129,129,142,142,142,142,142,216,141,69,98,111,137,137,155,174,276,276,276,295,295,309,309,309,309,319,319,329,329,58,58,140,153,153],"floor_reached":51,"playtime":2626,"items_purged":["champ:Strike","Voices","Voices"],"score":897,"play_id":"50e082fa-6759-4aaf-a66a-a76e0f349889","local_time":"25631223132141","is_ascension_mode":true,"campfire_choices":[{"data":"strawberrySpire:Dropbox","floor":1.0,"key":"SMITH"},{"data":"champ:Taunt","floor":13.0,"key":"SMITH"},{"data":"champ:Duel","floor":18.0,"key":"SMITH"},{"data":"champ:PreciseThrust","floor":23.0,"key":"SMITH"},{"data":"champ:SkillfulDodge","floor":25.0,"key":"SMITH"},{"data":"champ:SteelEdge","floor":30.0,"key":"SMITH"},{"data":"champ:Improvising","floor":35,"key":"SMITH"},{"data":"champ:StanceDance","floor":40,"key":"SMITH"},{"data":"champ:ArenaPreparation","floor":43,"key":"SMITH"},{"data":"expansioncontent:DefensiveStance","floor":47,"key":"SMITH"}],"circlet_count":0,"master_deck":["champ:Strike","champ:Defend","champ:Defend","champ:Taunt+1","strawberrySpire:Dropbox+1","champ:SkillfulDodge+1","champ:TornadoPunch","champ:SwordSigil","champ:FlashCut","champ:SwordSigil","champ:ShieldSigil","champ:PreciseThrust+1","champ:ViciousMockery","champ:SwordSigil","champ:RapidStrikes","champ:DefensiveShout","champ:Duel+1","champ:GladiatorsShout","champ:ShieldSlam","Shame","champ:FlashCut+1","infinitespire:Gouge","champ:ShieldSlam","champ:ShieldWall+1","champ:SteelEdge+1","champ:StanceDance+1","champ:Improvising+1","champ:ArenaPreparation+1","hubris:NaturalOne","champ:SwordSigil","expansioncontent:SuperHexaguard","expansioncontent:DefensiveStance+1","champ:Control+1","champ:Improvising+1","strawberrySpire:Teyered","champ:SwordSigil+1"],"relics":["champ:ChampionCrown","hubris:Icosahedron","jedi:bottledfury","Tiny Chest","ReplayTheSpireMod:TigerMarble","HornCleat","OrangePellets","Kintsugi","champ:BerserkersGuideToSlaughter","Bronze Scales","downfall:HeartBlessingBlue","Simple Rune","MealTicket","Cursed Key","Orichalcum","hubris:ToyBattleship","Lantern","DollysMirror","Anchor","infinitespire:FocusingShard"],"acts_visited":["Exordium","TheCity","TheBeyond"],"potions_floor_usage":[33,33,50,50],"damage_taken":[{"damage":6.0,"enemies":"Cultist","floor":2.0,"turns":3.0},{"damage":0.0,"enemies":"2 Louse","floor":3.0,"turns":2.0},{"damage":8.0,"enemies":"Jaw Worm","floor":4.0,"turns":4.0},{"damage":21.0,"enemies":"Lagavulin","floor":6.0,"turns":6.0},{"damage":11.0,"enemies":"Blue Slaver","floor":8.0,"turns":3.0},{"damage":34.0,"enemies":"Gremlin Nob","floor":9.0,"turns":5.0},{"damage":0.0,"enemies":"downfall:FleeingMerchant","floor":10.0,"turns":4.0},{"damage":5.0,"enemies":"Large Slime","floor":11.0,"turns":5.0},{"damage":12.0,"enemies":"downfall:FleeingMerchant","floor":12.0,"turns":4.0},{"damage":2.0,"enemies":"2 Fungi Beasts","floor":14.0,"turns":1.0},{"damage":0.0,"enemies":"Blue Slaver","floor":15.0,"turns":3.0},{"damage":11.0,"enemies":"downfall:Watcher","floor":16.0,"turns":12.0},{"damage":9.0,"enemies":"Shell Parasite","floor":19.0,"turns":4.0},{"damage":0.0,"enemies":"downfall:FleeingMerchant","floor":26.0,"turns":4.0},{"damage":0.0,"enemies":"Replay:Snechameleon","floor":27.0,"turns":2.0},{"damage":2.0,"enemies":"3 Cultists","floor":28.0,"turns":4.0},{"damage":0.0,"enemies":"Centurion and Healer","floor":31.0,"turns":5.0},{"damage":12,"enemies":"Cultist and Chosen","floor":32,"turns":4},{"damage":59,"enemies":"downfall:Silent","floor":33,"turns":7},{"damage":0,"enemies":"Orb Walker","floor":36,"turns":3},{"damage":13,"enemies":"3 Darklings","floor":38,"turns":3},{"damage":0,"enemies":"Maw","floor":42,"turns":5},{"damage":9,"enemies":"Sphere and 2 Shapes","floor":44,"turns":5},{"damage":7,"enemies":"downfall:FleeingMerchant","floor":46,"turns":3},{"damage":1,"enemies":"4 Shapes","floor":49,"turns":4},{"damage":25,"enemies":"downfall:Defect","floor":50,"turns":6}],"seed_played":"7616395337435381598","potions_obtained":[{"floor":3.0,"key":"Block Potion"},{"floor":6.0,"key":"Milkshake"},{"floor":14.0,"key":"champ:TechniquePotion"},{"floor":16.0,"key":"blueLaboratory:Moonshine"},{"floor":27.0,"key":"blueLaboratory:RememoryPotion"},{"floor":33,"key":"blueLaboratory:FruitPreserves"},{"floor":36,"key":"Strength Potion"}],"is_trial":false,"path_per_floor":["R","M","M","M","T","E","T","M","E","$","M","$","R","M","M","B",null,"R","M","?","AVR","?","R","T","R","$","E","M","T","R","M","M","B",null,"R","M","?","M","?","R","T","M","R","M","?","$","R","T","M","B",null],"character_chosen":"THE_CHAMP","items_purchased":["champ:ViciousMockery","champ:SwordSigil","OrangePellets","champ:ShieldWall+1","hubris:ToyBattleship","Lantern","DollysMirror","Anchor"],"campfire_rested":0,"item_purchase_floors":[10,10,10,26,46,46,46,46],"current_hp_per_floor":[63,68,74,89,89,69,69,69,51,57,63,68,68,66,72,67,90,90,89,89,89,89,89,89,99,100,100,98,98,98,100,91,38,100,100,100,100,87,87,87,87,98,98,94,84,100,100,100,100,100],"gold":153,"neow_bonus":"RANDOM_COLORLESS_2","is_daily":false,"chose_seed":false,"campfire_upgraded":10,"win_rate":0.0,"timestamp":1608704501,"path_taken":["R","M","M","M","?","E","T","M","E","$","M","$","R","M","M","BOSS","R","M","?","AVR","?","R","T","R","?","E","M","?","R","M","M","BOSS","R","M","?","M","?","R","T","M","R","M","?","$","R","?","M","BOSS"],"items_purchased_type":["Card","Card","Relic","Card","Relic","Relic","Relic","Relic"],"build_version":"2020-12-13","purchased_purges":3,"victory":true,"max_hp_per_floor":[90,90,90,90,90,90,90,90,90,90,90,90,90,90,90,90,90,90,90,90,90,90,90,90,100,100,100,100,100,100,100,100,100,100,100,100,100,100,100,100,100,100,100,100,100,100,100,100,100,100],"relic_stats":{"OrangePellets":[6],"counters":[26,111],"Bronze Scales":[171],"Tiny Chest":2,"MealTicket":15,"Orichalcum":[6],"Cursed Key":2,"obtain_stats":[{"Lantern":46,"champ:ChampionCrown":0,"infinitespire:FocusingShard":48,"jedi:bottledfury":5,"Orichalcum":41,"Cursed Key":34,"OrangePellets":10,"Anchor":46,"HornCleat":9,"hubris:Icosahedron":37,"downfall:HeartBlessingBlue":25,"DollysMirror":46,"Bronze Scales":21,"Tiny Chest":6,"Simple Rune":27,"MealTicket":29,"ReplayTheSpireMod:TigerMarble":7,"hubris:ToyBattleship":46,"champ:BerserkersGuideToSlaughter":20,"Kintsugi":17},{"Lantern":24,"champ:ChampionCrown":0,"infinitespire:FocusingShard":24,"jedi:bottledfury":3,"Orichalcum":21,"Cursed Key":19,"OrangePellets":7,"Anchor":24,"HornCleat":6,"hubris:Icosahedron":20,"downfall:HeartBlessingBlue":13,"DollysMirror":24,"Bronze Scales":13,"Tiny Chest":4,"Simple Rune":15,"MealTicket":16,"ReplayTheSpireMod:TigerMarble":4,"hubris:ToyBattleship":24,"champ:BerserkersGuideToSlaughter":13,"Kintsugi":12},{"Lantern":101,"champ:ChampionCrown":0,"infinitespire:FocusingShard":101,"jedi:bottledfury":9,"Orichalcum":88,"Cursed Key":82,"OrangePellets":27,"Anchor":101,"HornCleat":23,"hubris:Icosahedron":85,"downfall:HeartBlessingBlue":56,"DollysMirror":101,"Bronze Scales":56,"Tiny Chest":15,"Simple Rune":62,"MealTicket":66,"ReplayTheSpireMod:TigerMarble":15,"hubris:ToyBattleship":101,"champ:BerserkersGuideToSlaughter":56,"Kintsugi":52}]},"card_choices":[{"not_picked":["ReplayUltimateDefense","Secret Weapon"],"picked":"strawberrySpire:Dropbox","floor":0.0},{"not_picked":["champ:RageSigil","champ:EnGarde"],"picked":"champ:SkillfulDodge","floor":2.0},{"not_picked":["champ:EnGarde","champ:Haymaker"],"picked":"champ:TornadoPunch","floor":3.0},{"not_picked":["champ:FanOfKnives","champ:Haymaker"],"picked":"champ:SwordSigil","floor":4.0},{"not_picked":["champ:StanceDance","champ:ViciousMockery"],"picked":"champ:FlashCut","floor":6.0},{"not_picked":["champ:TornadoPunch","champ:ArenaPreparation"],"picked":"champ:SwordSigil","floor":8.0},{"not_picked":["champ:ShieldWall","champ:IgnorePain"],"picked":"champ:ShieldSigil","floor":9.0},{"not_picked":["champ:ShieldSigil","champ:BladeFlurry"],"picked":"champ:PreciseThrust","floor":10.0},{"not_picked":["champ:Lariat","champ:FanOfKnives"],"picked":"champ:RapidStrikes","floor":11.0},{"not_picked":["champ:ShieldSigil","champ:Backstep"],"picked":"champ:DefensiveShout","floor":12.0},{"not_picked":["champ:ViciousMockery","champ:Haymaker"],"picked":"champ:Duel","floor":14.0},{"not_picked":["champ:SwordSigil","champ:DefensiveShout"],"picked":"champ:GladiatorsShout","floor":15.0},{"not_picked":["champ:SwordThrow","champ:StrikeOfGenius"],"picked":"champ:ShieldSlam","floor":16.0},{"not_picked":["champ:AdrenalArmor","champ:Haymaker"],"picked":"champ:FlashCut+1","floor":19.0},{"not_picked":["champ:DefensiveShout+1","champ:Aggression"],"picked":"champ:ShieldSlam","floor":26.0},{"not_picked":["champ:Lariat","champ:HeartStrike","champ:GladiatorsShout+1"],"picked":"SKIP","floor":27.0},{"not_picked":["champ:FanOfKnives","champ:TornadoPunch"],"picked":"champ:SteelEdge","floor":28.0},{"not_picked":["champ:Backstep","champ:EndlessRage+1"],"picked":"champ:StanceDance","floor":31.0},{"not_picked":["champ:BerserkersShout","champ:ViciousMockery","champ:PerfectedStrike"],"picked":"SKIP","floor":32},{"not_picked":["champ:ShieldThrow","champ:Devastate"],"picked":"champ:Improvising","floor":33},{"not_picked":["champ:BerserkersShout","champ:RapidStrikes+1","champ:Duel"],"picked":"SKIP","floor":36},{"not_picked":["champ:Shatter","champ:Haymaker"],"picked":"champ:ArenaPreparation","floor":38},{"not_picked":["champ:DefensiveShout","champ:CrookedStrike+1","champ:Backstep+1"],"picked":"SKIP","floor":42},{"not_picked":["champ:BerserkersShout+1","champ:Backstep"],"picked":"champ:SwordSigil","floor":44},{"not_picked":["expansioncontent:GoopSpray","expansioncontent:DonusPower"],"picked":"expansioncontent:SuperHexaguard","floor":45},{"not_picked":["expansioncontent:DefensiveMode","Replay:SS_fish_1"],"picked":"expansioncontent:DefensiveStance","floor":45},{"not_picked":["champ:Backstep+1","champ:BerserkerStyle+1"],"picked":"champ:Control+1","floor":46},{"not_picked":["champ:EnGarde+1","champ:ArenaPreparation"],"picked":"champ:SwordSigil+1","floor":49}],"player_experience":992356,"relics_obtained":[{"floor":5.0,"key":"jedi:bottledfury"},{"floor":6.0,"key":"Tiny Chest"},{"floor":7.0,"key":"ReplayTheSpireMod:TigerMarble"},{"floor":9.0,"key":"HornCleat"},{"floor":27.0,"key":"Simple Rune"},{"floor":29.0,"key":"MealTicket"},{"floor":41,"key":"Orichalcum"},{"floor":48,"key":"infinitespire:FocusingShard"}],"event_choices":[{"damage_healed":0.0,"max_hp_gain":0.0,"max_hp_loss":0.0,"gold_gain":0.0,"event_name":"Ghosts","player_choice":"Ignored","floor":22.0,"gold_loss":0.0,"damage_taken":0.0}],"is_beta":false,"boss_relics":[{"not_picked":["strawberrySpire:JuiceKeg","strawberrySpire:RottenAvocado"],"picked":"Kintsugi"},{"not_picked":["Replay:Ancient Bell","ReplayTheSpireMod:DimensionalGlitch"],"picked":"Cursed Key"}],"items_purged_floors":[10,21,46],"is_endless":false,"potions_floor_spawned":[3,6,14,15,16,27,33,36,44],"ascension_level":2}}