{"host":"3xls0xm49ftugio7","time":1608728948,"event":{"mods":["2.2 Compatiblity","AchievementEnabler","Act Like it!","BaseMod","Colored Powertips","GifTheSpireLib","Minty Spire (QoL Compilation)","Quick Restart","Relic Stats","StSLib","The Servant 0.9.4"],"gold_per_floor":[111,126,55,71,89,89,118,146,194,212,228,241,291,291,291,392,392,392,16,0,0,0,0,0,0,0,0,0,0,0,0,0,0,0,0,0,0,0,0,0,0,0,0,0,0,0,0,0,0,0],"floor_reached":51,"playtime":3099,"items_purged":["Strike_S"],"score":949,"play_id":"38030e95-f517-4597-b236-2b941f01f098","local_time":"20201223150908","is_ascension_mode":true,"campfire_choices":[{"data":"Spin","floor":6,"key":"SMITH"},{"data":"ReturningBlade+1","floor":15,"key":"SMITH"},{"data":"KillingDoll","floor":24,"key":"SMITH"},{"floor":32,"key":"REST"},{"data":"BestPractice","floor":40,"key":"SMITH"},{"data":"1","floor":42,"key":"LIFT"},{"floor":49,"key":"REST"}],"circlet_count":0,"master_deck":["Strike_S","Strike_S","Strike_S","Defend_S","Defend_S","Defend_S+1","Defend_S","KidneyShot","Exchange+1","GearUp","Spin+1","Contraction","Sabotage","FastForward","ReturningBlade+2","Solidify","Defy","DoubleEdge","KillingDoll+1","SurpressingFire","SurpressingFire","Rearm","Necronomicurse","Desolation","Moondial","Luminosity","Solidify","Luminosity","ForgedInTime","BestPractice+1","Moondial+1","Embodiment","Defy+1"],"relics":["Uniform","Odd Mushroom","Pear","Toy Ornithopter","War Paint","Ectoplasm","FossilizedHelix","Necronomicon","Oddly Smooth Stone","Regal Pillow","Omamori","White Beast Statue","Mercury Hourglass","Calling Bell","MawBank","Singing Bowl","Girya","Turnip","Centennial Puzzle","Gremlin Horn","Pantograph","Lantern"],"acts_visited":["Exordium","TheCity","TheBeyond"],"potions_floor_usage":[8,10,23,23,25,33,36,36,50,50,50,50,50],"damage_taken":[{"damage":2,"enemies":"Cultist","floor":1,"turns":4},{"damage":0,"enemies":"Jaw Worm","floor":2,"turns":5},{"damage":4,"enemies":"2 Louse","floor":4,"turns":2},{"damage":1,"enemies":"Exordium Wildlife","floor":5,"turns":3},{"damage":5,"enemies":"The Mushroom Lair","floor":7,"turns":3},{"damage":14,"enemies":"Gremlin Nob","floor":8,"turns":5},{"damage":0,"enemies":"Large Slime","floor":10,"turns":3},{"damage":0,"enemies":"2 Fungi Beasts","floor":11,"turns":2},{"damage":0,"enemies":"Red Slaver","floor":12,"turns":4},{"damage":15,"enemies":"The Guardian","floor":16,"turns":12},{"damage":0,"enemies":"Chosen","floor":18,"turns":5},{"damage":15,"enemies":"2 Thieves","floor":20,"turns":5},{"damage":0,"enemies":"3 Cultists","floor":21,"turns":4},{"damage":50,"enemies":"Gremlin Leader","floor":23,"turns":10},{"damage":10,"enemies":"Slavers","floor":25,"turns":5},{"damage":2,"enemies":"Book of Stabbing","floor":27,"turns":7},{"damage":14,"enemies":"Gremlin Leader","floor":30,"turns":8},{"damage":0,"enemies":"Snecko","floor":31,"turns":3},{"damage":33,"enemies":"Automaton","floor":33,"turns":11},{"damage":0,"enemies":"Orb Walker","floor":35,"turns":4},{"damage":51,"enemies":"2 Orb Walkers","floor":36,"turns":8},{"damage":3,"enemies":"3 Darklings","floor":38,"turns":4},{"damage":0,"enemies":"Giant Head","floor":41,"turns":9},{"damage":0,"enemies":"Reptomancer","floor":44,"turns":5},{"damage":12,"enemies":"Spire Growth","floor":45,"turns":6},{"damage":12,"enemies":"Transient","floor":46,"turns":5},{"damage":57,"enemies":"Giant Head","floor":47,"turns":9},{"damage":3,"enemies":"4 Shapes","floor":48,"turns":6},{"damage":6,"enemies":"Time Eater","floor":50,"turns":7}],"seed_played":"5352771790889829955","potions_obtained":[{"floor":2,"key":"Fire Potion"},{"floor":5,"key":"AttackPotion"},{"floor":8,"key":"AttackPotion"},{"floor":12,"key":"SpeedPotion"},{"floor":16,"key":"AttackPotion"},{"floor":18,"key":"Energy Potion"},{"floor":23,"key":"Explosive Potion"},{"floor":30,"key":"Fire Potion"},{"floor":31,"key":"AttackPotion"},{"floor":33,"key":"ColorlessPotion"},{"floor":36,"key":"Ancient Potion"},{"floor":38,"key":"Dexterity Potion"},{"floor":46,"key":"EntropicBrew"},{"floor":48,"key":"PowerPotion"}],"is_trial":false,"path_per_floor":["M","M","$","M","M","R","?","E","T","M","M","M","T","?","R","B",null,"M","$","M","M","?","E","R","E","T","E","?","$","E","M","R","B",null,"M","?","$","M","?","R","E","R","T","E","M","M","E","M","R","B",null],"character_chosen":"THE_SERVANT","items_purchased":["Contraction","FossilizedHelix"],"campfire_rested":2,"item_purchase_floors":[3,19],"current_hp_per_floor":[57,57,57,53,52,52,47,43,43,48,48,48,48,48,48,33,87,87,87,72,72,56,16,16,11,11,9,38,38,24,24,65,37,87,89,43,43,40,78,78,80,80,80,80,70,60,5,2,42,86],"gold":0,"neow_bonus":"TWENTY_PERCENT_HP_BONUS","is_daily":false,"chose_seed":false,"campfire_upgraded":4,"win_rate":0.0,"timestamp":1608728948,"path_taken":["M","M","?","M","M","R","?","E","T","?","M","M","?","?","R","BOSS","M","$","M","M","?","E","R","E","T","E","?","$","E","M","R","BOSS","M","?","$","M","?","R","E","R","T","E","M","M","E","M","R","BOSS"],"items_purchased_type":["Card","Relic"],"build_version":"2020-12-22","purchased_purges":1,"victory":true,"max_hp_per_floor":[77,77,77,77,77,77,77,87,87,87,87,87,87,87,87,87,87,87,87,87,87,87,87,87,87,87,87,87,87,87,87,87,87,87,89,89,89,89,78,78,80,80,80,80,82,84,86,86,86,86],"relic_stats":{"Regal Pillow":30,"Singing Bowl":10,"Gremlin Horn":[6,6],"counters":[29,163],"War Paint":["Defend_S","Exchange"],"MawBank":0,"Mercury Hourglass":[305],"Centennial Puzzle":[12],"Pantograph":25,"Ectoplasm":806,"Turnip":[8],"Necronomicon":[15],"obtain_stats":[{"Girya":34,"Regal Pillow":25,"Lantern":47,"Pear":8,"Singing Bowl":34,"Gremlin Horn":43,"Oddly Smooth Stone":23,"Uniform":0,"Omamori":26,"Odd Mushroom":7,"War Paint":13,"MawBank":34,"White Beast Statue":27,"Mercury Hourglass":30,"Calling Bell":34,"Centennial Puzzle":41,"Pantograph":44,"Ectoplasm":17,"Turnip":36,"Necronomicon":22,"Toy Ornithopter":9,"FossilizedHelix":19},{"Girya":19,"Regal Pillow":15,"Lantern":27,"Pear":6,"Singing Bowl":19,"Gremlin Horn":23,"Oddly Smooth Stone":14,"Uniform":0,"Omamori":15,"Odd Mushroom":5,"War Paint":9,"MawBank":19,"White Beast Statue":16,"Mercury Hourglass":17,"Calling Bell":19,"Centennial Puzzle":23,"Pantograph":24,"Ectoplasm":10,"Turnip":21,"Necronomicon":13,"Toy Ornithopter":6,"FossilizedHelix":11},{"Girya":101,"Regal Pillow":72,"Lantern":150,"Pear":22,"Singing Bowl":101,"Gremlin Horn":125,"Oddly Smooth Stone":67,"Uniform":0,"Omamori":72,"Odd Mushroom":17,"War Paint":31,"MawBank":101,"White Beast Statue":79,"Mercury Hourglass":87,"Calling Bell":101,"Centennial Puzzle":125,"Pantograph":130,"Ectoplasm":43,"Turnip":112,"Necronomicon":57,"Toy Ornithopter":22,"FossilizedHelix":48}],"Toy Ornithopter":55},"card_choices":[{"not_picked":["DoubleEdge","Alleviate"],"picked":"GearUp","floor":1},{"not_picked":["Replace","Rewind"],"picked":"Spin","floor":2},{"not_picked":["Reset","Gouge"],"picked":"Sabotage","floor":4},{"not_picked":["Revamp","DoubleEdge"],"picked":"FastForward","floor":5},{"not_picked":["Spin","WasteNot"],"picked":"ReturningBlade","floor":7},{"not_picked":["Starlight","RealityMarble","ShatteredReality"],"picked":"SKIP","floor":8},{"not_picked":["GearUp","Defy"],"picked":"Solidify","floor":10},{"not_picked":["Revamp","Unruled"],"picked":"Defy","floor":11},{"not_picked":["TimeWarp","Alleviate"],"picked":"DoubleEdge","floor":12},{"not_picked":["ForgedInTime","PendulumOfEternity"],"picked":"KillingDoll","floor":16},{"not_picked":["ReturningBlade","Alleviate"],"picked":"SurpressingFire","floor":18},{"not_picked":["TimeWarp","Replace"],"picked":"SurpressingFire","floor":20},{"not_picked":["StarChef","Spin+1"],"picked":"Rearm","floor":21},{"not_picked":["Hightail","Misdirection"],"picked":"Desolation","floor":23},{"not_picked":["Ricochet","Alleviate"],"picked":"Moondial","floor":25},{"not_picked":["SpecialFormula+1","Replace"],"picked":"Luminosity","floor":27},{"not_picked":["Defy","Revamp+1"],"picked":"Solidify","floor":30},{"not_picked":["Alleviate","ShatteredReality"],"picked":"Luminosity","floor":31},{"not_picked":["Dilation","Duplication"],"picked":"ForgedInTime","floor":33},{"not_picked":["BottledTime+1","ShatteredReality","Spin+1"],"picked":"Singing Bowl","floor":35},{"not_picked":["ShatteredReality","Replace+1"],"picked":"BestPractice","floor":36},{"not_picked":["DoubleEdge+1","Foresight"],"picked":"Moondial+1","floor":38},{"not_picked":["ShatteredReality+1","Potential","TimeWarp+1"],"picked":"Singing Bowl","floor":41},{"not_picked":["Rewind","Unruled"],"picked":"Embodiment","floor":44},{"not_picked":["Rewind+1","TimeWarp","Starlight+1"],"picked":"Singing Bowl","floor":45},{"not_picked":["Foresight+1","DoubleEdge","Desolation+1"],"picked":"Singing Bowl","floor":46},{"not_picked":["Misdirection","Comet+1","PendulumOfEternity"],"picked":"Singing Bowl","floor":47},{"not_picked":["BottledTime+1","Foresight"],"picked":"Defy+1","floor":48}],"player_experience":693540,"relics_obtained":[{"floor":7,"key":"Odd Mushroom"},{"floor":8,"key":"Pear"},{"floor":9,"key":"Toy Ornithopter"},{"floor":13,"key":"War Paint"},{"floor":22,"key":"Necronomicon"},{"floor":23,"key":"Oddly Smooth Stone"},{"floor":25,"key":"Regal Pillow"},{"floor":26,"key":"Omamori"},{"floor":27,"key":"White Beast Statue"},{"floor":30,"key":"Mercury Hourglass"},{"floor":34,"key":"MawBank"},{"floor":34,"key":"Singing Bowl"},{"floor":34,"key":"Girya"},{"floor":36,"key":"Turnip"},{"floor":41,"key":"Centennial Puzzle"},{"floor":43,"key":"Gremlin Horn"},{"floor":44,"key":"Pantograph"},{"floor":47,"key":"Lantern"}],"event_choices":[{"damage_healed":0,"gold_gain":0,"player_choice":"Fought Mushrooms","damage_taken":0,"max_hp_gain":0,"max_hp_loss":0,"event_name":"Mushrooms","floor":7,"gold_loss":0},{"damage_healed":0,"gold_gain":0,"player_choice":"Grow","damage_taken":0,"max_hp_gain":0,"max_hp_loss":0,"event_name":"Living Wall","floor":14,"gold_loss":0,"cards_upgraded":["ReturningBlade"]},{"damage_healed":0,"gold_gain":0,"player_choice":"Obtained Book","damage_taken":16,"max_hp_gain":0,"max_hp_loss":0,"event_name":"Cursed Tome","floor":22,"gold_loss":0},{"damage_healed":29,"gold_gain":0,"player_choice":"Heal","damage_taken":0,"max_hp_gain":0,"max_hp_loss":0,"event_name":"The Library","floor":28,"gold_loss":0},{"damage_healed":0,"gold_gain":0,"player_choice":"Fight","damage_taken":0,"max_hp_gain":0,"max_hp_loss":0,"event_name":"Mysterious Sphere","floor":36,"gold_loss":0},{"damage_healed":78,"gold_gain":0,"player_choice":"Heal","damage_taken":0,"max_hp_gain":0,"max_hp_loss":11,"event_name":"The Moai Head","floor":39,"gold_loss":0}],"is_beta":false,"boss_relics":[{"not_picked":["Snecko Eye","Empty Cage"],"picked":"Ectoplasm"},{"not_picked":["SlaversCollar","Pandora\u0027s Box"],"picked":"Calling Bell"}],"items_purged_floors":[19],"is_endless":false,"potions_floor_spawned":[2,5,8,12,16,18,23,30,31,33,35,36,38,41,44,45,46,47,48],"ascension_level":2}}