{"host":"og6lam4kt3nibbw0","time":1608742447,"event":{"mods":["AchievementEnabler","BaseMod","Colored Map","DeckTracker","Highlight Path","Keyboard Shortcuts","Minty Spire (QoL Compilation)","Permanent Neow","Quick Restart","StSLib","SuperFastMode"],"gold_per_floor":[14,32,32,82,95,95,136,136,163,163,187,152,152,152,152,245,545,570,55,55,55,79,79,79,104,104,104,104],"floor_reached":27,"playtime":902,"items_purged":["Parasite"],"score":422,"play_id":"7bfcbfc2-8aa5-490f-a120-fe7ab94813aa","local_time":"20201224015407","is_ascension_mode":true,"campfire_choices":[{"data":"Echo Form","floor":6.0,"key":"SMITH"},{"floor":15.0,"key":"REST"},{"floor":23.0,"key":"REST"}],"circlet_count":0,"master_deck":["AscendersBane","Strike_B","Strike_B","Defend_B","Defend_B","Defend_B","Zap","Dualcast","Echo Form+1","Multi-Cast","Turbo","All For One","Scrape","Glacier","Lockon","All For One","CurseOfTheBell","Beam Cell+1","Reboot","Gash"],"relics":["Cracked Core","Golden Idol","Juzu Bracelet","DataDisk","Calling Bell","Shuriken","Bag of Marbles","Old Coin","Singing Bowl","Pear"],"acts_visited":["Exordium","TheCity"],"potions_floor_usage":[],"damage_taken":[{"damage":14.0,"enemies":"Jaw Worm","floor":1.0,"turns":4.0},{"damage":4.0,"enemies":"2 Louse","floor":2.0,"turns":2.0},{"damage":7.0,"enemies":"Cultist","floor":5.0,"turns":4.0},{"damage":26.0,"enemies":"Lagavulin","floor":7.0,"turns":7.0},{"damage":0.0,"enemies":"Looter","floor":8.0,"turns":1.0},{"damage":20.0,"enemies":"Large Slime","floor":11.0,"turns":4.0},{"damage":24.0,"enemies":"The Guardian","floor":16.0,"turns":14.0},{"damage":41.0,"enemies":"2 Thieves","floor":18.0,"turns":4.0},{"damage":8.0,"enemies":"Spheric Guardian","floor":22.0,"turns":6.0},{"damage":25,"enemies":"Snecko","floor":25,"turns":7},{"damage":19,"enemies":"Snake Plant","floor":27,"turns":2}],"seed_played":"-8419109330110015964","potions_obtained":[{"floor":5.0,"key":"Weak Potion"},{"floor":7.0,"key":"SmokeBomb"},{"floor":16.0,"key":"Fire Potion"},{"floor":18.0,"key":"Fruit Juice"},{"floor":22.0,"key":"FearPotion"}],"is_trial":false,"path_per_floor":["M","M","?","?","M","R","E","M","T","?","M","?","?","?","R","B",null,"M","$","$","?","M","R","?","M","T","M"],"character_chosen":"DEFECT","items_purchased":["Singing Bowl","Reboot"],"campfire_rested":2,"item_purchase_floors":[19,19],"current_hp_per_floor":[50,46,46,40,33,33,7,7,7,23,3,19,19,19,38,14,52,16,16,16,16,10,30,30,7,17,0,0],"gold":104,"neow_bonus":"TRANSFORM_TWO_CARDS","is_daily":false,"chose_seed":false,"campfire_upgraded":1,"win_rate":0.0,"timestamp":1608742447,"path_taken":["M","M","?","?","M","R","E","M","T","?","M","?","?","?","R","BOSS","M","?","$","?","M","R","?","M","T","M"],"items_purchased_type":["Relic","Card"],"build_version":"2020-12-22","purchased_purges":1,"victory":false,"max_hp_per_floor":[71,71,64,64,64,64,64,64,64,64,64,64,64,64,64,64,64,69,66,66,66,68,68,68,70,80,80,80],"card_choices":[{"not_picked":["Cold Snap","Genetic Algorithm"],"picked":"Turbo","floor":1.0},{"not_picked":["Turbo","Cold Snap","Redo"],"picked":"SKIP","floor":2.0},{"not_picked":["Go for the Eyes","Genetic Algorithm"],"picked":"All For One","floor":5.0},{"not_picked":["Barrage","Steam"],"picked":"Scrape","floor":7.0},{"not_picked":["Streamline","Hologram"],"picked":"Glacier","floor":11.0},{"not_picked":["Hyperbeam","Core Surge"],"picked":"All For One","floor":16.0},{"not_picked":["Compile Driver","Streamline"],"picked":"Beam Cell+1","floor":18.0},{"not_picked":["Ball Lightning","Streamline+1","Hologram"],"picked":"Singing Bowl","floor":22.0},{"not_picked":["Rebound","Defragment","Stack"],"picked":"Singing Bowl","floor":25}],"player_experience":823280,"relics_obtained":[{"floor":7.0,"key":"Juzu Bracelet"},{"floor":9.0,"key":"DataDisk"},{"floor":17.0,"key":"Shuriken"},{"floor":17.0,"key":"Bag of Marbles"},{"floor":17.0,"key":"Old Coin"},{"floor":26,"key":"Pear"}],"event_choices":[{"damage_healed":0.0,"max_hp_gain":0.0,"max_hp_loss":7.0,"gold_gain":0.0,"event_name":"Golden Idol","player_choice":"Lose Max HP","floor":3.0,"gold_loss":0.0,"damage_taken":0.0,"relics_obtained":["Golden Idol"]},{"damage_healed":0.0,"max_hp_gain":0.0,"max_hp_loss":0.0,"gold_gain":50.0,"event_name":"FaceTrader","player_choice":"Touch","floor":4.0,"gold_loss":0.0,"damage_taken":6.0},{"damage_healed":16.0,"max_hp_gain":0.0,"max_hp_loss":0.0,"gold_gain":0.0,"event_name":"Mushrooms","player_choice":"Healed and dodged fight","floor":10.0,"gold_loss":0.0,"damage_taken":0.0,"cards_obtained":["Parasite"]},{"damage_healed":16.0,"max_hp_gain":0.0,"max_hp_loss":0.0,"gold_gain":0.0,"event_name":"The Cleric","player_choice":"Healed","floor":12.0,"gold_loss":35.0,"damage_taken":0.0},{"damage_healed":0.0,"max_hp_gain":0.0,"max_hp_loss":0.0,"gold_gain":0.0,"event_name":"Shining Light","player_choice":"Ignored","floor":13.0,"gold_loss":0.0,"damage_taken":0.0},{"damage_healed":0.0,"max_hp_gain":0.0,"max_hp_loss":0.0,"gold_gain":0.0,"cards_transformed":["Strike_B"],"event_name":"Transmorgrifier","player_choice":"Transformed","floor":14.0,"gold_loss":0.0,"damage_taken":0.0,"cards_obtained":["Lockon"]},{"damage_healed":0.0,"max_hp_gain":0.0,"max_hp_loss":0.0,"gold_gain":0.0,"event_name":"Vampires","player_choice":"Ignored","floor":21.0,"gold_loss":0.0,"damage_taken":0.0},{"damage_healed":0.0,"max_hp_gain":0.0,"max_hp_loss":0.0,"gold_gain":0.0,"event_name":"The Library","player_choice":"Read","floor":24.0,"gold_loss":0.0,"damage_taken":0.0,"cards_obtained":["Gash"]}],"is_beta":false,"boss_relics":[{"not_picked":["Astrolabe","Philosopher\u0027s Stone"],"picked":"Calling Bell"}],"items_purged_floors":[19],"is_endless":false,"potions_floor_spawned":[5,7,16,18,22],"killed_by":"Snake Plant","ascension_level":20}}