{"host":"h8qp9f7fc8z1autn","time":1608698000,"event":{"mods":["AchievementEnabler","BaseMod","Beaked The Cultist","Friendly Minions","Hermit","Infinite Spire","Marisa????????","Minty Spire (QoL Compilation)","StSLib","The Animator","The Construct"],"gold_per_floor":[115,115,115,131,32,32,50,83,83,98,129,142,172,190,190,293,293,278,293,313,313,326,326,326],"floor_reached":23,"playtime":2551,"items_purged":["hermit:Defend_Hermit"],"score":230,"play_id":"c88ec370-f5e4-4627-bbc7-b670dc401374","local_time":"20201222223320","is_ascension_mode":false,"campfire_choices":[{"data":"hermit:Dive","floor":6,"key":"SMITH"},{"floor":15,"key":"REST"},{"data":"hermit:Dive","floor":15,"key":"SMITH"}],"circlet_count":0,"master_deck":["hermit:Strike_Hermit","hermit:Strike_Hermit","hermit:Defend_Hermit","hermit:Defend_Hermit","hermit:Defend_Hermit","hermit:Snapshot","hermit:Covet+1","hermit:LoneWolf","hermit:Enervate","hermit:Dive+1","hermit:BigShot","hermit:Dive+1","hermit:TakeAim","hermit:Midnight","hermit:Gambit","CurseOfTheBell","hermit:Vantage","hermit:Headshot","hermit:Vantage"],"relics":["hermit:Momento","Thread and Needle","Bag of Marbles","Pear","construct:RocketBooster","infinitespire:Magic Flask","Pocketwatch","Calling Bell","Omamori","construct:FoamFinger","construct:BoolHorns","Enchiridion"],"acts_visited":["Exordium","TheCity"],"potions_floor_usage":[11,23,23],"damage_taken":[{"damage":0.0,"enemies":"Cultist","floor":1.0,"turns":3.0},{"damage":0,"enemies":"Jaw Worm","floor":4,"turns":4},{"damage":0,"enemies":"2 Louse","floor":7,"turns":2},{"damage":6,"enemies":"Gremlin Nob","floor":8,"turns":4},{"damage":0,"enemies":"Exordium Thugs","floor":10,"turns":3},{"damage":0,"enemies":"Lagavulin","floor":11,"turns":9},{"damage":18,"enemies":"Large Slime","floor":12,"turns":6},{"damage":0,"enemies":"3 Louse","floor":14,"turns":1},{"damage":5,"enemies":"Slime Boss","floor":16,"turns":9},{"damage":7,"enemies":"2 Thieves","floor":18,"turns":4},{"damage":0,"enemies":"Shell Parasite","floor":19,"turns":6},{"damage":1,"enemies":"Centurion and Healer","floor":20,"turns":6},{"damage":27,"enemies":"Cultist and Chosen","floor":22,"turns":7},{"damage":44,"enemies":"Gremlin Leader","floor":23,"turns":7}],"seed_played":"-4823110122263673192","potions_obtained":[{"floor":7,"key":"Energy Potion"},{"floor":8,"key":"Strength Potion"},{"floor":10,"key":"Weak Potion"},{"floor":12,"key":"Strength Potion"},{"floor":14,"key":"hermit:BlackBile"},{"floor":18,"key":"DistilledChaos"}],"is_trial":false,"path_per_floor":["M","?","?","M","$","R","M","E","T","M","E","M","?","M","R","B",null,"M","M","M","?","M","E"],"character_chosen":"HERMIT","items_purchased":["hermit:Dive"],"campfire_rested":1,"item_purchase_floors":[5],"current_hp_per_floor":[54,36,36,36,36,36,36,40,40,40,40,22,22,22,47,42,85,78,78,77,61,34,0,0],"gold":326,"neow_bonus":"REMOVE_TWO","is_daily":false,"chose_seed":false,"campfire_upgraded":2,"win_rate":0.0,"timestamp":1608698000,"path_taken":["M","?","?","M","$","R","M","E","T","M","E","M","?","M","R","BOSS","M","M","M","?","M","E"],"items_purchased_type":["Card"],"build_version":"2020-12-13","purchased_purges":1,"victory":false,"max_hp_per_floor":[75,75,75,75,75,75,75,85,85,85,85,85,85,85,85,85,85,85,85,85,85,85,85,85],"card_choices":[{"not_picked":["hermit:Headshot","hermit:Showdown"],"picked":"hermit:LoneWolf","floor":1},{"not_picked":["hermit:TrackingShot","hermit:Glare"],"picked":"hermit:Enervate","floor":4},{"not_picked":["hermit:Coalescence","hermit:LoneWolf"],"picked":"hermit:BigShot","floor":7},{"not_picked":["hermit:HoleUp","hermit:HighCaliber"],"picked":"hermit:Dive","floor":8},{"not_picked":["hermit:Snipe","hermit:Dive","hermit:WideOpen"],"picked":"SKIP","floor":10},{"not_picked":["hermit:Shortfuse","hermit:PistolWhip"],"picked":"hermit:TakeAim","floor":11},{"not_picked":["hermit:Ricochet","hermit:DeadMansHand"],"picked":"hermit:Midnight","floor":12},{"not_picked":["hermit:Manifest","hermit:HoleUp","hermit:SprayPray"],"picked":"SKIP","floor":14},{"not_picked":["hermit:FatalDesire","hermit:BlackWind"],"picked":"hermit:Gambit","floor":16},{"not_picked":["hermit:Gestalt+1","hermit:HighCaliber"],"picked":"hermit:Vantage","floor":18},{"not_picked":["hermit:Coalescence","hermit:HighCaliber"],"picked":"hermit:Headshot","floor":19},{"not_picked":["hermit:Headshot","hermit:Snipe"],"picked":"hermit:Vantage","floor":20},{"not_picked":["hermit:Maintenance+1","hermit:HighCaliber","hermit:Desperado"],"picked":"SKIP","floor":22}],"player_experience":349263,"relics_obtained":[{"floor":3,"key":"Bag of Marbles"},{"floor":8,"key":"Pear"},{"floor":9,"key":"construct:RocketBooster"},{"floor":11,"key":"infinitespire:Magic Flask"},{"floor":17,"key":"Omamori"},{"floor":17,"key":"construct:FoamFinger"},{"floor":17,"key":"construct:BoolHorns"},{"floor":21,"key":"Enchiridion"}],"event_choices":[{"damage_healed":0,"gold_gain":0,"player_choice":"Success","damage_taken":18,"relics_obtained":["Thread and Needle"],"max_hp_gain":0,"max_hp_loss":0,"event_name":"Scrap Ooze","floor":2,"gold_loss":0},{"damage_healed":0,"gold_gain":30,"player_choice":"Searched \u00273\u0027 times","damage_taken":0,"relics_obtained":["Pocketwatch"],"max_hp_gain":0,"max_hp_loss":0,"event_name":"Dead Adventurer","floor":13,"gold_loss":0},{"damage_healed":0,"gold_gain":0,"player_choice":"Obtained Book","damage_taken":16,"max_hp_gain":0,"max_hp_loss":0,"event_name":"Cursed Tome","floor":21,"gold_loss":0}],"is_beta":false,"boss_relics":[{"not_picked":["Snecko Eye","Runic Pyramid"],"picked":"Calling Bell"}],"items_purged_floors":[5],"is_endless":false,"potions_floor_spawned":[7,8,10,12,14,18,22],"killed_by":"Gremlin Leader","ascension_level":0}}