{"host":"dl7h25vjpuplx29g","time":1608740017,"event":{"mods":["BaseMod","Colored Map","Minty Spire (QoL Compilation)"],"gold_per_floor":[113,93,18,30,30,56,56,71,71,1,1,29,41,55,55,130,130,148,148,148,159,59,59,91,91,118,118,118],"floor_reached":27,"playtime":1287,"items_purged":["Strike_B","Strike_B"],"score":436,"play_id":"a3f539e1-14ed-44fc-bb19-b5b5481854b7","local_time":"20201224011337","is_ascension_mode":true,"campfire_choices":[{"data":"Sunder","floor":7.0,"key":"SMITH"},{"data":"Defragment","floor":11.0,"key":"SMITH"},{"floor":15.0,"key":"REST"},{"data":"Chaos","floor":23.0,"key":"SMITH"},{"floor":25,"key":"REST"}],"circlet_count":0,"master_deck":["AscendersBane","Strike_B","Strike_B","Defend_B","Defend_B","Defend_B","Defend_B","Zap","Dualcast","Melter","Sunder+1","Chaos+1","Conserve Battery","Defragment+1","Doom and Gloom","Coolheaded","Machine Learning","Turbo","Glacier"],"relics":["Cracked Core","NeowsBlessing","Du-Vu Doll","Kunai","Incense Burner","Inserter","Nilry\u0027s Codex","Darkstone Periapt","Akabeko"],"acts_visited":["Exordium","TheCity"],"potions_floor_usage":[24,27],"damage_taken":[{"damage":0.0,"enemies":"Jaw Worm","floor":1.0,"turns":1.0},{"damage":0.0,"enemies":"Cultist","floor":4.0,"turns":1.0},{"damage":0.0,"enemies":"3 Sentries","floor":6.0,"turns":1.0},{"damage":0.0,"enemies":"Small Slimes","floor":8.0,"turns":1.0},{"damage":17.0,"enemies":"Lagavulin","floor":12.0,"turns":4.0},{"damage":6.0,"enemies":"3 Louse","floor":13.0,"turns":3.0},{"damage":18.0,"enemies":"Exordium Wildlife","floor":14.0,"turns":6.0},{"damage":23.0,"enemies":"Slime Boss","floor":16.0,"turns":9.0},{"damage":7.0,"enemies":"Spheric Guardian","floor":18.0,"turns":3.0},{"damage":1.0,"enemies":"Chosen","floor":21.0,"turns":4.0},{"damage":26,"enemies":"Gremlin Leader","floor":24,"turns":9},{"damage":36,"enemies":"Slavers","floor":27,"turns":3}],"seed_played":"-1400226265020565927","potions_obtained":[{"floor":1.0,"key":"Energy Potion"},{"floor":2.0,"key":"Dexterity Potion"},{"floor":16.0,"key":"FocusPotion"},{"floor":18.0,"key":"DuplicationPotion"}],"is_trial":false,"path_per_floor":["M","?","$","M","$","E","R","M","T","$","R","E","M","M","R","B",null,"M","?","?","M","$","R","E","R","T","E"],"character_chosen":"DEFECT","items_purchased":["Defragment"],"campfire_rested":2,"item_purchase_floors":[10],"current_hp_per_floor":[68,68,68,68,68,68,68,68,68,68,68,51,45,27,49,26,63,56,56,40,39,39,39,13,35,35,0,0],"gold":118,"neow_bonus":"THREE_ENEMY_KILL","is_daily":false,"chose_seed":false,"campfire_upgraded":3,"win_rate":0.0,"timestamp":1608740017,"path_taken":["M","?","$","M","$","E","R","M","T","?","R","E","?","M","R","BOSS","M","?","?","M","$","R","E","R","T","E"],"items_purchased_type":["Card"],"build_version":"2020-12-22","purchased_purges":2,"victory":false,"max_hp_per_floor":[75,75,75,75,75,75,75,75,75,75,75,75,75,75,75,75,75,75,75,75,75,75,75,75,75,75,75,75],"card_choices":[{"not_picked":["Steam Power","Barrage"],"picked":"Melter","floor":1.0},{"not_picked":["Hologram","Streamline"],"picked":"Sunder","floor":4.0},{"not_picked":["Redo","Lockon"],"picked":"Chaos","floor":6.0},{"not_picked":["Go for the Eyes","Loop"],"picked":"Conserve Battery","floor":8.0},{"not_picked":["Hello World","Lockon","Melter"],"picked":"SKIP","floor":12.0},{"not_picked":["Compile Driver","Skim"],"picked":"Doom and Gloom","floor":13.0},{"not_picked":["Rip and Tear","Cold Snap"],"picked":"Coolheaded","floor":14.0},{"not_picked":["Thunder Strike","Hyperbeam"],"picked":"Machine Learning","floor":16.0},{"not_picked":["Steam","Sunder+1","Chaos"],"picked":"SKIP","floor":18.0},{"not_picked":["Loop","Rebound"],"picked":"Turbo","floor":21.0},{"not_picked":["Go for the Eyes+1","Rainbow"],"picked":"Glacier","floor":24}],"player_experience":1171349,"relics_obtained":[{"floor":6.0,"key":"Du-Vu Doll"},{"floor":9.0,"key":"Kunai"},{"floor":12.0,"key":"Incense Burner"},{"floor":20.0,"key":"Nilry\u0027s Codex"},{"floor":24,"key":"Darkstone Periapt"},{"floor":26,"key":"Akabeko"}],"event_choices":[{"damage_healed":0.0,"max_hp_gain":0.0,"max_hp_loss":0.0,"gold_gain":0.0,"event_name":"The Woman in Blue","player_choice":"Bought 1 Potion","floor":2.0,"gold_loss":0.0,"damage_taken":0.0},{"damage_healed":0.0,"max_hp_gain":0.0,"max_hp_loss":0.0,"gold_gain":0.0,"event_name":"Vampires","player_choice":"Ignored","floor":19.0,"gold_loss":0.0,"damage_taken":0.0},{"damage_healed":0.0,"max_hp_gain":0.0,"max_hp_loss":0.0,"gold_gain":0.0,"event_name":"Cursed Tome","player_choice":"Obtained Book","floor":20.0,"gold_loss":0.0,"damage_taken":16.0}],"is_beta":false,"boss_relics":[{"not_picked":["Runic Pyramid","Nuclear Battery"],"picked":"Inserter"}],"items_purged_floors":[3,22],"is_endless":false,"potions_floor_spawned":[1,4,6,16,18],"killed_by":"Slavers","ascension_level":13}}