{"host":"oy4pyvr762z5n0bb","time":1608685293,"event":{"mods":["AchievementEnabler","BaseMod","Colored Map","Colored Powertips","Googly Eyes","Key Reminder","Minty Spire (QoL Compilation)","Quick Restart","Relic Sorter","StSLib","SuperFastMode","Unceasing Turn Reminder","slay the spire mod where everything is the same but ironclad has a cowboy hat"],"gold_per_floor":[118,45,62,72,92,92,120,120,143,143,89,103,103,128,128,231,231,247,262,183,198,297,331,331,331],"floor_reached":24,"playtime":549,"items_purged":[],"score":260,"play_id":"39086626-9a3b-409a-936a-93452d09ec2a","local_time":"20201222170133","is_ascension_mode":true,"campfire_choices":[{"floor":6,"key":"REST"},{"floor":8,"key":"REST"},{"floor":13,"key":"REST"},{"data":"Crescendo","floor":15,"key":"SMITH"}],"circlet_count":0,"master_deck":["Strike_P","Strike_P+1","Strike_P+1","Strike_P","Defend_P","Defend_P","Defend_P","Defend_P","Eruption","Vigilance","MasterReality+1","Fasting2","BattleHymn","Evaluate","BattleHymn","CrushJoints","Wallop","Crescendo+1","Consecrate+1","DeceiveReality","Ragnarok","Evaluate","ReachHeaven","Evaluate+1"],"relics":["PureWater","Regal Pillow","Strawberry","Bronze Scales","Sozu","Whetstone"],"acts_visited":["Exordium","TheCity"],"potions_floor_usage":[7,7,23,23],"damage_taken":[{"damage":7,"enemies":"Cultist","floor":1,"turns":5},{"damage":4,"enemies":"Small Slimes","floor":3,"turns":5},{"damage":19,"enemies":"Jaw Worm","floor":4,"turns":5},{"damage":10,"enemies":"Blue Slaver","floor":5,"turns":5},{"damage":43,"enemies":"Lagavulin","floor":7,"turns":6},{"damage":0,"enemies":"Large Slime","floor":12,"turns":3},{"damage":17,"enemies":"Gremlin Nob","floor":14,"turns":4},{"damage":53,"enemies":"The Guardian","floor":16,"turns":10},{"damage":19,"enemies":"2 Thieves","floor":18,"turns":4},{"damage":0,"enemies":"Chosen","floor":19,"turns":4},{"damage":5,"enemies":"Snecko","floor":21,"turns":5},{"damage":34,"enemies":"Slavers","floor":23,"turns":3},{"damage":21,"enemies":"Shelled Parasite and Fungi","floor":24,"turns":3}],"seed_played":"3276880045006590794","potions_obtained":[{"floor":4,"key":"Strength Potion"},{"floor":5,"key":"DistilledChaos"},{"floor":12,"key":"Explosive Potion"},{"floor":14,"key":"Explosive Potion"}],"is_trial":false,"path_per_floor":["M","$","M","M","M","R","E","R","T","?","$","M","R","E","R","B",null,"M","M","$","M","?","E","M"],"character_chosen":"WATCHER","items_purchased":["BattleHymn","Crescendo","ReachHeaven"],"campfire_rested":3,"item_purchase_floors":[2,11,20],"current_hp_per_floor":[65,65,61,42,32,53,10,46,53,37,37,37,75,58,58,5,79,60,60,60,55,55,21,0,0],"gold":331,"neow_bonus":"ONE_RANDOM_RARE_CARD","is_daily":false,"chose_seed":false,"campfire_upgraded":1,"win_rate":0.0,"timestamp":1608685293,"path_taken":["M","$","M","M","?","R","E","R","T","?","$","M","R","E","R","BOSS","M","M","$","M","?","E","M"],"items_purchased_type":["Card","Card","Card"],"build_version":"2020-12-13","purchased_purges":0,"victory":false,"max_hp_per_floor":[72,72,72,72,72,72,72,72,79,79,79,79,79,79,79,79,79,79,79,79,79,79,79,79,79],"card_choices":[{"not_picked":["JustLucky","Consecrate"],"picked":"Fasting2","floor":1},{"not_picked":["ClearTheMind","Prostrate"],"picked":"Evaluate","floor":3},{"not_picked":["SignatureMove","Evaluate"],"picked":"BattleHymn","floor":4},{"not_picked":["WaveOfTheHand","EmptyBody"],"picked":"CrushJoints","floor":5},{"not_picked":["SashWhip","ForeignInfluence"],"picked":"Wallop","floor":7},{"not_picked":["JustLucky","FearNoEvil"],"picked":"Consecrate","floor":12},{"not_picked":["Judgement","FollowUp"],"picked":"DeceiveReality","floor":14},{"not_picked":["Vault","Omniscience"],"picked":"Ragnarok","floor":16},{"not_picked":["FlurryOfBlows","CutThroughFate"],"picked":"Evaluate","floor":18},{"not_picked":["Nirvana","CutThroughFate+1","Fasting2"],"picked":"SKIP","floor":19},{"not_picked":["PathToVictory+1","ThirdEye","Weave"],"picked":"SKIP","floor":21},{"not_picked":["JustLucky+1","ConjureBlade"],"picked":"Evaluate+1","floor":23}],"player_experience":551708,"relics_obtained":[{"floor":7,"key":"Regal Pillow"},{"floor":9,"key":"Strawberry"},{"floor":14,"key":"Bronze Scales"},{"floor":23,"key":"Whetstone"}],"event_choices":[{"damage_healed":0,"gold_gain":0,"player_choice":"Entered Light","damage_taken":16,"max_hp_gain":0,"max_hp_loss":0,"event_name":"Shining Light","floor":10,"gold_loss":0,"cards_upgraded":["Strike_P","MasterReality"]},{"damage_healed":0,"gold_gain":99,"player_choice":"Stole From Cult","damage_taken":0,"max_hp_gain":0,"max_hp_loss":0,"event_name":"Nest","floor":22,"gold_loss":0}],"is_beta":false,"boss_relics":[{"not_picked":["Velvet Choker","Pandora\u0027s Box"],"picked":"Sozu"}],"items_purged_floors":[],"is_endless":false,"potions_floor_spawned":[4,5,12,14,21],"killed_by":"Shelled Parasite and Fungi","ascension_level":3}}