{"host":"rag04wbrzwiojxfu","time":1608718486,"event":{"mods":["AchievementEnabler","Alarm Clock","BaseMod","Bestiary","Block Reminder","Colored Powertips","Highlight Path","Minty Spire (QoL Compilation)","Quick Restart","Relic Sorter","Relic Stats","Shop Mod","StSLib"],"gold_per_floor":[109,184,184,17,34,34,60,76,154,37,68,68,100,50,50,121,121,138,151,2,15,15,15,15,15,40,40,51,70,70,82,82,160,160,179,190,202,221,221,221,64,77,77,77,77],"floor_reached":44,"playtime":3647,"items_purged":["Study","Twin Strike","Auto Shields","Swivel"],"score":1081,"play_id":"a60d066a-8da3-418a-b72f-1613ea69fe6b","local_time":"20201223041446","daily_mods":["Draft","Diverse","Colorless Cards","Heirloom","Flight","DeadlyEvents","Elite Swarm","Lethality"],"is_ascension_mode":true,"campfire_choices":[{"data":"Crescendo","floor":6,"key":"SMITH"},{"data":"Demon Form","floor":12,"key":"SMITH"},{"data":"Skewer","floor":15,"key":"SMITH"},{"data":"Judgement","floor":23,"key":"SMITH"},{"data":"Master of Strategy","floor":25,"key":"SMITH"},{"data":"TalkToTheHand","floor":32,"key":"SMITH"},{"data":"After Image","floor":40,"key":"SMITH"}],"circlet_count":0,"master_deck":["AscendersBane","Crescendo+1","TalkToTheHand+1","Skewer+1","Blur","Sweeping Beam","Swift Strike","Body Slam","Heavy Blade","PiercingWail","Cleave","Master of Strategy+1","Evolve","Demon Form+1","Judgement+1","After Image+1","Reinforced Body"],"relics":["Burning Blood","Charon\u0027s Ashes","Membership Card","Ancient Tea Set","Singing Bowl","Potion Belt","Regal Pillow","Red Skull","Runic Pyramid","Anchor","Mercury Hourglass","Omamori","Busted Crown","MealTicket","Toxic Egg 2"],"acts_visited":["Exordium","TheCity","TheBeyond"],"potions_floor_usage":[13,28,28,33,35,36,37],"damage_taken":[{"damage":0,"enemies":"2 Louse","floor":1,"turns":2},{"damage":0,"enemies":"Jaw Worm","floor":5,"turns":2},{"damage":0,"enemies":"Lagavulin","floor":7,"turns":2},{"damage":0,"enemies":"Cultist","floor":8,"turns":2},{"damage":0,"enemies":"Gremlin Nob","floor":11,"turns":2},{"damage":18,"enemies":"Lagavulin","floor":13,"turns":3},{"damage":0,"enemies":"Slime Boss","floor":16,"turns":4},{"damage":40,"enemies":"Shell Parasite","floor":18,"turns":3},{"damage":0,"enemies":"Chosen","floor":19,"turns":2},{"damage":0,"enemies":"3 Cultists","floor":21,"turns":2},{"damage":11,"enemies":"Centurion and Healer","floor":28,"turns":2},{"damage":0,"enemies":"Snecko","floor":29,"turns":2},{"damage":1,"enemies":"Snake Plant","floor":31,"turns":2},{"damage":36,"enemies":"Collector","floor":33,"turns":3},{"damage":3,"enemies":"3 Darklings","floor":35,"turns":3},{"damage":11,"enemies":"3 Shapes","floor":36,"turns":2},{"damage":20,"enemies":"Jaw Worm Horde","floor":37,"turns":3},{"damage":29,"enemies":"Writhing Mass","floor":38,"turns":4},{"damage":36,"enemies":"Transient","floor":42,"turns":6},{"damage":30,"enemies":"Reptomancer","floor":44,"turns":3}],"seed_played":"1192566859954288391","potions_obtained":[{"floor":7,"key":"BlessingOfTheForge"},{"floor":11,"key":"LiquidBronze"},{"floor":13,"key":"Ancient Potion"},{"floor":18,"key":"Swift Potion"},{"floor":33,"key":"Explosive Potion"},{"floor":35,"key":"PowerPotion"},{"floor":36,"key":"Block Potion"}],"is_trial":true,"path_per_floor":["M","?","?","$","M","R","E","M","T","$","E","R","E","$","R","B",null,"M","M","$","M","?","R","?","R","T","$","M","M","$","M","R","B",null,"M","M","M","M","?","R","$","M","T","E"],"character_chosen":"IRONCLAD","items_purchased":["Membership Card","Potion Belt","Anchor","MealTicket"],"campfire_rested":0,"item_purchase_floors":[4,10,20,41],"current_hp_per_floor":[74,63,56,56,62,62,68,74,74,74,75,75,65,65,65,71,76,44,52,52,60,60,60,60,60,60,60,57,65,65,72,72,42,77,80,77,65,44,44,44,44,16,16,0,0],"gold":77,"neow_bonus":"","is_daily":false,"chose_seed":false,"campfire_upgraded":7,"win_rate":0.0,"timestamp":1608718486,"path_taken":["M","?","?","?","M","R","E","?","T","$","E","R","E","$","R","BOSS","M","M","$","M","?","R","?","R","T","?","M","M","$","M","R","BOSS","M","M","M","M","?","R","$","M","T","?"],"items_purchased_type":["Relic","Relic","Relic","Relic"],"build_version":"2020-12-22","purchased_purges":4,"victory":false,"max_hp_per_floor":[75,75,75,75,75,75,75,75,75,75,75,75,77,77,77,77,77,79,81,81,83,83,83,83,83,83,83,85,87,87,89,89,89,89,89,91,93,95,95,95,95,97,97,97,97],"relic_stats":{"Regal Pillow":0,"Busted Crown":10,"Singing Bowl":22,"counters":[20,54],"MealTicket":0,"Charon\u0027s Ashes":[210],"obtain_stats":[{"Potion Belt":10,"Regal Pillow":11,"Singing Bowl":9,"Charon\u0027s Ashes":0,"Omamori":26,"Ancient Tea Set":7,"Burning Blood":0,"Mercury Hourglass":24,"Anchor":20,"Busted Crown":34,"MealTicket":41,"Membership Card":4,"Toxic Egg 2":43,"Red Skull":13,"Runic Pyramid":17},{"Potion Belt":4,"Regal Pillow":5,"Singing Bowl":4,"Charon\u0027s Ashes":0,"Omamori":10,"Ancient Tea Set":3,"Burning Blood":0,"Mercury Hourglass":10,"Anchor":9,"Busted Crown":14,"MealTicket":18,"Membership Card":1,"Toxic Egg 2":19,"Red Skull":6,"Runic Pyramid":7},{"Potion Belt":8,"Regal Pillow":10,"Singing Bowl":8,"Charon\u0027s Ashes":0,"Omamori":24,"Ancient Tea Set":6,"Burning Blood":0,"Mercury Hourglass":24,"Anchor":22,"Busted Crown":33,"MealTicket":45,"Membership Card":2,"Toxic Egg 2":51,"Red Skull":13,"Runic Pyramid":17}],"Burning Blood":109,"Mercury Hourglass":[133]},"card_choices":[{"not_picked":["FollowUp","Sucker Punch"],"picked":"Twin Strike","floor":0},{"not_picked":["Accuracy","FlyingSleeves"],"picked":"Crescendo","floor":0},{"not_picked":["Steam Power","Slice"],"picked":"TalkToTheHand","floor":0},{"not_picked":["FollowUp","FlyingSleeves"],"picked":"Skewer","floor":0},{"not_picked":["FollowUp","Protect"],"picked":"Blur","floor":0},{"not_picked":["Outmaneuver","Deflect"],"picked":"Sweeping Beam","floor":0},{"not_picked":["True Grit","SashWhip"],"picked":"Go for the Eyes","floor":0},{"not_picked":["ClearTheMind","Dagger Spray"],"picked":"Auto Shields","floor":0},{"not_picked":["Compile Driver","Blade Dance"],"picked":"Wireheading","floor":0},{"not_picked":["Backflip","Protect"],"picked":"Swift Strike","floor":0},{"not_picked":["Dagger Throw","Bane"],"picked":"Body Slam","floor":0},{"not_picked":["FearNoEvil","Havoc"],"picked":"Swivel","floor":0},{"not_picked":["Lockon","EmptyFist"],"picked":"Heavy Blade","floor":0},{"not_picked":["Leap","Conserve Battery"],"picked":"PiercingWail","floor":0},{"not_picked":["Loop","Clash"],"picked":"Study","floor":0},{"not_picked":["Hemokinesis","Prepared"],"picked":"Cleave","floor":1},{"not_picked":["Dagger Throw","Deadly Poison","Backflip"],"picked":"SKIP","floor":5},{"not_picked":["Wish","Die Die Die"],"picked":"Master of Strategy","floor":7},{"not_picked":["Good Instincts","Well Laid Plans"],"picked":"Evolve","floor":8},{"not_picked":["Echo Form","Bludgeon"],"picked":"Demon Form","floor":11},{"not_picked":["Mayhem","Machine Learning","Biased Cognition"],"picked":"Singing Bowl","floor":13},{"not_picked":["Establishment","Master of Strategy"],"picked":"Judgement","floor":16},{"not_picked":["Body Slam","BootSequence","Fire Breathing"],"picked":"Singing Bowl","floor":18},{"not_picked":["Steam","CrushJoints","BowlingBash+1"],"picked":"Singing Bowl","floor":19},{"not_picked":["Quick Slash+1","LikeWater","JustLucky"],"picked":"Singing Bowl","floor":21},{"not_picked":["Grand Finale","Skim+1","Genetic Algorithm"],"picked":"Singing Bowl","floor":28},{"not_picked":["Pommel Strike","Fasting2","Steam"],"picked":"Singing Bowl","floor":29},{"not_picked":["FlurryOfBlows","Rebound","Flex"],"picked":"Singing Bowl","floor":31},{"not_picked":["Rainbow","Machine Learning"],"picked":"After Image","floor":33},{"not_picked":[],"picked":"Reinforced Body","floor":35},{"not_picked":["Cloak And Dagger+1"],"picked":"Singing Bowl","floor":36},{"not_picked":["Backstab"],"picked":"Singing Bowl","floor":37},{"not_picked":["Gash"],"picked":"Singing Bowl","floor":38},{"not_picked":["FlyingSleeves+1"],"picked":"Singing Bowl","floor":42}],"player_experience":234086,"relics_obtained":[{"floor":7,"key":"Ancient Tea Set"},{"floor":9,"key":"Singing Bowl"},{"floor":11,"key":"Regal Pillow"},{"floor":13,"key":"Red Skull"},{"floor":26,"key":"Omamori"},{"floor":43,"key":"Toxic Egg 2"}],"event_choices":[{"damage_healed":0,"gold_gain":75,"player_choice":"Gather Gold","damage_taken":11,"max_hp_gain":0,"max_hp_loss":0,"event_name":"World of Goop","floor":2,"gold_loss":0},{"cards_removed":["Wireheading"],"damage_healed":0,"gold_gain":0,"player_choice":"Card Removal","damage_taken":7,"max_hp_gain":0,"max_hp_loss":0,"event_name":"Golden Wing","floor":3,"gold_loss":0},{"cards_removed":["Go for the Eyes"],"damage_healed":0,"gold_gain":0,"player_choice":"Elegance","damage_taken":0,"max_hp_gain":0,"max_hp_loss":0,"event_name":"Back to Basics","floor":22,"gold_loss":0},{"damage_healed":0,"gold_gain":0,"player_choice":"Opened","damage_taken":0,"relics_obtained":["Mercury Hourglass"],"max_hp_gain":0,"max_hp_loss":0,"event_name":"The Mausoleum","floor":24,"gold_loss":0,"cards_obtained":["Writhe"]},{"cards_removed":["Writhe"],"damage_healed":0,"gold_gain":0,"player_choice":"Removed Curses","damage_taken":0,"max_hp_gain":0,"max_hp_loss":0,"event_name":"Fountain of Cleansing","floor":39,"gold_loss":0}],"is_beta":false,"boss_relics":[{"not_picked":["Snecko Eye","Sozu"],"picked":"Runic Pyramid"},{"not_picked":["Coffee Dripper","Cursed Key"],"picked":"Busted Crown"}],"items_purged_floors":[10,14,20,41],"is_endless":false,"potions_floor_spawned":[7,11,13,18,33,35,36],"killed_by":"Reptomancer","ascension_level":20}}