{"host":"cop8ymgpsji2w9by","time":1608696933,"event":{"mods":["2.2 Compatiblity","Act Like it!","Astrologer","Bard","BaseMod","Beaked The Cultist","Better Third Choice","BetterRewards","CapriCore","CatGirl Mod","ChefMod","Colored Map","Colored Powertips","Conspire","Curses Come First","DeckTracker","Downfall","Elementarium","Energized Spire","Fiend Mod","Friendly Minions","Gensokyo","Gremlin Mod","Hallownest","Hermit","Hubris","Infinite Spire","Mad Scientist","Marisa????????","Marked Mod","Menagerie","Mimic Mod","Minty Spire (QoL Compilation)","READ ME - Guardian Mod","Random Character Button","Rare Cards Sparkle","Replay The Spire","Robot Space Explorer","Shade Mod","Somnambulant","Spicy Shops","StSLib","The Accelerator","The Blackbeard","The Bladedancer","The Blue Laboratory","The Bug Knight","The Clintock","The Construct","The Cursed","The Death Knight","The Disciple","The Elementalist","The Factory","The Forsaken","The Gatherer","The Hayseed","The Hierophant","The Immortal","The Judge","The Jungle","The Marked","The Mystic","The Necromancer","The Poker Player","The Runesmith","The Servant 0.9.4","TheFirefly","TheSwordswoman","TheVacant","Wandering Minibosses","thorton"],"gold_per_floor":[109,109,109,125,125,153,153,169,202,202,219,253,268,268,268,363,363,363,363,363],"floor_reached":18,"playtime":2153,"items_purged":[],"score":220,"play_id":"b755603c-fb70-4347-873d-42271b692bc1","local_time":"20201222231533","is_ascension_mode":false,"campfire_choices":[{"floor":7,"key":"REST"},{"floor":10,"key":"RECALL"},{"floor":15,"key":"REST"}],"circlet_count":0,"master_deck":["MokouMod:Strike+1","MokouMod:Strike+1","MokouMod:Strike","MokouMod:Strike","MokouMod:Strike","MokouMod:Defend","MokouMod:Defend","MokouMod:Defend","MokouMod:Defend","MokouMod:HeatSpark","Clumsy","Havoc+1","Spreading Infection","MokouMod:TemporalFireSeal","MokouMod:Trailblazer","MokouMod:IndiscriminateIgnition","White Noise","Distraction","MokouMod:BurningDraft+1","MokouMod:Scorch","MokouMod:Ventilation"],"relics":["RobotSpaceExplorer:BottledGravity","TheCursedMod:SoulVessel","m_SlimeRing","blademaster:DancersAmulet","m_SnakeBloodCore","infinitespire:Chaos","Ring of Fangs","Ring of Searing","Mummified Hand","theForsaken:HumbleEgg","BranchBurnRelic","Philosopher\u0027s Stone"],"acts_visited":["Exordium","Exordium"],"potions_floor_usage":[12],"damage_taken":[{"damage":6,"enemies":"2 Louse","floor":1,"turns":2},{"damage":6,"enemies":"conspire:RoseBush","floor":4,"turns":3},{"damage":14,"enemies":"Lagavulin","floor":6,"turns":5},{"damage":1,"enemies":"Cultist","floor":8,"turns":3},{"damage":6,"enemies":"2 Fungi Beasts","floor":9,"turns":9},{"damage":5,"enemies":"2 Fungi Beasts","floor":11,"turns":3},{"damage":6,"enemies":"HollowMod:MossKnight","floor":12,"turns":7},{"damage":18,"enemies":"Exordium Thugs","floor":13,"turns":3},{"damage":57,"enemies":"Slime Boss","floor":16,"turns":9},{"damage":142,"enemies":"Gensokyo:CosmicMonolith","floor":18,"turns":18}],"seed_played":"-8695623313951418046","potions_obtained":[{"floor":1,"key":"blueLaboratory:HorrorPotion"},{"floor":4,"key":"blueLaboratory:FrostheartPotion"},{"floor":6,"key":"SteroidPotion"},{"floor":13,"key":"Elixir"}],"is_trial":false,"path_per_floor":["M","?","?","M","$","E","R","M","MIM","R","M","E","M","?","R","B",null,"M"],"character_chosen":"MKU","items_purchased":["Bird Faced Urn","hubris:Reverence","Guide Book","Replay:PocketPolymizer","hubris:BottledRain","infinitespire:Chaos"],"campfire_rested":2,"item_purchase_floors":[0,0,0,0,0,0],"current_hp_per_floor":[38,38,38,37,37,28,50,53,51,51,50,48,34,56,75,32,75,0,0,0],"gold":363,"neow_bonus":"","is_daily":false,"chose_seed":false,"campfire_upgraded":0,"win_rate":0.0,"timestamp":1608696933,"path_taken":["M","?","?","M","$","E","R","M","MIM","R","?","E","M","?","R","BOSS","M"],"items_purchased_type":["Relic","Relic","Relic","Relic","Relic","Relic"],"build_version":"2020-12-13","purchased_purges":0,"victory":false,"max_hp_per_floor":[75,75,75,75,75,75,75,75,75,75,75,75,75,75,75,75,75,75,75,75],"card_choices":[{"not_picked":["MokouMod:SearingShot","MokouMod:TemporalFireSeal"],"picked":"Havoc","floor":1},{"not_picked":["MokouMod:Firecracker","Distraction"],"picked":"MokouMod:TemporalFireSeal","floor":4},{"not_picked":["Perfected Strike","MokouMod:IndiscriminateIgnition"],"picked":"MokouMod:Trailblazer","floor":6},{"not_picked":["MokouMod:BlazingComet","MokouMod:IcarusDive"],"picked":"MokouMod:IndiscriminateIgnition","floor":8},{"not_picked":["MokouMod:PhoenixForm","MokouMod:Firecracker"],"picked":"White Noise","floor":9},{"not_picked":["MokouMod:ImperishableFlame","MokouMod:BlazingComet"],"picked":"Distraction","floor":11},{"not_picked":["MokouMod:Stoke+1","Reflex"],"picked":"MokouMod:BurningDraft+1","floor":12},{"not_picked":["Hello World","Perfected Strike+1"],"picked":"MokouMod:Scorch","floor":13},{"not_picked":["MokouMod:ProfanedFlare","Night Terror"],"picked":"MokouMod:Ventilation","floor":16}],"player_experience":389476,"relics_obtained":[{"floor":2,"key":"Ring of Fangs"},{"floor":2,"key":"Ring of Searing"},{"floor":6,"key":"Mummified Hand"},{"floor":12,"key":"theForsaken:HumbleEgg"}],"event_choices":[],"is_beta":false,"boss_relics":[{"not_picked":["Tiny House","Runic Dome"],"picked":"Philosopher\u0027s Stone"}],"items_purged_floors":[],"is_endless":false,"potions_floor_spawned":[1,4,6,13],"killed_by":"Gensokyo:CosmicMonolith","ascension_level":0}}