{"host":"8dhn6p16jorj0i1s","time":1608755382,"event":{"mods":["BaseMod","Colored Map","DeckTracker","Minty Spire (QoL Compilation)","Permanent Neow","Quick Restart"],"gold_per_floor":[115,126,141,241,74,102,116,48,71,86,97,130,130,152,152,152,152],"floor_reached":16,"playtime":1207,"items_purged":["Strike_B"],"score":134,"play_id":"509dd8cf-0cd7-4735-ba02-a761d4311a99","local_time":"20201223212942","is_ascension_mode":true,"campfire_choices":[{"data":"Creative AI","floor":13.0,"key":"SMITH"},{"floor":15.0,"key":"REST"}],"circlet_count":0,"master_deck":["Strike_B","Strike_B","Strike_B","Defend_B","Defend_B","Defend_B","Defend_B","Zap","Dualcast","Reboot","Leap","Chaos","Gash","Gash","Beam Cell","Creative AI+1"],"relics":["Cracked Core","Bag of Preparation","Orichalcum","Regal Pillow","Odd Mushroom"],"acts_visited":["Exordium"],"potions_floor_usage":[],"damage_taken":[{"damage":1.0,"enemies":"Cultist","floor":1.0,"turns":4.0},{"damage":0.0,"enemies":"Jaw Worm","floor":2.0,"turns":3.0},{"damage":2.0,"enemies":"Small Slimes","floor":3.0,"turns":3.0},{"damage":31.0,"enemies":"Gremlin Nob","floor":6.0,"turns":4.0},{"damage":3.0,"enemies":"2 Fungi Beasts","floor":7.0,"turns":4.0},{"damage":2.0,"enemies":"Looter","floor":10.0,"turns":4.0},{"damage":8.0,"enemies":"Lots of Slimes","floor":11.0,"turns":4.0},{"damage":10.0,"enemies":"3 Sentries","floor":12.0,"turns":7.0},{"damage":16.0,"enemies":"The Mushroom Lair","floor":14.0,"turns":4.0},{"damage":34,"enemies":"The Guardian","floor":16,"turns":6}],"seed_played":"7282213969384360237","potions_obtained":[{"floor":3.0,"key":"Dexterity Potion"},{"floor":6.0,"key":"Energy Potion"},{"floor":7.0,"key":"Block Potion"},{"floor":11.0,"key":"SkillPotion"},{"floor":12.0,"key":"SmokeBomb"}],"is_trial":false,"path_per_floor":["M","M","M","?","$","E","M","$","T","M","M","E","R","?","R","B"],"character_chosen":"DEFECT","items_purchased":["Gash","Beam Cell","Creative AI"],"campfire_rested":1,"item_purchase_floors":[5,5,8],"current_hp_per_floor":[74,74,72,72,72,41,38,38,38,36,28,18,18,2,39,5,5],"gold":152,"neow_bonus":"ONE_RANDOM_RARE_CARD","is_daily":false,"chose_seed":false,"campfire_upgraded":1,"win_rate":0.0,"timestamp":1608755382,"path_taken":["M","M","?","?","?","E","M","$","T","M","?","E","R","?","R","BOSS"],"items_purchased_type":["Card","Card","Card"],"build_version":"2020-12-22","purchased_purges":1,"victory":false,"max_hp_per_floor":[75,75,75,75,75,75,75,75,75,75,75,75,75,75,75,75,75],"card_choices":[{"not_picked":["Rebound","Turbo"],"picked":"Leap","floor":1.0},{"not_picked":["Coolheaded","Steam"],"picked":"Chaos","floor":2.0},{"not_picked":["Glacier","Beam Cell"],"picked":"Gash","floor":3.0},{"not_picked":["Doom and Gloom","Hologram","Rip and Tear"],"picked":"SKIP","floor":6.0},{"not_picked":["Heatsinks","Chaos","Defragment"],"picked":"SKIP","floor":7.0},{"not_picked":["Heatsinks","Chaos","Defragment"],"picked":"SKIP","floor":7.0},{"not_picked":["Loop","Cold Snap","Reprogram"],"picked":"SKIP","floor":10.0},{"not_picked":["Hologram","Fusion","Go for the Eyes"],"picked":"SKIP","floor":11.0},{"not_picked":["Barrage","Reinforced Body","Steam"],"picked":"SKIP","floor":12.0}],"player_experience":376753,"relics_obtained":[{"floor":6.0,"key":"Bag of Preparation"},{"floor":9.0,"key":"Orichalcum"},{"floor":12.0,"key":"Regal Pillow"},{"floor":14.0,"key":"Odd Mushroom"}],"event_choices":[{"damage_healed":0.0,"max_hp_gain":0.0,"max_hp_loss":0.0,"gold_gain":100.0,"event_name":"Golden Shrine","player_choice":"Pray","floor":4.0,"gold_loss":0.0,"damage_taken":0.0},{"damage_healed":0.0,"max_hp_gain":0.0,"max_hp_loss":0.0,"gold_gain":0.0,"event_name":"Mushrooms","player_choice":"Fought Mushrooms","floor":14.0,"gold_loss":0.0,"damage_taken":0.0}],"is_beta":false,"boss_relics":[],"items_purged_floors":[5],"is_endless":false,"potions_floor_spawned":[3,6,7,11,12],"killed_by":"The Guardian","ascension_level":4}}