{"host":"81h68oe4mr04pk3r","time":1608689694,"event":{"mods":["Act Like it!","Aspiration","BaseMod","BetterRewards","Colored Map","Colored Powertips","Conspire","Downfall","Hermit","Hubris","Infinite Spire","Jorbs\u0027s Wanderer Trilogy","Koishi","Lobotomy","LobotomyExtend","Marisa????????","Minty Spire (QoL Compilation)","Quick Restart","Reimu??????","Remilia??????","Replay The Spire","StSLib","The Bug Knight","The Construct","The Cursed","The Disciple","The Servant 0.9.4"],"gold_per_floor":[109,127,144,47,59,90,90,90,90,30,49,74,90,108,108,203,203,215,215,120,137,155,155,169,268,314,330,364,376,376,389,389,389,389],"floor_reached":33,"playtime":1995,"items_purged":[],"score":273,"play_id":"43b18b1c-7d83-4376-836c-7aa66d95e3d9","local_time":"20201222181454","is_ascension_mode":false,"campfire_choices":[{"floor":8.0,"key":"REST"},{"floor":15.0,"key":"REST"},{"floor":23,"key":"REST"},{"floor":30,"key":"REST"},{"floor":32,"key":"REST"}],"circlet_count":0,"master_deck":["Koishi:BasicStrike","Koishi:BasicStrike","Koishi:BasicStrike","Koishi:BasicStrike","Koishi:BasicDefend","Koishi:BasicDefend","Koishi:BasicDefend","Koishi:BasicDefend","Koishi:Provoke","Koishi:HauntingSlash","Koishi:MindStellarRelief","Koishi:ParalyzingFear","Koishi:PhantomStrike","Koishi:MindNumbingTerror","Koishi:PhantomStrike","Koishi:StingingMind","Koishi:EmbersOfLove","Koishi:PhilosophyOfTheDespised","Koishi:UnseenTerror","Koishi:UnseenTerror","Koishi:SpiritedAway","Koishi:RacingHeart","Koishi:JumpScare","Koishi:ImGoingToCallYouNow","Koishi:UnconsciousUrges+1","Koishi:Catatonia","Koishi:PhantomBarrier","Koishi:TraumaticStroke","Koishi:Catatonia","Koishi:TremblingHands","Koishi:JumpScare","Koishi:ParalyzingFear"],"relics":["Koishi:ImaginaryFriend","LetterFromLob","Durian","aspiration:AnachronicSnailShell","Mastiff:ReiMu","Anchor","Replay:Bottled Snecko"],"acts_visited":["Exordium","TheCity"],"potions_floor_usage":[24,24,33,33],"damage_taken":[{"damage":1.0,"enemies":"2 Louse","floor":1.0,"turns":3.0},{"damage":11.0,"enemies":"Jaw Worm","floor":2.0,"turns":3.0},{"damage":5.0,"enemies":"Small Slimes","floor":3.0,"turns":4.0},{"damage":7.0,"enemies":"3 Louse","floor":5.0,"turns":5.0},{"damage":16.0,"enemies":"Gremlin Nob","floor":6.0,"turns":4.0},{"damage":6.0,"enemies":"Blue Slaver","floor":11.0,"turns":2.0},{"damage":11.0,"enemies":"Exordium Thugs","floor":13.0,"turns":5.0},{"damage":37.0,"enemies":"Gremlin Gang","floor":14.0,"turns":5.0},{"damage":41.0,"enemies":"Slime Boss","floor":16.0,"turns":9.0},{"damage":23,"enemies":"Chosen","floor":18,"turns":5},{"damage":13,"enemies":"Shell Parasite","floor":21,"turns":5},{"damage":20,"enemies":"Sentry and Sphere","floor":22,"turns":9},{"damage":27,"enemies":"Snake Plant","floor":24,"turns":4},{"damage":27,"enemies":"Centurion and Healer","floor":27,"turns":7},{"damage":6,"enemies":"HollowMod:Nosk","floor":28,"turns":9},{"damage":33,"enemies":"3 Cultists","floor":29,"turns":6},{"damage":13,"enemies":"Cultist and Chosen","floor":31,"turns":6},{"damage":66,"enemies":"Champ","floor":33,"turns":12}],"seed_played":"-6673273206715028800","potions_obtained":[{"floor":1.0,"key":"Flashbang"},{"floor":11.0,"key":"FairyPotion"},{"floor":13.0,"key":"FearPotion"},{"floor":14.0,"key":"SkillPotion"},{"floor":18,"key":"CultistPotion"},{"floor":21,"key":"Explosive Potion"},{"floor":22,"key":"EssenceOfSteel"},{"floor":29,"key":"ZuzhouPotion:ReiMu"}],"is_trial":false,"path_per_floor":["M","M","M","$","M","E","?","R","T","$","M","T","M","M","R","B",null,"M","?","$","M","M","R","M","?","T","M","E","M","R","M","R","B"],"character_chosen":"KOISHI","items_purchased":["Koishi:MindNumbingTerror","Koishi:PhantomStrike","Koishi:UnseenTerror","Koishi:Catatonia","Koishi:PhantomBarrier"],"campfire_rested":5,"item_purchase_floors":[4,4,10,20,20],"current_hp_per_floor":[60,50,46,46,40,34,34,53,53,53,51,51,43,7,26,15,65,58,58,58,56,46,65,44,44,44,33,46,29,48,48,65,0,0],"gold":389,"neow_bonus":"ONE_RANDOM_RARE_CARD","is_daily":false,"chose_seed":false,"campfire_upgraded":0,"win_rate":0.0,"timestamp":1608689694,"path_taken":["M","M","M","$","M","E","?","R","T","$","M","?","M","M","R","BOSS","M","?","$","M","M","R","M","?","T","M","E","M","R","M","R","BOSS"],"items_purchased_type":["Card","Card","Card","Card","Card"],"build_version":"2020-12-13","purchased_purges":0,"victory":false,"max_hp_per_floor":[60,60,60,60,60,65,65,65,65,65,65,65,65,65,65,65,65,65,65,65,65,65,65,65,65,65,65,65,65,65,65,65,65,65],"card_choices":[{"not_picked":["Koishi:UnconsciousUprising","Koishi:Bloodlust","Koishi:HeartfeltFancy"],"picked":"SKIP","floor":1.0},{"not_picked":["Koishi:VengefulSpirit","Koishi:SubterraneanRose"],"picked":"Koishi:ParalyzingFear","floor":2.0},{"not_picked":["Koishi:EmbryosDream","Koishi:SubterraneanRose"],"picked":"Koishi:PhantomStrike","floor":3.0},{"not_picked":["Koishi:FleetingPhantom","Koishi:Prune"],"picked":"Koishi:StingingMind","floor":5.0},{"not_picked":["Koishi:EmbryosDream","Koishi:SubconsciousSweep"],"picked":"Koishi:EmbersOfLove","floor":6.0},{"not_picked":["Koishi:GhostParty","Koishi:ReflexRadar"],"picked":"Koishi:SpiritedAway","floor":11.0},{"not_picked":["Koishi:MassHysteria","Koishi:GeneticsOfTheUnconscious"],"picked":"Koishi:RacingHeart","floor":13.0},{"not_picked":["Koishi:Prune","Koishi:UnseenTerror"],"picked":"Koishi:JumpScare","floor":14.0},{"not_picked":["Koishi:GrowingPain","Koishi:FormlessExistence"],"picked":"Koishi:ImGoingToCallYouNow","floor":16.0},{"not_picked":["Koishi:CatchAndRose","Koishi:FleetingPhantom+1"],"picked":"Koishi:UnconsciousUrges+1","floor":18},{"not_picked":["Koishi:Vanish+1","Koishi:FleetingPhantom"],"picked":"Koishi:TraumaticStroke","floor":21},{"not_picked":["Koishi:HeartfeltFancy","Koishi:Prune+1","Koishi:CatchAndRose"],"picked":"SKIP","floor":22},{"not_picked":["Koishi:ReflexRadar+1","Koishi:FleetingPhantom+1"],"picked":"Koishi:Catatonia","floor":24},{"not_picked":["Koishi:DreadfulBlow+1","Koishi:UnconsciousUprising"],"picked":"Koishi:TremblingHands","floor":27},{"not_picked":["Koishi:ConditionedTeleport","Koishi:RorschachInDanmaku"],"picked":"Koishi:JumpScare","floor":28},{"not_picked":["Koishi:ReflexRadar","Koishi:FleetingPhantom"],"picked":"Koishi:ParalyzingFear","floor":29},{"not_picked":["Koishi:SpiritedAway","Koishi:FormlessExistence","Koishi:SprinkleStarAndHeart+1"],"picked":"SKIP","floor":31}],"player_experience":163323,"relics_obtained":[{"floor":1.0,"key":"LetterFromLob"},{"floor":6.0,"key":"Durian"},{"floor":9.0,"key":"aspiration:AnachronicSnailShell"},{"floor":12.0,"key":"Mastiff:ReiMu"},{"floor":26,"key":"Anchor"},{"floor":28,"key":"Replay:Bottled Snecko"}],"event_choices":[{"damage_healed":0,"gold_gain":0,"player_choice":"Leave","damage_taken":0,"max_hp_gain":0,"max_hp_loss":0,"event_name":"conspire:Investor","floor":19,"gold_loss":0},{"damage_healed":0,"gold_gain":99,"player_choice":"Stole From Cult","damage_taken":0,"max_hp_gain":0,"max_hp_loss":0,"event_name":"Nest","floor":25,"gold_loss":0}],"is_beta":false,"boss_relics":[{"not_picked":["ReplayTheSpireMod:SealedPack","aspiration:PoetsPen_weak","conspire:SeveredTorchhead"]}],"items_purged_floors":[],"is_endless":false,"potions_floor_spawned":[1,11,13,14,18,21,22,29],"killed_by":"Champ","ascension_level":0}}