{"host":"kiauivt48syq9iz6","time":1608761481,"event":{"mods":["BaseMod","Conspire","Downfall","Hermit","Minty Spire (QoL Compilation)","Replay The Spire","SIMod","StSLib","The Animator","The Construct","The Cursed","The Runesmith","The Servant 0.9.4"],"gold_per_floor":[113,129,129,129,78,110,1,1,1,1,37,60,60,84,84,213,213,226,109,109,59,80,80,105,105,105],"floor_reached":25,"playtime":1378,"items_purged":[],"score":222,"play_id":"5a61812a-f0cd-4efc-ba35-0fab070cf77a","local_time":"20201223151121","is_ascension_mode":false,"campfire_choices":[{"floor":8,"key":"REST"},{"data":"Runesmith:Repurpose","floor":15,"key":"SMITH"},{"data":"Runesmith:LithiumIon","floor":23,"key":"SMITH"}],"circlet_count":0,"master_deck":["Runesmith:Defend_RS","Runesmith:Defend_RS+1","Runesmith:Defend_RS","Runesmith:Defend_RS","Runesmith:CraftFirestone","Runesmith:Fortify+1","Runesmith:BackupBattery","Runesmith:CraftIncendium+1","Runesmith:EnergizedChisel","Runesmith:HeatedChisel","Runesmith:PoweredAnvil","Runesmith:CraftObretio","Runesmith:BackupBattery","Runesmith:Repurpose+1","Runesmith:GenerateForcefield","Runesmith:CraftMagma","Runesmith:LithiumIon+1","Runesmith:ChaoticBlast","Bite","Bite","Bite","Bite","Bite","conspire:SpireCoStock","Runesmith:Augment+1","Runesmith:Empowerment"],"relics":["Runesmith:BrokenRuby","Snack Pack","Nunchaku","Golden Idol","Odd Mushroom","Replay:Rubber Ducky","Honey Jar"],"acts_visited":["Exordium","TheCity"],"potions_floor_usage":[11,25],"damage_taken":[{"damage":0,"enemies":"conspire:RoseBush","floor":1,"turns":3},{"damage":5,"enemies":"Small Slimes","floor":2,"turns":3},{"damage":8,"enemies":"Lagavulin","floor":6,"turns":6},{"damage":0,"enemies":"The Mushroom Lair","floor":11,"turns":5},{"damage":2,"enemies":"Jaw Worm","floor":12,"turns":3},{"damage":29,"enemies":"The Guardian","floor":16,"turns":10},{"damage":10,"enemies":"Chosen","floor":18,"turns":7},{"damage":15,"enemies":"Shell Parasite","floor":22,"turns":9},{"damage":36,"enemies":"Sentry and Sphere","floor":24,"turns":6},{"damage":25,"enemies":"Slavers","floor":25,"turns":2}],"seed_played":"432498450193396430","potions_obtained":[{"floor":6,"key":"EssenceOfSteel"},{"floor":11,"key":"Fire Potion"},{"floor":16,"key":"LiquidMemories"},{"floor":22,"key":"hexamod:EctoCoolerPotion"}],"is_trial":false,"path_per_floor":["M","M","?","?","$","E","$","R","T","?","?","M","$","T","R","B",null,"M","$","?","?","M","R","M","E"],"character_chosen":"RUNESMITH_CLASS","items_purchased":["Runesmith:EnergizedChisel","Runesmith:PoweredAnvil","Runesmith:CraftObretio","Runesmith:LithiumIon","Runesmith:ChaoticBlast"],"campfire_rested":1,"item_purchase_floors":[5,7,7,19,19],"current_hp_per_floor":[77,72,57,57,57,49,49,72,72,71,71,69,69,69,69,40,71,61,61,49,49,42,42,20,0,0],"gold":105,"neow_bonus":"TEN_PERCENT_HP_BONUS","is_daily":false,"chose_seed":false,"campfire_upgraded":2,"win_rate":0.0,"timestamp":1608761481,"path_taken":["M","M","?","?","$","E","?","R","T","?","?","M","$","?","R","BOSS","M","$","?","?","?","R","M","E"],"items_purchased_type":["Card","Card","Card","Card","Card"],"build_version":"2020-12-22","purchased_purges":0,"victory":false,"max_hp_per_floor":[77,77,77,77,77,77,77,77,77,71,71,71,71,71,71,71,71,71,71,49,49,49,49,49,49,49],"card_choices":[{"not_picked":["Runesmith:RuneHurl","Runesmith:MakeshiftArmor"],"picked":"Runesmith:BackupBattery","floor":1},{"not_picked":["Runesmith:ShiftingStrike","Runesmith:HeatExchange"],"picked":"Runesmith:CraftIncendium","floor":2},{"not_picked":["Runesmith:StaticCage","Runesmith:RuneHurl"],"picked":"Runesmith:HeatedChisel","floor":6},{"not_picked":["Runesmith:PoweredAnvil","Runesmith:Overpower"],"picked":"Runesmith:BackupBattery","floor":11},{"not_picked":["Runesmith:RuneHurl","Runesmith:ReplicatingBarrier"],"picked":"Runesmith:Repurpose","floor":12},{"not_picked":["Runesmith:FissionHammer","Runesmith:Duplicate"],"picked":"Runesmith:GenerateForcefield","floor":16},{"not_picked":["Runesmith:ElementalConversion","Runesmith:Malloc","Runesmith:Empowerment"],"picked":"Runesmith:CraftMagma","floor":18},{"not_picked":["Runesmith:Grindstone","Runesmith:DoubleUp+1","Runesmith:Repurpose"],"picked":"Runesmith:Augment+1","floor":22},{"not_picked":["Runesmith:ChiselStab+1","Runesmith:Overpower","Runesmith:RuneHurl"],"picked":"Runesmith:Empowerment","floor":24}],"player_experience":33116,"relics_obtained":[{"floor":6,"key":"Snack Pack"},{"floor":9,"key":"Nunchaku"},{"floor":11,"key":"Odd Mushroom"},{"floor":14,"key":"Replay:Rubber Ducky"}],"event_choices":[{"damage_healed":0,"gold_gain":0,"player_choice":"Entered Light","damage_taken":15,"max_hp_gain":0,"max_hp_loss":0,"event_name":"Shining Light","floor":3,"gold_loss":0,"cards_upgraded":["Runesmith:Fortify","Runesmith:CraftIncendium"]},{"damage_healed":0,"gold_gain":0,"player_choice":"Lose Max HP","damage_taken":0,"relics_obtained":["Golden Idol"],"max_hp_gain":0,"max_hp_loss":6,"event_name":"Golden Idol","floor":10,"gold_loss":0},{"damage_healed":0,"gold_gain":0,"player_choice":"Fought Mushrooms","damage_taken":0,"max_hp_gain":0,"max_hp_loss":0,"event_name":"Mushrooms","floor":11,"gold_loss":0},{"damage_healed":0,"gold_gain":0,"player_choice":"Became a vampire","damage_taken":0,"max_hp_gain":0,"max_hp_loss":22,"event_name":"Vampires","floor":20,"gold_loss":0,"cards_obtained":["Bite","Bite","Bite","Bite","Bite"]},{"damage_healed":0,"gold_gain":0,"player_choice":"Invest 1","damage_taken":0,"max_hp_gain":0,"max_hp_loss":0,"event_name":"conspire:Investor","floor":21,"gold_loss":0}],"is_beta":false,"boss_relics":[{"not_picked":["Coffee Dripper","Fusion Hammer"],"picked":"Honey Jar"}],"items_purged_floors":[],"is_endless":false,"potions_floor_spawned":[6,11,16,22],"killed_by":"Slavers","ascension_level":0}}