{"host":"nptej036rrbiurf5","time":1608695186,"event":{"mods":["BaseMod","Colored Map","Colored Powertips","DeckTracker","Minty Spire (QoL Compilation)","StSLib","SuperFastMode"],"gold_per_floor":[118,43,193,193,29,29,41,41,86,111,123,123,158,168,168,168,168],"floor_reached":16,"playtime":1906,"items_purged":["Strike_G"],"score":266,"play_id":"4b4382ee-2a7e-439f-8f3e-14dad049b044","local_time":"20201223124626","is_ascension_mode":true,"campfire_choices":[{"data":"Flechettes","floor":6.0,"key":"SMITH"},{"data":"Crippling Poison","floor":12.0,"key":"SMITH"},{"data":"Footwork","floor":15,"key":"SMITH"}],"circlet_count":0,"master_deck":["AscendersBane","Strike_G","Strike_G","Strike_G","Strike_G","Defend_G","Defend_G","Defend_G","Defend_G+1","Defend_G","Survivor","Neutralize","Dash+1","Doubt","Footwork+1","Backflip","Flechettes+1","Deflect","Blade Dance","Infinite Blades","Crippling Poison+1","Acrobatics"],"relics":["Ring of the Snake","NeowsBlessing","Orrery","Art of War","FossilizedHelix","Pantograph"],"acts_visited":["Exordium"],"potions_floor_usage":[13,16],"damage_taken":[{"damage":0.0,"enemies":"2 Louse","floor":1.0,"turns":1.0},{"damage":0.0,"enemies":"Jaw Worm","floor":7.0,"turns":1.0},{"damage":0.0,"enemies":"Gremlin Nob","floor":10.0,"turns":1.0},{"damage":0.0,"enemies":"Cultist","floor":11.0,"turns":4.0},{"damage":5,"enemies":"Lagavulin","floor":13,"turns":6},{"damage":0,"enemies":"Lots of Slimes","floor":14,"turns":5},{"damage":59,"enemies":"Hexaghost","floor":16,"turns":16}],"seed_played":"4962668780880726019","potions_obtained":[{"floor":8.0,"key":"SneckoOil"},{"floor":8.0,"key":"EssenceOfSteel"},{"floor":10.0,"key":"AttackPotion"}],"is_trial":false,"path_per_floor":["M","$","?","?","$","R","M","?","T","E","M","R","E","M","R","B"],"character_chosen":"THE_SILENT","items_purchased":["Orrery"],"campfire_rested":0,"item_purchase_floors":[5],"current_hp_per_floor":[59,59,59,39,39,39,39,39,39,39,39,39,34,34,34,0,0],"gold":168,"neow_bonus":"THREE_ENEMY_KILL","is_daily":false,"chose_seed":false,"campfire_upgraded":3,"win_rate":0.0,"timestamp":1608695186,"path_taken":["M","$","?","?","$","R","?","?","T","E","M","R","E","?","R","BOSS"],"items_purchased_type":["Relic"],"build_version":"2020-12-13","purchased_purges":1,"victory":false,"max_hp_per_floor":[66,66,66,66,66,66,66,66,66,66,66,66,66,66,66,66,66],"card_choices":[{"not_picked":["PiercingWail","Bane"],"picked":"Dash","floor":1.0},{"not_picked":["Outmaneuver","Skewer"],"picked":"Footwork","floor":5.0},{"not_picked":["Choke","Deadly Poison"],"picked":"Backflip","floor":5.0},{"not_picked":["Outmaneuver","Acrobatics"],"picked":"Flechettes","floor":5.0},{"not_picked":["Slice","All Out Attack"],"picked":"Deflect","floor":5.0},{"not_picked":["Outmaneuver","Poisoned Stab"],"picked":"Blade Dance","floor":7.0},{"not_picked":["Riddle With Holes","Unload"],"picked":"Infinite Blades","floor":10.0},{"not_picked":["Deflect","Dagger Throw"],"picked":"Crippling Poison","floor":11.0},{"not_picked":["Dagger Throw","Bane","All Out Attack"],"picked":"SKIP","floor":13},{"not_picked":["Masterful Stab","Endless Agony"],"picked":"Acrobatics","floor":14}],"player_experience":845984,"relics_obtained":[{"floor":9.0,"key":"Art of War"},{"floor":10.0,"key":"FossilizedHelix"},{"floor":13,"key":"Pantograph"}],"event_choices":[{"damage_healed":0.0,"max_hp_gain":0.0,"max_hp_loss":0.0,"gold_gain":150.0,"event_name":"Liars Game","player_choice":"AGREE","floor":3.0,"gold_loss":0.0,"damage_taken":0.0,"cards_obtained":["Doubt"]},{"damage_healed":0.0,"max_hp_gain":0.0,"max_hp_loss":0.0,"gold_gain":0.0,"event_name":"Shining Light","player_choice":"Entered Light","floor":4.0,"gold_loss":0.0,"damage_taken":20.0,"cards_upgraded":["Defend_G","Dash"]},{"damage_healed":0.0,"max_hp_gain":0.0,"max_hp_loss":0.0,"gold_gain":0.0,"event_name":"Lab","player_choice":"Got Potions","floor":8.0,"gold_loss":0.0,"damage_taken":0.0}],"is_beta":false,"boss_relics":[],"items_purged_floors":[2],"is_endless":false,"potions_floor_spawned":[10,11],"killed_by":"Hexaghost","ascension_level":20}}