{"host":"z9grmtg2w0nmz8n1","time":1608732249,"event":{"mods":["Aspiration","Bard","BaseMod","Beaked The Cultist","Better Altar","Better Match","Better Note","Better Sensory Stone","Better Skull","Better Third Choice","BetterRewards","CCEM","Colored Map","Conspire","Downfall","GifTheSpireLib","Googly Eyes","Halation","Hermit","Highlight Path","Hubris","Hunter ??","Jedi Mod","Jorbs\u0027s Wanderer Trilogy","Mad Scientist","Marisa????????","Minty Spire (QoL Compilation)","Permanent Neow","Replay The Spire","Shade Mod","Shop Mod","Spicy Shops","StSLib","Stuff the Spire","The Bug Knight","The Construct","The Necromancer","The Runesmith","The Witch"],"gold_per_floor":[117,129,204,224,236,263,274,292,317,337,350,367,399,413,413,512,512,524,140,158,158,171,171,171,171,171],"floor_reached":25,"playtime":1812,"items_purged":["Runesmith:Strike_RS"],"score":246,"play_id":"fee17f8a-5241-4ef4-8c59-f343b37861e0","local_time":"20201223120409","is_ascension_mode":false,"campfire_choices":[{"floor":15,"key":"REST"},{"floor":23,"key":"RECALL"}],"circlet_count":0,"master_deck":["Runesmith:Defend_RS","Runesmith:Defend_RS","Runesmith:Defend_RS","Runesmith:Defend_RS","Runesmith:CraftFirestone","Runesmith:Fortify","Runesmith:HeatExchange","Runesmith:PerfectChisel","Runesmith:HeatExchange","Runesmith:LithiumIon","Runesmith:HeatedChisel","Runesmith:CraftIncendium","Runesmith:Firewall","Runesmith:CraftPrismatica","Runesmith:GrandSlam","Runesmith:ChiselStab+1"],"relics":["Runesmith:BrokenRuby","StuffTheSpire:HeavyRock","Runesmith:Locket","Replay:Grab Bag","Replay:Bronze Core","conspire:RoyalGoblet","Replay:Drink Me","aspiration:RitualDagger","Replay:Multitool"],"acts_visited":["Exordium","TheCity"],"potions_floor_usage":[5,11,13,13,14,22,25],"damage_taken":[{"damage":1,"enemies":"Cultist","floor":1,"turns":4},{"damage":0,"enemies":"2 Louse","floor":2,"turns":2},{"damage":0,"enemies":"Jaw Worm","floor":4,"turns":3},{"damage":2,"enemies":"Blue Slaver","floor":5,"turns":5},{"damage":6,"enemies":"Replay:BlueRogue","floor":6,"turns":6},{"damage":28,"enemies":"Exordium Thugs","floor":7,"turns":4},{"damage":0,"enemies":"2 Fungi Beasts","floor":8,"turns":3},{"damage":0,"enemies":"Blue Slaver","floor":10,"turns":3},{"damage":0,"enemies":"conspire:2 RoseBushes","floor":11,"turns":4},{"damage":2,"enemies":"Looter","floor":12,"turns":3},{"damage":0,"enemies":"HollowMod:MossKnight","floor":13,"turns":5},{"damage":8,"enemies":"Exordium Wildlife","floor":14,"turns":4},{"damage":30,"enemies":"Slime Boss","floor":16,"turns":5},{"damage":32,"enemies":"conspire:FuzzyDice","floor":18,"turns":7},{"damage":18,"enemies":"Shell Parasite","floor":20,"turns":6},{"damage":12,"enemies":"3 Cultists","floor":22,"turns":4},{"damage":15,"enemies":"Colosseum Slavers","floor":25,"turns":5},{"damage":69,"enemies":"Colosseum Nobs","floor":25,"turns":5}],"seed_played":"-2434221911522426020","potions_obtained":[{"floor":1,"key":"Block Potion"},{"floor":6,"key":"Block Potion"},{"floor":7,"key":"BlessingOfTheForge"},{"floor":10,"key":"LiquidMemories"},{"floor":11,"key":"PowerPotion"},{"floor":16,"key":"ColorlessPotion"},{"floor":18,"key":"FearPotion"},{"floor":20,"key":"Dexterity Potion"},{"floor":22,"key":"Block Potion"}],"is_trial":false,"path_per_floor":["M","M","?","M","M","E","M","M","T","M","M","M","E","M","R","B",null,"M","$","M","?","M","R","$","R"],"character_chosen":"RUNESMITH_CLASS","items_purchased":["Replay:Multitool"],"campfire_rested":1,"item_purchase_floors":[19],"current_hp_per_floor":[69,69,58,58,56,50,22,22,22,22,22,20,20,12,33,3,53,21,21,3,3,51,51,51,0,0],"gold":171,"neow_bonus":"THREE_CARDS","is_daily":false,"chose_seed":false,"campfire_upgraded":0,"win_rate":0.0,"timestamp":1608732249,"path_taken":["M","?","?","?","M","E","?","M","T","M","M","M","E","?","R","BOSS","M","$","M","?","M","R","$","R"],"items_purchased_type":["Relic"],"build_version":"2020-12-22","purchased_purges":1,"victory":false,"max_hp_per_floor":[70,70,70,70,70,70,70,70,70,70,70,70,70,70,70,70,53,53,53,53,53,53,53,53,53,53],"card_choices":[{"not_picked":["Runesmith:HeatedChisel","Runesmith:EnergizedChisel"],"picked":"Runesmith:HeatExchange","floor":0},{"not_picked":["Runesmith:Overpower","Runesmith:OneForEveryone"],"picked":"Runesmith:PerfectChisel","floor":1},{"not_picked":["Runesmith:Overpower","Runesmith:Grindstone"],"picked":"Runesmith:HeatExchange","floor":2},{"not_picked":["Runesmith:HammerThrow","Runesmith:Overpower"],"picked":"Runesmith:LithiumIon","floor":4},{"not_picked":["Runesmith:CraftProtectio","Runesmith:Accelerate","Runesmith:Grindstone"],"picked":"SKIP","floor":5},{"not_picked":["Runesmith:MakeshiftArmor","Runesmith:GrandSlam"],"picked":"Runesmith:HeatedChisel","floor":6},{"not_picked":["Runesmith:UnstableHammer","Runesmith:Refine"],"picked":"Runesmith:CraftIncendium","floor":7},{"not_picked":["Runesmith:Grindstone","Runesmith:CraftObretio","Runesmith:FrozenChisel"],"picked":"SKIP","floor":8},{"not_picked":["Runesmith:EnergizedChisel","Runesmith:MakeshiftArmor","Runesmith:CraftProtectio"],"picked":"SKIP","floor":10},{"not_picked":["Runesmith:DoubleUp","Runesmith:OneForEveryone"],"picked":"Runesmith:Firewall","floor":11},{"not_picked":["Runesmith:HeatedChisel","Runesmith:UnstableHammer","Runesmith:RuneHurl"],"picked":"SKIP","floor":12},{"not_picked":["Runesmith:CraftProtectio","Runesmith:EarthShield"],"picked":"Runesmith:CraftPrismatica","floor":13},{"not_picked":["Runesmith:HeatExchange","Runesmith:RuneHurl","Runesmith:NegativeSpace"],"picked":"SKIP","floor":14},{"not_picked":["Runesmith:FissionHammer","Runesmith:GenerateForcefield"],"picked":"Runesmith:GrandSlam","floor":16},{"not_picked":["Runesmith:FrozenChisel","Runesmith:MakeshiftArmor"],"picked":"Runesmith:ChiselStab+1","floor":18},{"not_picked":["Runesmith:Overpower","Runesmith:Permafrost","Runesmith:HeatedChisel"],"picked":"SKIP","floor":20},{"not_picked":["Runesmith:CraftReservo","Runesmith:WhiteBalance+1","Runesmith:CraftProtectio+1"],"picked":"SKIP","floor":22}],"player_experience":635789,"relics_obtained":[{"floor":6,"key":"StuffTheSpire:HeavyRock"},{"floor":13,"key":"Runesmith:Locket"}],"event_choices":[{"damage_healed":0,"gold_gain":75,"player_choice":"Gold","damage_taken":11,"max_hp_gain":0,"max_hp_loss":0,"event_name":"betterThird:BetterGoop","floor":3,"gold_loss":0},{"cards_removed":["Runesmith:Defend_RS"],"damage_healed":0,"gold_gain":0,"player_choice":"Give","damage_taken":0,"max_hp_gain":0,"max_hp_loss":0,"event_name":"betterNote:BetterNote","floor":21,"gold_loss":0,"cards_obtained":["Runesmith:Strike_RS"]},{"damage_healed":0,"gold_gain":0,"player_choice":"Fight","damage_taken":0,"max_hp_gain":0,"max_hp_loss":0,"event_name":"Colosseum","floor":25,"gold_loss":0},{"damage_healed":0,"gold_gain":0,"player_choice":"Fought Nobs","damage_taken":0,"max_hp_gain":0,"max_hp_loss":0,"event_name":"Colosseum","floor":25,"gold_loss":0}],"is_beta":false,"boss_relics":[{"not_picked":["aspiration:IroncladSkillbook","hubris:TerracottaHorce"],"picked":"Replay:Grab Bag"},{"not_picked":["beaked:MawFillet","halation:IncompleteEncyclopedia"],"picked":"Replay:Bronze Core"},{"not_picked":["Runic Dome","ChewingGum"],"picked":"conspire:RoyalGoblet"},{"not_picked":["halation:Risk","Pandora\u0027s Box"],"picked":"Replay:Drink Me"},{"not_picked":["halation:Prosthetics","hubris:HollowSoul"],"picked":"aspiration:RitualDagger"}],"items_purged_floors":[19],"is_endless":false,"potions_floor_spawned":[1,6,7,10,11,16,18,20,22,25],"killed_by":"Colosseum Nobs","ascension_level":0}}