{"host":"684z1xpuwaoqmmh1","time":1608734020,"event":{"mods":["BaseMod","Downfall","Hermit","Jorbs\u0027s Wanderer Trilogy","Marisa????????","Minty Spire (QoL Compilation)","StSLib","The Hierophant","The Mystic"],"gold_per_floor":[110,129,145,145,145,188,188,188,236,319,319,348,392,392,392,600,600,637,657,544,544,572,572,659,659,684,691,691],"floor_reached":27,"playtime":1173,"items_purged":[],"score":399,"play_id":"15408330-5f35-429a-aca4-917bf98b2494","local_time":"20201223163340","is_ascension_mode":true,"campfire_choices":[{"data":"hermit:Magnum","floor":7,"key":"SMITH"},{"floor":11,"key":"REST"},{"data":"hermit:Dive","floor":15,"key":"SMITH"},{"data":"hermit:DeadOrAlive","floor":23,"key":"SMITH"},{"data":"hermit:Dive","floor":25,"key":"SMITH"}],"circlet_count":0,"master_deck":["AscendersBane","hermit:Defend_Hermit+1","hermit:Defend_Hermit","hermit:Defend_Hermit","hermit:Defend_Hermit","hermit:Snapshot","hermit:Covet","hermit:Gestalt","hermit:Scavenge+1","Injury","Regret","hermit:Magnum+1","hermit:DeadOrAlive+1","hermit:Dive+1","hermit:Headshot","hermit:Quickdraw+1","hermit:BlackWind+1","hermit:Dive+1","hermit:EyeOfTheStorm+1","Bite+1","Bite+1","Bite+1","Bite+1","Bite+1","hermit:CursedWeapon+1","hermit:Brawl"],"relics":["hermit:Momento","MealTicket","Golden Idol","Bag of Marbles","Bottled Lightning","Strawberry","Juzu Bracelet","Molten Egg 2","sneckomod:SneckoTalon","Torii","CeramicFish","Akabeko"],"acts_visited":["Exordium","TheCity"],"potions_floor_usage":[6,10,13,16,18,19,24,27],"damage_taken":[{"damage":3,"enemies":"Jaw Worm","floor":1,"turns":4},{"damage":3,"enemies":"2 Louse","floor":2,"turns":3},{"damage":0,"enemies":"Small Slimes","floor":3,"turns":3},{"damage":14,"enemies":"Gremlin Nob","floor":6,"turns":5},{"damage":50,"enemies":"3 Sentries","floor":10,"turns":9},{"damage":3,"enemies":"Red Slaver","floor":12,"turns":3},{"damage":2,"enemies":"Lagavulin","floor":13,"turns":6},{"damage":2,"enemies":"Hexaghost","floor":16,"turns":16},{"damage":5,"enemies":"Shell Parasite","floor":18,"turns":3},{"damage":1,"enemies":"2 Thieves","floor":19,"turns":4},{"damage":53,"enemies":"Shelled Parasite and Fungi","floor":22,"turns":9},{"damage":22,"enemies":"Slavers","floor":24,"turns":8},{"damage":49,"enemies":"Gremlin Leader","floor":27,"turns":7}],"seed_played":"-3299024136221538811","potions_obtained":[{"floor":3,"key":"CultistPotion"},{"floor":6,"key":"DistilledChaos"},{"floor":10,"key":"champ:CounterPotion"},{"floor":12,"key":"Strength Potion"},{"floor":13,"key":"DuplicationPotion"},{"floor":16,"key":"FearPotion"},{"floor":22,"key":"champ:CounterPotion"},{"floor":24,"key":"SneckoOil"}],"is_trial":false,"path_per_floor":["M","M","M","?","?","E","R","?","T","E","R","M","E","?","R","B",null,"M","M","?","?","M","R","E","R","T","E"],"character_chosen":"HERMIT","items_purchased":[],"campfire_rested":1,"item_purchase_floors":[],"current_hp_per_floor":[65,62,62,62,62,48,48,48,55,5,29,26,24,8,8,6,63,58,57,57,57,30,30,23,23,23,0,0],"gold":691,"neow_bonus":"RANDOM_COMMON_RELIC","is_daily":false,"chose_seed":false,"campfire_upgraded":4,"win_rate":0.0,"timestamp":1608734020,"path_taken":["M","M","M","?","?","E","R","?","T","E","R","M","E","?","R","BOSS","M","M","?","?","M","R","E","R","T","E"],"items_purchased_type":[],"build_version":"2020-12-22","purchased_purges":0,"victory":false,"max_hp_per_floor":[75,75,75,75,75,75,75,75,82,82,82,82,82,82,82,82,82,82,82,82,57,57,57,57,57,57,57,57],"card_choices":[{"not_picked":["hermit:Snipe","hermit:Roulette","hermit:Feint"],"picked":"SKIP","floor":1},{"not_picked":["hermit:HighCaliber","hermit:BodyArmor"],"picked":"hermit:Gestalt","floor":2},{"not_picked":["hermit:BigShot","hermit:LuckOfTheDraw"],"picked":"hermit:Scavenge","floor":3},{"not_picked":["hermit:Quickdraw","hermit:Dive"],"picked":"hermit:Magnum","floor":6},{"not_picked":["hermit:Misfire","hermit:HoleUp"],"picked":"hermit:Dive","floor":10},{"not_picked":["hermit:DeadMansHand","hermit:Quickdraw"],"picked":"hermit:Headshot","floor":12},{"not_picked":["hermit:TrackingShot+1","hermit:Combo"],"picked":"hermit:Quickdraw+1","floor":13},{"not_picked":["hermit:Magnum+1","hermit:HeroicBravado"],"picked":"hermit:BlackWind+1","floor":16},{"not_picked":["hermit:Showdown+1","hermit:WideOpen+1"],"picked":"hermit:Dive","floor":18},{"not_picked":["hermit:BigShot","hermit:CalledShot+1"],"picked":"hermit:EyeOfTheStorm+1","floor":19},{"not_picked":["hermit:Snipe","hermit:Gestalt"],"picked":"hermit:CursedWeapon+1","floor":22},{"not_picked":["hermit:TakeCover","hermit:Coalescence+1"],"picked":"hermit:Brawl","floor":24}],"player_experience":2384606,"relics_obtained":[{"floor":6,"key":"Bottled Lightning"},{"floor":9,"key":"Strawberry"},{"floor":10,"key":"Juzu Bracelet"},{"floor":13,"key":"Molten Egg 2"},{"floor":24,"key":"CeramicFish"},{"floor":26,"key":"Akabeko"}],"event_choices":[{"damage_healed":0,"gold_gain":0,"player_choice":"Take Wound","damage_taken":0,"relics_obtained":["Golden Idol"],"max_hp_gain":0,"max_hp_loss":0,"event_name":"Golden Idol","floor":4,"gold_loss":0,"cards_obtained":["Injury"]},{"damage_healed":0,"gold_gain":0,"player_choice":"Box","damage_taken":0,"relics_obtained":["Bag of Marbles"],"max_hp_gain":0,"max_hp_loss":0,"event_name":"Big Fish","floor":5,"gold_loss":0,"cards_obtained":["Regret"]},{"damage_healed":0,"gold_gain":0,"cards_transformed":["hermit:Strike_Hermit"],"player_choice":"Transformed","damage_taken":0,"max_hp_gain":0,"max_hp_loss":0,"event_name":"Transmorgrifier","floor":8,"gold_loss":0,"cards_obtained":["hermit:DeadOrAlive"]},{"damage_healed":0,"gold_gain":0,"player_choice":"Entered Light","damage_taken":16,"max_hp_gain":0,"max_hp_loss":0,"event_name":"Shining Light","floor":14,"gold_loss":0,"cards_upgraded":["hermit:Defend_Hermit","hermit:Scavenge"]},{"damage_healed":0,"gold_gain":0,"player_choice":"Paid Gold","damage_taken":0,"relics_obtained":["Torii"],"max_hp_gain":0,"max_hp_loss":0,"event_name":"WeMeetAgain","floor":20,"gold_loss":113},{"damage_healed":0,"gold_gain":0,"player_choice":"Became a vampire","damage_taken":0,"max_hp_gain":0,"max_hp_loss":25,"event_name":"Vampires","floor":21,"gold_loss":0,"cards_obtained":["Bite","Bite","Bite","Bite","Bite"]}],"is_beta":false,"boss_relics":[{"not_picked":["hermit:BartenderGlass","Philosopher\u0027s Stone"],"picked":"sneckomod:SneckoTalon"}],"items_purged_floors":[],"is_endless":false,"potions_floor_spawned":[3,6,10,12,13,16,22,24],"killed_by":"Gremlin Leader","ascension_level":10}}