{"host":"usmj8g4rsh7mny1q","time":1608719394,"event":{"mods":["BaseMod","DeckTracker","Minty Spire (QoL Compilation)","SIMod","StSLib"],"gold_per_floor":[111,36,36,48,48,48,48,48,48,69,69,69,69,69,69,167,167,182,132,45,45,68,68,68,68,117,117,67,67,67,107,107,196,196,221,271,138,159,184,184,184,184,184,215,234,184,184,134,134,134,134],"floor_reached":52,"playtime":2433,"items_purged":["Demon Form","ThunderCloud","Overwhelming+1","RashStunts","Wraith Form v2","FarmExpert+1","HarmonyForm+1"],"score":1902,"play_id":"a369b3c7-c7b9-42c0-bd40-855f5a4edd02","local_time":"20201223052954","daily_mods":["Draft","Vintage","Heirloom","Time Dilation","Flight","Lethality","Binary"],"is_ascension_mode":true,"campfire_choices":[{"data":"AllByMyself","floor":6,"key":"SMITH"},{"data":"AppleFeast","floor":7,"key":"SMITH"},{"data":"AppleFeast","floor":8,"key":"SMITH"},{"data":"Batlization","floor":12,"key":"SMITH"},{"data":"FarmExpert","floor":13,"key":"SMITH"},{"data":"RunningOfTheLeaves","floor":15,"key":"SMITH"},{"data":"Generousity","floor":23,"key":"SMITH"},{"data":"RunningOfTheLeaves","floor":24,"key":"SMITH"},{"data":"DevaForm","floor":27,"key":"SMITH"},{"data":"Echo Form","floor":30,"key":"SMITH"},{"data":"Anxiousness","floor":32,"key":"SMITH"},{"data":"SwiftKick","floor":40,"key":"SMITH"},{"data":"SwiftKick","floor":42,"key":"SMITH"},{"floor":47,"key":"REST"},{"floor":49,"key":"REST"}],"circlet_count":0,"master_deck":["Echo Form+1","DevaForm+1","AscendersBane","SwiftKick+1","Batlization+1","Anxiousness+1","AllByMyself+1","AppleFeast+1","AppleFeast+1","RunningOfTheLeaves+1","AllByMyself+1","RunningOfTheLeaves+1","Generousity+1","SwiftKick+1"],"relics":["The_element_of_harmony","Busted Crown","Torii","Lantern","Potion Belt","Golden Idol","Bottled Lightning","White Beast Statue","Astrolabe","Smiling Mask","HornCleat","PreservedInsect","MutagenicStrength","Boot","Black Star","Blue Candle","CaptainsWheel","Akabeko","Darkstone Periapt","Bag of Marbles","Nunchaku","War Paint"],"acts_visited":["Exordium","TheCity","TheBeyond"],"potions_floor_usage":[],"damage_taken":[{"damage":0,"enemies":"2 Louse","floor":1,"turns":4},{"damage":0,"enemies":"Cultist","floor":4,"turns":3},{"damage":0,"enemies":"Small Slimes","floor":10,"turns":4},{"damage":15,"enemies":"The Guardian","floor":16,"turns":4},{"damage":0,"enemies":"Spheric Guardian","floor":18,"turns":3},{"damage":0,"enemies":"2 Thieves","floor":22,"turns":3},{"damage":0,"enemies":"Gremlin Leader","floor":31,"turns":1},{"damage":1,"enemies":"Champ","floor":33,"turns":3},{"damage":1,"enemies":"3 Shapes","floor":35,"turns":4},{"damage":0,"enemies":"3 Darklings","floor":38,"turns":2},{"damage":0,"enemies":"Giant Head","floor":44,"turns":2},{"damage":3,"enemies":"Writhing Mass","floor":45,"turns":2},{"damage":39,"enemies":"Time Eater","floor":50,"turns":4},{"damage":30,"enemies":"Donu and Deca","floor":51,"turns":2}],"seed_played":"6892415362888860084","potions_obtained":[{"floor":1,"key":"Ancient Potion"},{"floor":10,"key":"Dexterity Potion"},{"floor":16,"key":"FearPotion"},{"floor":18,"key":"SteroidPotion"},{"floor":31,"key":"DuplicationPotion"},{"floor":44,"key":"FairyPotion"}],"is_trial":true,"path_per_floor":["M","$","?","M","?","R","R","R","T","M","$","R","R","$","R","B",null,"M","$","$","?","M","R","R","?","T","R","$","?","R","E","R","B",null,"M","?","$","M","T","R","?","R","T","E","M","$","R","$","R","B","B",null],"character_chosen":"TWI_CLASS","items_purchased":["Generousity","SwiftKick"],"campfire_rested":2,"item_purchase_floors":[20,37],"current_hp_per_floor":[69,69,69,69,43,43,43,43,43,43,43,43,43,43,43,28,65,77,77,77,77,77,77,77,77,77,77,77,77,77,77,77,76,77,76,76,76,76,76,76,76,76,76,76,73,73,77,77,77,38,8],"gold":134,"neow_bonus":"","is_daily":false,"chose_seed":false,"campfire_upgraded":13,"win_rate":0.0,"timestamp":1608719394,"path_taken":["M","$","?","?","?","R","R","R","T","M","$","R","R","$","R","BOSS","M","$","$","?","M","R","R","?","T","R","$","?","R","E","R","BOSS","M","?","$","?","?","R","?","R","T","E","M","$","R","$","R","BOSS","BOSS"],"items_purchased_type":["Card","Card"],"build_version":"2020-12-22","purchased_purges":7,"victory":true,"max_hp_per_floor":[77,77,77,77,77,77,77,77,77,77,77,77,77,77,77,77,77,77,77,77,77,77,77,77,77,77,77,77,77,77,77,77,77,77,77,77,77,77,77,77,77,77,77,77,77,77,77,77,77,77,77],"card_choices":[{"not_picked":["BigDeal","Whining"],"picked":"Yay","floor":0},{"not_picked":["ISayNo","HideCarefully"],"picked":"SwiftKick","floor":0},{"not_picked":["Magic","Louder"],"picked":"Batlization","floor":0},{"not_picked":["GemstoneDetection","RushToSky"],"picked":"Anxiousness","floor":0},{"not_picked":["ThrowingApples","RushToSky"],"picked":"FarmExpert","floor":0},{"not_picked":["Winterwrapup","RunningOfTheLeaves"],"picked":"AllByMyself","floor":0},{"not_picked":["Whining","BehindTheScene"],"picked":"HideCarefully","floor":0},{"not_picked":["Anxiousness","HideCarefully"],"picked":"AppleFeast","floor":0},{"not_picked":["ReinventMyself","ReinventMyself"],"picked":"AppleFeast","floor":0},{"not_picked":["BehindTheScene","Magic_Beam"],"picked":"RashStunts","floor":0},{"not_picked":["Charge","Mischief"],"picked":"HideCarefully","floor":0},{"not_picked":["TwentyPercentcooler","Generousity"],"picked":"RunningOfTheLeaves","floor":0},{"not_picked":["AppleFeast","Celebrities"],"picked":"AllByMyself","floor":0},{"not_picked":["FriendOfNature","Lasso"],"picked":"RunningOfTheLeaves","floor":0},{"not_picked":["Mischief","Mischief"],"picked":"ThunderCloud","floor":0}],"player_experience":421343,"relics_obtained":[{"floor":1,"key":"Lantern"},{"floor":4,"key":"Potion Belt"},{"floor":9,"key":"Bottled Lightning"},{"floor":10,"key":"White Beast Statue"},{"floor":18,"key":"Smiling Mask"},{"floor":22,"key":"HornCleat"},{"floor":26,"key":"PreservedInsect"},{"floor":31,"key":"Boot"},{"floor":35,"key":"Blue Candle"},{"floor":38,"key":"CaptainsWheel"},{"floor":39,"key":"Akabeko"},{"floor":43,"key":"Darkstone Periapt"},{"floor":44,"key":"Bag of Marbles"},{"floor":44,"key":"Nunchaku"},{"floor":45,"key":"War Paint"}],"event_choices":[{"damage_healed":0,"gold_gain":0,"player_choice":"Upgraded","damage_taken":0,"max_hp_gain":0,"max_hp_loss":0,"event_name":"Upgrade Shrine","floor":3,"gold_loss":0,"cards_upgraded":["AllByMyself"]},{"damage_healed":0,"gold_gain":0,"player_choice":"Take Damage","damage_taken":26,"relics_obtained":["Golden Idol"],"max_hp_gain":0,"max_hp_loss":0,"event_name":"Golden Idol","floor":5,"gold_loss":0},{"damage_healed":0,"gold_gain":0,"player_choice":"Ignored","damage_taken":0,"max_hp_gain":0,"max_hp_loss":0,"event_name":"Ghosts","floor":21,"gold_loss":0},{"damage_healed":0,"gold_gain":0,"player_choice":"Ignored","damage_taken":0,"max_hp_gain":0,"max_hp_loss":0,"event_name":"The Mausoleum","floor":25,"gold_loss":0},{"damage_healed":0,"gold_gain":0,"player_choice":"Inject Mutagens","damage_taken":0,"relics_obtained":["MutagenicStrength"],"max_hp_gain":0,"max_hp_loss":0,"event_name":"Drug Dealer","floor":29,"gold_loss":0},{"damage_healed":0,"gold_gain":50,"player_choice":"Pray","damage_taken":0,"max_hp_gain":0,"max_hp_loss":0,"event_name":"Golden Shrine","floor":36,"gold_loss":0},{"cards_removed":["HarmonyForm"],"damage_healed":0,"gold_gain":0,"player_choice":"Removed Power","damage_taken":0,"max_hp_gain":0,"max_hp_loss":0,"event_name":"Falling","floor":41,"gold_loss":0}],"is_beta":false,"boss_relics":[{"not_picked":["Snecko Eye","SacredBark"],"picked":"Astrolabe"},{"not_picked":["Runic Pyramid","Velvet Choker"],"picked":"Black Star"}],"items_purged_floors":[2,19,20,28,37,46,48],"is_endless":false,"potions_floor_spawned":[1,10,16,18,22,31,33,35,38,44,45],"ascension_level":20}}