{"host":"h5acbxt0wmjo1kpm","time":1608722291,"event":{"mods":["2.2 Compatiblity","Act Like it!","AlwaysNeverKeys","Aspiration","Bartender","BaseMod","Better Third Choice","Colored Map","Elementarium","Gensokyo","GifTheSpireLib","Hallownest","Marisa????????","Minty Spire (QoL Compilation)","Permanent Neow","Potionbrewer","Relic Filter","Replay The Spire","Robot Space Explorer","RumiaBox-????????","Shade Mod","Spicy Shops","StSLib","Strawberry Spire","The Blackbeard","The Dragon Tamer","The Forsaken","The Gatherer","The Problem Sleuth","The Servant 0.9.4","Wandering Minibosses","vexMod"],"gold_per_floor":[118,41,41,41,41,41,66,79,106,132,143,109,126,146,146,225,225,245,245,50,131,131,131],"floor_reached":22,"playtime":790,"items_purged":[],"score":467,"play_id":"a673b54f-7ae6-41bb-908e-fb87f544f782","local_time":"20201223031811","is_ascension_mode":true,"campfire_choices":[{"data":"strawberrySpire:BreederCore","floor":6,"key":"SMITH"},{"data":"Zap","floor":15,"key":"SMITH"}],"circlet_count":0,"master_deck":["AscendersBane","Strike_B","Strike_B","Strike_B","Strike_B","Defend_B","Defend_B","Defend_B","Zap+1","Dualcast","Defragment","Gensokyo:TarnishedGold","Streamline","strawberrySpire:BreederCore+1","All For One","BasicCrystalCard","Coolheaded","FIFO Queue","Electrodynamics","Sweeping Beam","strawberrySpire:Disconnect","Cold Snap","strawberrySpire:THEL+1","Conserve Battery"],"relics":["Snecko Eye","AddBug","SecretRecord","Baka","SecretRecord","SecretRecord"],"acts_visited":["Gensokyo:Gensokyo","TheCity"],"potions_floor_usage":[10,22],"damage_taken":[{"damage":12,"enemies":"Gensokyo:Gryphon","floor":1,"turns":3},{"damage":0,"enemies":"Gensokyo:3_Fairies","floor":8,"turns":3},{"damage":0,"enemies":"Gensokyo:Aya","floor":10,"turns":2},{"damage":0,"enemies":"Gensokyo:Python","floor":11,"turns":1},{"damage":39,"enemies":"Gensokyo:Kitsune","floor":13,"turns":4},{"damage":0,"enemies":"Gensokyo:2_Rabbits","floor":14,"turns":2},{"damage":0,"enemies":"Gensokyo:Reimu","floor":16,"turns":4},{"damage":18,"enemies":"Shell Parasite","floor":18,"turns":3},{"damage":0,"enemies":"2 Thieves","floor":22,"turns":1}],"seed_played":"1658282568991279169","potions_obtained":[{"floor":1,"key":"ColorlessPotion"},{"floor":11,"key":"potionbrewer:AcidPotion"},{"floor":16,"key":"Ancient Potion"}],"is_trial":false,"path_per_floor":["M","COS","?","?","?","R","T","M","T","E","M","$","M","M","R","B",null,"M","?","$","?","M"],"character_chosen":"DEFECT","items_purchased":["FIFO Queue","Cold Snap","Blue Doll"],"campfire_rested":0,"item_purchase_floors":[12,20,20],"current_hp_per_floor":[52,52,52,52,52,52,52,52,52,52,52,52,37,37,37,40,86,68,43,43,3,3,3],"gold":131,"neow_bonus":"BOSS_RELIC","is_daily":false,"chose_seed":false,"campfire_upgraded":2,"win_rate":0.0,"timestamp":1608722291,"path_taken":["M","COS","?","?","?","R","?","?","T","E","M","?","M","M","R","BOSS","M","?","$","?","M"],"items_purchased_type":["Card","Card","Relic"],"build_version":"2020-12-22","purchased_purges":0,"victory":false,"max_hp_per_floor":[71,71,71,71,71,71,71,101,101,101,101,101,101,101,101,101,101,101,101,101,101,101,101],"card_choices":[{"not_picked":["Auto Shields","Leap"],"picked":"Defragment","floor":1},{"not_picked":["Steam","Skim"],"picked":"Streamline","floor":4},{"not_picked":["Hologram","Rebound"],"picked":"strawberrySpire:BreederCore","floor":4},{"not_picked":["aspiration:Polymerization","strawberrySpire:NeonFlight"],"picked":"All For One","floor":8},{"not_picked":["Biased Cognition","Ball Lightning"],"picked":"BasicCrystalCard","floor":10},{"not_picked":["Lockon","Stack"],"picked":"Coolheaded","floor":11},{"not_picked":["Mirror Shield","Seek"],"picked":"Electrodynamics","floor":13},{"not_picked":["strawberrySpire:SearchEngine","FTL"],"picked":"Sweeping Beam","floor":13},{"not_picked":["Sweeping Beam","Redo","Leap"],"picked":"SKIP","floor":14},{"not_picked":["Rainbow","strawberrySpire:Refactor"],"picked":"ReplayTheSpireMod:Fabricate Wheel","floor":16},{"not_picked":["Heatsinks","Sweeping Beam"],"picked":"strawberrySpire:Disconnect","floor":18},{"not_picked":["Sweeping Beam","strawberrySpire:NeonFlight"],"picked":"strawberrySpire:THEL+1","floor":21},{"not_picked":["Barrage","Hologram"],"picked":"Conserve Battery","floor":21}],"player_experience":1922573,"relics_obtained":[{"floor":1,"key":"AddBug"},{"floor":1,"key":"Baka"},{"floor":7,"key":"strawberrySpire:KineticCharger"},{"floor":9,"key":"Bag of Preparation"},{"floor":10,"key":"SecretRecord"},{"floor":10,"key":"aspiration:Lifesprig"},{"floor":13,"key":"SecretRecord"},{"floor":21,"key":"Happy Flower"}],"event_choices":[],"is_beta":false,"boss_relics":[{"not_picked":["vexMod:RockOfEvil","Replay:Wanted Poster"],"picked":"aspiration:SecretTechniqueScroll"}],"items_purged_floors":[],"is_endless":false,"potions_floor_spawned":[1,11,16,18],"killed_by":"2 Thieves","ascension_level":15}}