{"host":"7p9x7pjspzs3wva0","time":1608728565,"event":{"mods":["Aspiration","BaseMod","Better Skull","Better Third Choice","BetterRewards","Colored Map","Conspire","Dio Mod","Energized Spire","Infinite Spire","Minty Spire (QoL Compilation)","Replay The Spire","Small Relic Pack","StSLib","The Jungle"],"gold_per_floor":[115,115,115,115,132,132,0,17,41,75,14,33,67,67,67,138,138,157,157,157,176,188,188,214,224,250,250,264,282,296,296,296,368,368,387,387,398,398,412,412,412,442,491,491,505,505,13,25,25,25,25],"floor_reached":52,"playtime":2607,"items_purged":["Voices"],"score":2374,"play_id":"966a58fa-c167-4d26-bf85-3b64557242d8","local_time":"20201223150245","is_ascension_mode":true,"campfire_choices":[{"floor":6.0,"key":"REST"},{"floor":15.0,"key":"REST"},{"floor":23.0,"key":"REST"},{"floor":27.0,"key":"REST"},{"data":"Limit Break","floor":32.0,"key":"SMITH"},{"data":"dioMod:Freeze","floor":32.0,"key":"SMITH"},{"data":"Enlightenment","floor":40.0,"key":"SMITH"},{"data":"dioMod:StreetSign","floor":40.0,"key":"SMITH"},{"data":"Adrenaline","floor":44.0,"key":"SMITH"},{"data":"True Grit","floor":44.0,"key":"SMITH"},{"data":"CarveReality","floor":46,"key":"SMITH"},{"data":"Swivel","floor":46,"key":"SMITH"},{"data":"Flash of Steel","floor":49,"key":"SMITH"},{"data":"Deflect","floor":49,"key":"SMITH"}],"circlet_count":0,"master_deck":["AscendersBane","dioMod:Strike","dioMod:Strike","Bite","dioMod:Defend","dioMod:Defend","dioMod:StreetSign+1","dioMod:ComposedMuda+1","Deflect+1","Swivel+1","dioMod:DominatingPresence+1","CarveReality+1","True Grit+1","Limit Break+1","dioMod:BloodSuck","dioMod:Freeze+1","Cold Snap+1","ReplayTheSpireMod:Private Reserves","Pommel Strike","Backstab+1","Adrenaline+1","Prepared","Enlightenment+1","Conserve Battery+1","dioMod:MudaMudaMuda","dioMod:SadisticLaugh","dioMod:SecretPlan","Flash of Steel+1","dioMod:TripleThreat","Consecrate"],"relics":["dioMod:VampireBlood","Replay:Arrowhead","Pantograph","PrismaticShard","relicPack:DSword","Replay:Baseball","Pocketwatch","Blue Candle","conspire:Boomerang","conspire:SpecialSausage","aspiration:RitualStick","Replay:Towering Pillar of Hats","aspiration:HummingbirdHeart","Happy Flower","MutagenicStrength","Busted Crown","relicPack:OneForAll","ReplayTheSpireMod:TigerMarble","aspiration:TomeofQuesting","Whetstone"],"acts_visited":["Exordium","TheCity","TheBeyond"],"potions_floor_usage":[50,50],"damage_taken":[{"damage":12.0,"enemies":"Small Slimes","floor":1.0,"turns":4.0},{"damage":2.0,"enemies":"Jaw Worm","floor":5.0,"turns":4.0},{"damage":2.0,"enemies":"2 Louse","floor":8.0,"turns":3.0},{"damage":8.0,"enemies":"Gremlin Nob","floor":10.0,"turns":4.0},{"damage":7.0,"enemies":"2 Fungi Beasts","floor":12.0,"turns":3.0},{"damage":23.0,"enemies":"Lagavulin","floor":13.0,"turns":4.0},{"damage":1.0,"enemies":"Fading Forest","floor":16.0,"turns":13.0},{"damage":17.0,"enemies":"2 Thieves","floor":18.0,"turns":4.0},{"damage":21.0,"enemies":"Shell Parasite","floor":21.0,"turns":4.0},{"damage":36.0,"enemies":"Centurion and Healer","floor":22.0,"turns":4.0},{"damage":43.0,"enemies":"Book of Stabbing","floor":24.0,"turns":5.0},{"damage":16.0,"enemies":"Chosen and Byrds","floor":25.0,"turns":6.0},{"damage":16.0,"enemies":"Snake Plant","floor":28.0,"turns":4.0},{"damage":33.0,"enemies":"Centurion and Healer","floor":29.0,"turns":5.0},{"damage":9.0,"enemies":"Sentry and Sphere","floor":30.0,"turns":5.0},{"damage":67.0,"enemies":"Automaton","floor":33.0,"turns":9.0},{"damage":0.0,"enemies":"Orb Walker","floor":35.0,"turns":2.0},{"damage":0.0,"enemies":"3 Shapes","floor":37.0,"turns":7.0},{"damage":33.0,"enemies":"Maw","floor":39.0,"turns":6.0},{"damage":29.0,"enemies":"Reptomancer","floor":42.0,"turns":6.0},{"damage":50.0,"enemies":"Spire Growth","floor":45.0,"turns":4.0},{"damage":16,"enemies":"3 Darklings","floor":48,"turns":5},{"damage":82,"enemies":"infinitespire:MassOfShapes","floor":50,"turns":8},{"damage":82,"enemies":"Time Eater","floor":51,"turns":9}],"seed_played":"1228598598183977486","potions_obtained":[{"floor":1.0,"key":"Strength Potion"},{"floor":12.0,"key":"Swift Potion"},{"floor":13.0,"key":"LifebloodPotion"},{"floor":24.0,"key":"Toxic Potion"},{"floor":25.0,"key":"Venom Potion"},{"floor":28.0,"key":"SkillPotion"},{"floor":42.0,"key":"infinitespire:BlackPotion"}],"is_trial":false,"path_per_floor":["M","?","?","?","M","R","$","M","T","E","$","M","E","T","R","B",null,"M","?","AVR","M","M","R","E","M","T","R","M","M","M","?","R","B",null,"M","?","M","?","M","R","?","E","T","R","M","R","$","M","R","B","B",null],"character_chosen":"THE_DEFAULT","items_purchased":["SkillPotion","dioMod:DominatingPresence+1","Whetstone","dioMod:MudaMudaMuda","dioMod:SadisticLaugh","dioMod:SecretPlan","Flash of Steel","dioMod:TripleThreat"],"campfire_rested":4,"item_purchase_floors":[7,11,47,47,47,47,47,47],"current_hp_per_floor":[48,48,48,13,18,39,39,45,45,44,44,45,29,29,50,70,70,63,45,45,33,18,39,14,19,19,40,37,37,51,51,51,45,64,67,67,70,70,45,45,45,70,70,70,45,45,45,63,63,17,8],"gold":25,"neow_bonus":"","is_daily":false,"chose_seed":false,"campfire_upgraded":10,"win_rate":0.0,"timestamp":1608728565,"path_taken":["M","?","?","?","M","R","$","M","T","E","?","?","E","?","R","BOSS","M","?","AVR","M","M","R","E","M","T","R","M","M","M","?","R","BOSS","M","?","M","?","M","R","?","E","T","R","M","R","$","M","R","BOSS","BOSS"],"items_purchased_type":["Potion","Card","Relic","Card","Card","Card","Card","Card"],"build_version":"2020-12-22","purchased_purges":1,"victory":true,"max_hp_per_floor":[70,70,70,70,70,70,70,70,70,70,70,70,70,70,70,70,70,70,70,70,70,70,70,70,70,70,70,70,70,70,70,70,70,70,70,70,70,70,70,70,70,70,70,70,71,71,71,71,71,71,71],"card_choices":[{"not_picked":["dioMod:SlashThroughTime","dioMod:SadisticLaugh"],"picked":"dioMod:ComposedMuda","floor":1.0},{"not_picked":["Sucker Punch","Havoc"],"picked":"Deflect","floor":5.0},{"not_picked":["Collect","Hello World","Replay:AtTheReady"],"picked":"SKIP","floor":8.0},{"not_picked":["Protect","EmptyFist"],"picked":"Swivel","floor":10.0},{"not_picked":["Reboot","Reinforced Body"],"picked":"CarveReality","floor":12.0},{"not_picked":["ReplayTheSpireMod:The Works","Heel Hook"],"picked":"True Grit","floor":13.0},{"not_picked":["A Thousand Cuts","Amplify"],"picked":"Limit Break","floor":16.0},{"not_picked":["Tantrum","Choke","Underhanded Strike"],"picked":"SKIP","floor":18.0},{"not_picked":["Predator","Flying Knee"],"picked":"dioMod:BloodSuck","floor":21.0},{"not_picked":["EmptyBody","Life Link"],"picked":"dioMod:Freeze","floor":22.0},{"not_picked":["Storm of Steel","WindmillStrike"],"picked":"Cold Snap+1","floor":24.0},{"not_picked":["dioMod:CoffinBath+1","Infinite Blades"],"picked":"ReplayTheSpireMod:Private Reserves","floor":25.0},{"not_picked":["Dagger Throw","Heel Hook","ReplayTheSpireMod:Strike From Hell"],"picked":"SKIP","floor":28.0},{"not_picked":["dioMod:DaggerToss+1","Halt"],"picked":"Pommel Strike","floor":29.0},{"not_picked":["EmptyBody","Deflect+1","BasicCrystalCard"],"picked":"SKIP","floor":30.0},{"not_picked":["Meditate+1"],"picked":"SKIP","floor":35.0},{"not_picked":[],"picked":"Enlightenment","floor":37.0},{"not_picked":["Replay:Anticipation+1"],"picked":"SKIP","floor":39.0},{"not_picked":[],"picked":"Conserve Battery+1","floor":42.0},{"not_picked":["Replay:ManipulateFuture+1"],"picked":"SKIP","floor":45.0},{"not_picked":[],"picked":"Consecrate","floor":48}],"player_experience":286109,"relics_obtained":[{"floor":2.0,"key":"Pantograph"},{"floor":9.0,"key":"Replay:Baseball"},{"floor":10.0,"key":"Pocketwatch"},{"floor":13.0,"key":"Blue Candle"},{"floor":14.0,"key":"conspire:Boomerang"},{"floor":24.0,"key":"aspiration:HummingbirdHeart"},{"floor":26.0,"key":"Happy Flower"},{"floor":42.0,"key":"ReplayTheSpireMod:TigerMarble"},{"floor":43.0,"key":"aspiration:TomeofQuesting"}],"event_choices":[{"damage_healed":0.0,"max_hp_gain":0.0,"max_hp_loss":0.0,"gold_gain":0.0,"event_name":"Drug Dealer","player_choice":"Inject Mutagens","floor":31.0,"gold_loss":0.0,"damage_taken":0.0,"relics_obtained":["MutagenicStrength"]}],"is_beta":false,"boss_relics":[{"not_picked":["conspire:RunicOctahedron","Honey Jar"],"picked":"conspire:SpecialSausage"},{"not_picked":["aspiration:RunicSpoon","energizedSpire:StickyHand"],"picked":"Busted Crown"}],"items_purged_floors":[7],"is_endless":false,"potions_floor_spawned":[1,12,13,24,25,28,33,37,42],"ascension_level":20}}