{"host":"cp5jenm8mmpif3zo","time":1608749864,"event":{"mods":["Act Like it!","Aspiration","BaseMod","BetterRewards","Chen","Colored Map","Conspire","Energized Spire","FTL Soundtrack","Friendly Minions","Gensokyo","Halation","Highlight Path","Hubris","Kiyohime????","Koishi","Marisa????????","Minty Spire (QoL Compilation)","Pikachu Mod","Prisma Mod","Quick Restart","Railgun Mod","Random Character Button","Replay The Spire","Shop Mod","Spikes Relics","StSLib","The IronCluck","TheHero","Waifu the Spire","Yuyuko","vexMod"],"gold_per_floor":[109,109,109,122,122,148,148,161,239,257,257,268,286,306,306,407,407,425,443,77,77,91,116,134,134,134,145,157,157,57,75,75,157,157,162,180,198,198,217,217,252,264,264,275,275,327,327,327,327,327],"floor_reached":51,"playtime":3284,"items_purged":["PrismaMod:IllyaCommonAttack","PrismaMod:IllyaCommonAttack"],"score":755,"play_id":"722bf36d-4680-4f6e-80b5-8efc6368d10a","local_time":"20201223125744","is_ascension_mode":false,"campfire_choices":[{"floor":7,"key":"REST"},{"data":"PrismaMod:IllyaCheapChannelPoison","floor":11,"key":"SMITH"},{"floor":15,"key":"REST"},{"floor":32,"key":"DIG"},{"data":"PrismaMod:IllyaUberPoisonChannel","floor":40,"key":"SMITH"},{"data":"PrismaMod:IllyaUberDefendChannel","floor":45,"key":"SMITH"},{"floor":49,"key":"DIG"}],"circlet_count":0,"master_deck":["PrismaMod:IllyaCommonDefend","PrismaMod:IllyaCommonDefend","PrismaMod:IllyaCommonDefend","PrismaMod:IllyaCommonDefend","PrismaMod:IllyaCommonDefend","PrismaMod:IllyaUncommonAttack","PrismaMod:IllyaUncommonDefend","PrismaMod:IllyaUncommonAOEAttack","PrismaMod:IllyaCheapChannelPoison+1","PrismaMod:IllyaFeed","PrismaMod:IllyaCheapChannelPoison","PrismaMod:IllyaUncommonEvoke","PrismaMod:IllyaHassanGift","PrismaMod:IllyaInstallAlterEgo","PrismaMod:IllyaUberPoisonChannel+1","PrismaMod:IllyaUberDefendChannel+1","PrismaMod:IllyaFeed+1","PrismaMod:IllyaBoysLove+1","PrismaMod:IllyaFeed+1","PrismaMod:IllyaMinorReinForce+1"],"relics":["PrismaMod:PrismaZwei","aspiration:Nostalgia","Replay:M_StaffOfTheSnake","halation:Trompette","Kunai","vexMod:DeviousBotling","hubris:FunFungus","Onion Ring","Gremlin Food","conspire:BottledYoYo","conspire:TopHat","halation:TwoAmDonut","Anchor","halation:LettersToHer","Regal Pillow","Replay:Multitool","Ornamental Fan"],"acts_visited":["Exordium","TheCity","TheCity"],"potions_floor_usage":[12,14,18,18,24,24,28,36,39],"damage_taken":[{"damage":0,"enemies":"Small Slimes","floor":1,"turns":5},{"damage":6,"enemies":"Cultist","floor":4,"turns":3},{"damage":57,"enemies":"Gremlin Nob","floor":6,"turns":6},{"damage":5,"enemies":"Jaw Worm","floor":8,"turns":4},{"damage":1,"enemies":"Red Slaver","floor":10,"turns":5},{"damage":1,"enemies":"Large Slime","floor":12,"turns":6},{"damage":0,"enemies":"3 Louse","floor":13,"turns":3},{"damage":13,"enemies":"Exordium Thugs","floor":14,"turns":4},{"damage":24,"enemies":"The Guardian","floor":16,"turns":10},{"damage":4,"enemies":"3 Byrds","floor":18,"turns":5},{"damage":28,"enemies":"Spheric Guardian","floor":19,"turns":5},{"damage":6,"enemies":"Cultist and Chosen","floor":22,"turns":8},{"damage":18,"enemies":"Slavers","floor":23,"turns":7},{"damage":8,"enemies":"Sentry and Sphere","floor":24,"turns":5},{"damage":9,"enemies":"3 Cultists","floor":27,"turns":5},{"damage":8,"enemies":"Snake Plant","floor":28,"turns":5},{"damage":10,"enemies":"Cultist and Chosen","floor":31,"turns":6},{"damage":11,"enemies":"Champ","floor":33,"turns":10},{"damage":0,"enemies":"Gensokyo:3_Bats","floor":35,"turns":4},{"damage":14,"enemies":"Gensokyo:3_Boulders","floor":36,"turns":5},{"damage":18,"enemies":"Gensokyo:Sharpion","floor":37,"turns":6},{"damage":6,"enemies":"Gensokyo:4_Bats","floor":39,"turns":3},{"damage":27,"enemies":"Gensokyo:Doremy","floor":41,"turns":6},{"damage":8,"enemies":"Gensokyo:3_Boulders","floor":42,"turns":5},{"damage":6,"enemies":"Gensokyo:Sharpion","floor":44,"turns":7},{"damage":0,"enemies":"Gensokyo:Shinki","floor":50,"turns":13}],"seed_played":"-1722101747105127294","potions_obtained":[{"floor":1,"key":"Explosive Potion"},{"floor":4,"key":"Ancient Potion"},{"floor":10,"key":"Weak Potion"},{"floor":12,"key":"Swift Potion"},{"floor":13,"key":"LiquidMemories"},{"floor":16,"key":"Regen Potion"},{"floor":18,"key":"Energy Potion"},{"floor":19,"key":"Toxic Potion"},{"floor":23,"key":"Dexterity Potion"},{"floor":31,"key":"FairyPotion"},{"floor":35,"key":"AttackPotion"},{"floor":36,"key":"FairyPotion"},{"floor":37,"key":"Block Potion"}],"is_trial":false,"path_per_floor":["M","?","?","M","?","E","R","M","T","M","R","M","M","M","R","B",null,"M","M","$","?","M","E","M","?","T","M","M","?","$","M","R_BF","B",null,"M","M","M","T","M","R","E","M","T","M","R","T","?","?","R_BF","B",null],"character_chosen":"ILLYA","items_purchased":["hubris:FunFungus"],"campfire_rested":2,"item_purchase_floors":[20],"current_hp_per_floor":[75,75,75,69,62,5,27,22,22,21,21,22,22,9,31,22,75,75,54,54,54,56,51,46,46,46,53,60,54,54,62,62,68,75,75,62,60,60,66,66,73,75,75,75,75,75,75,45,45,75],"gold":327,"neow_bonus":"NOSTALGIA","is_daily":false,"chose_seed":false,"campfire_upgraded":3,"win_rate":0.0,"timestamp":1608749864,"path_taken":["M","?","?","M","?","E","R","?","T","M","R","M","M","M","R","BOSS","M","M","$","?","?","E","M","?","T","M","M","?","$","?","R_BF","BOSS","M","?","M","?","M","R","E","?","T","?","R","?","?","?","R_BF","BOSS"],"items_purchased_type":["Relic"],"build_version":"2020-12-22","purchased_purges":2,"victory":true,"max_hp_per_floor":[75,75,75,75,75,75,75,75,75,75,75,75,75,75,75,75,75,75,75,75,75,75,75,75,75,75,75,75,75,75,75,75,75,75,75,75,75,75,75,75,75,75,75,75,75,75,75,75,75,75],"card_choices":[{"not_picked":["PrismaMod:IllyaDetonatingBlow","PrismaMod:IllyaGrailKun","SashWhip"],"picked":"SKIP","floor":1},{"not_picked":["PrismaMod:IllyaGun","TalkToTheHand","Setup"],"picked":"SKIP","floor":4},{"not_picked":["PrismaMod:IllyaUncommonDefend","PrismaMod:IllyaPoisonTippedWeapons"],"picked":"PrismaMod:IllyaUncommonAOEAttack","floor":6},{"not_picked":["PrismaMod:IllyaZwei","SashWhip"],"picked":"PrismaMod:IllyaCheapChannelPoison","floor":8},{"not_picked":["PrismaMod:IllyaRapidFire","TalkToTheHand"],"picked":"PrismaMod:IllyaFeed","floor":10},{"not_picked":["PrismaMod:IllyaAOECommonAttack","Setup","Outmaneuver"],"picked":"SKIP","floor":12},{"not_picked":["PrismaMod:IllyaFriendMaker","PrismaMod:IllyaCheapChannelDefend"],"picked":"PrismaMod:IllyaCheapChannelPoison","floor":13},{"not_picked":["PrismaMod:IllyaCheapDefend","PrismaMod:IllyaReinForce"],"picked":"PrismaMod:IllyaUncommonEvoke","floor":14},{"not_picked":["PrismaMod:IllyaCheapChannelDefend","PrismaMod:IllyaBride","PrismaMod:IllyaGrail+1"],"picked":"SKIP","floor":18},{"not_picked":["PrismaMod:IllyaPoisonTippedWeapons+1","PrismaMod:IllyaCheapChannelPoison+1"],"picked":"PrismaMod:IllyaHassanGift","floor":19},{"not_picked":["PrismaMod:IllyaFeed+1","PrismaMod:IllyaGun"],"picked":"PrismaMod:IllyaInstallAlterEgo","floor":22},{"not_picked":["PrismaMod:IllyaUncommonAOEAttack","PrismaMod:IllyaUpgradeOrbs+1"],"picked":"PrismaMod:IllyaUberPoisonChannel","floor":23},{"not_picked":["PrismaMod:IllyaFriendMaker","PrismaMod:IllyaCommonEvoke","PrismaMod:IllyaGrailKun"],"picked":"SKIP","floor":24},{"not_picked":["PrismaMod:IllyaCommonEvoke+1","PrismaMod:IllyaMaid","PrismaMod:IllyaReinForce"],"picked":"SKIP","floor":27},{"not_picked":["PrismaMod:IllyaReinForce+1","PrismaMod:IllyaBlindPoisonToss"],"picked":"PrismaMod:IllyaUberDefendChannel","floor":28},{"not_picked":["PrismaMod:IllyaBlindPoisonToss+1","PrismaMod:IllyaUncommonEvoke","PrismaMod:IllyaPoisonTippedWeapons+1"],"picked":"SKIP","floor":31},{"not_picked":["PrismaMod:IllyaStunPoison+1","PrismaMod:IllyaFriendMaker+1"],"picked":"PrismaMod:IllyaFeed+1","floor":35},{"not_picked":["PrismaMod:IllyaGun+1","PrismaMod:IllyaDetonatingBlow"],"picked":"PrismaMod:IllyaBoysLove+1","floor":36},{"not_picked":["PrismaMod:IllyaCheapChannelDefend+1","PrismaMod:IllyaPoisonTippedWeapons+1","PrismaMod:IllyaBerserCAR+1"],"picked":"SKIP","floor":37},{"not_picked":["PrismaMod:IllyaAssassinRevenge","PrismaMod:IllyaGun"],"picked":"PrismaMod:IllyaFeed+1","floor":39},{"not_picked":["PrismaMod:IllyaPoisonBomb+1","PrismaMod:IllyaPartialInstallAssassin+1","PrismaMod:IllyaBerserCAR"],"picked":"SKIP","floor":41},{"not_picked":["PrismaMod:IllyaCheapChannelPoison+1","PrismaMod:IllyaCheapChannelDefend+1"],"picked":"PrismaMod:IllyaMinorReinForce+1","floor":42},{"not_picked":["PrismaMod:IllyaZwei","PrismaMod:IllyaRapidFire","PrismaMod:IllyaGun"],"picked":"SKIP","floor":44}],"player_experience":248869,"relics_obtained":[{"floor":6,"key":"halation:Trompette"},{"floor":9,"key":"Kunai"},{"floor":23,"key":"Gremlin Food"},{"floor":26,"key":"conspire:BottledYoYo"},{"floor":32,"key":"conspire:TopHat"},{"floor":38,"key":"halation:TwoAmDonut"},{"floor":41,"key":"Anchor"},{"floor":43,"key":"halation:LettersToHer"},{"floor":46,"key":"halation:LettersToHer"},{"floor":46,"key":"Regal Pillow"},{"floor":49,"key":"Ornamental Fan"}],"event_choices":[{"damage_healed":0,"gold_gain":0,"player_choice":"Ignored","damage_taken":0,"max_hp_gain":0,"max_hp_loss":0,"event_name":"Liars Game","floor":2,"gold_loss":0},{"damage_healed":0,"gold_gain":0,"player_choice":"Damaged","damage_taken":7,"max_hp_gain":0,"max_hp_loss":0,"event_name":"Wheel of Change","floor":5,"gold_loss":0},{"damage_healed":0,"gold_gain":0,"player_choice":"Gave Potion","damage_taken":0,"relics_obtained":["Onion Ring"],"max_hp_gain":0,"max_hp_loss":0,"event_name":"WeMeetAgain","floor":21,"gold_loss":0},{"damage_healed":0,"gold_gain":0,"player_choice":"","damage_taken":6,"max_hp_gain":0,"max_hp_loss":0,"event_name":"Knowing Skull","floor":29,"potions_obtained":[],"gold_loss":0,"cards_obtained":[]}],"is_beta":false,"boss_relics":[{"not_picked":["halation:CatFaceCupcake","Pandora\u0027s Box"],"picked":"vexMod:DeviousBotling"},{"not_picked":["aspiration:SecretTechniqueScroll","Black Star"],"picked":"PrismaMod:PrismaZwei"}],"items_purged_floors":[20,30],"is_endless":false,"potions_floor_spawned":[1,4,10,12,13,16,18,19,23,31,35,36,37],"ascension_level":0}}