{"host":"7o30bgpqouqblh42","time":1608737185,"event":{"mods":["AchievementEnabler","Aspiration","BaseMod","Colored Map","Downfall","Highlight Path","Minty Spire (QoL Compilation)","StSLib","SuperFastMode"],"gold_per_floor":[117,117,117,130,130,130,160,160,160,160,160],"floor_reached":10,"playtime":632,"items_purged":[],"score":70,"play_id":"71dd8742-7a6e-453f-8be1-296fe43d4948","local_time":"20201223102625","is_ascension_mode":true,"campfire_choices":[{"data":"Prepared","floor":6,"key":"SMITH"},{"floor":8,"key":"REST"}],"circlet_count":0,"master_deck":["Strike_G","Strike_G","Strike_G","Strike_G","Strike_G","Defend_G","Defend_G","Defend_G","Defend_G","Defend_G","Survivor","Neutralize","Prepared+1","Escape Plan+1","Tactician+1"],"relics":["Ring of the Snake","aspiration:Nostalgia","PureWater","Toxic Egg 2","Ancient Tea Set","Matryoshka"],"acts_visited":["Exordium"],"potions_floor_usage":[7,7,7],"damage_taken":[{"damage":0,"enemies":"Small Slimes","floor":1,"turns":5},{"damage":3,"enemies":"2 Louse","floor":4,"turns":3},{"damage":41,"enemies":"Gremlin Nob","floor":7,"turns":5},{"damage":11,"enemies":"Lagavulin","floor":10,"turns":8}],"seed_played":"8613049419922290334","potions_obtained":[{"floor":5,"key":"SpeedPotion"},{"floor":5,"key":"Slimebound:ThreeZeroPotion"},{"floor":5,"key":"SneckoOil"},{"floor":7,"key":"BlessingOfTheForge"}],"is_trial":false,"path_per_floor":["M","?","?","M","?","R","E","R","T","E"],"character_chosen":"THE_SILENT","items_purchased":[],"campfire_rested":1,"item_purchase_floors":[],"current_hp_per_floor":[70,70,70,67,67,67,26,47,47,36,36],"gold":160,"neow_bonus":"NOSTALGIA","is_daily":false,"chose_seed":false,"campfire_upgraded":1,"win_rate":0.0,"timestamp":1608737185,"path_taken":["M","?","?","M","?","R","E","R","T","E"],"items_purchased_type":[],"build_version":"2020-12-22","purchased_purges":0,"victory":false,"max_hp_per_floor":[70,70,70,70,70,70,70,70,70,70,70],"card_choices":[{"not_picked":["Underhanded Strike","Bane"],"picked":"Prepared","floor":1},{"not_picked":["Deadly Poison+1","Reflex+1"],"picked":"Escape Plan+1","floor":4},{"not_picked":["Quick Slash","Skewer"],"picked":"Tactician+1","floor":7}],"player_experience":104903,"relics_obtained":[{"floor":7,"key":"Ancient Tea Set"},{"floor":9,"key":"Matryoshka"}],"event_choices":[{"cards_removed":["Injury"],"damage_healed":0,"gold_gain":0,"player_choice":"Forget","damage_taken":0,"max_hp_gain":0,"max_hp_loss":0,"event_name":"Living Wall","floor":3,"gold_loss":0},{"damage_healed":0,"gold_gain":0,"player_choice":"Got Potions","damage_taken":0,"max_hp_gain":0,"max_hp_loss":0,"event_name":"Lab","floor":5,"gold_loss":0}],"is_beta":false,"boss_relics":[],"items_purged_floors":[],"is_endless":false,"potions_floor_spawned":[7],"killed_by":"Lagavulin","ascension_level":2}}