{"host":"2461dio7vetlq1z3","time":1608683588,"event":{"mods":["2.2 Compatiblity","AchievementEnabler","BaseMod","Better Third Choice","Hermit","Marisa????????","Minty Spire (QoL Compilation)","Relic Stats","Spicy Shops","StSLib","The Runesmith","Waifu the Spire"],"gold_per_floor":[114,189,189,202,214,214,251,251,323,60,60,88,88,116,116,204,204,224,244,266,536,89,89,110,110,165,179,207,207,207],"floor_reached":29,"playtime":1294,"items_purged":["Strike_MRS"],"score":455,"play_id":"f0ad4c7a-4282-4024-8831-e36f529735bd","local_time":"20201223013308","is_ascension_mode":true,"campfire_choices":[{"data":"JA","floor":6,"key":"SMITH"},{"floor":8,"key":"REST"},{"data":"AsteroidBelt","floor":11,"key":"SMITH"},{"data":"BlazeAway","floor":13,"key":"SMITH"},{"data":"LuminesStrike","floor":15,"key":"SMITH"},{"data":"BigCrunch","floor":23,"key":"SMITH"},{"data":"SuperPerseids","floor":25,"key":"SMITH"}],"circlet_count":0,"master_deck":["AscendersBane","Strike_MRS","Strike_MRS","Defend_MRS","Defend_MRS","Defend_MRS","Defend_MRS","MasterSpark","UpSweep","LuminesStrike+1","JA+1","AsteroidBelt+1","6A","SprinkleStarSeal","BlazeAway+1","BigCrunch+1","Acceleration","StarBarrage+1","SuperPerseids+1","SuperPerseids","DoubleSpark","RefractionSpark","MilkyWay","Acceleration"],"relics":["BewitchedHakkero","CeramicFish","Singing Bowl","Mercury Hourglass","Art of War","Membership Card","Kunai","Orrery","PreservedInsect","Tiny Chest"],"acts_visited":["Exordium","TheCity"],"potions_floor_usage":[27,28],"damage_taken":[{"damage":7,"enemies":"Small Slimes","floor":1,"turns":3},{"damage":7,"enemies":"2 Louse","floor":4,"turns":2},{"damage":2,"enemies":"Cultist","floor":5,"turns":2},{"damage":18,"enemies":"Gremlin Nob","floor":7,"turns":4},{"damage":8,"enemies":"Exordium Thugs","floor":12,"turns":5},{"damage":10,"enemies":"Lagavulin","floor":14,"turns":5},{"damage":30,"enemies":"Hexaghost","floor":16,"turns":9},{"damage":8,"enemies":"2 Thieves","floor":18,"turns":2},{"damage":0,"enemies":"Spheric Guardian","floor":19,"turns":3},{"damage":16,"enemies":"Centurion and Healer","floor":20,"turns":3},{"damage":7,"enemies":"3 Cultists","floor":24,"turns":3},{"damage":4,"enemies":"Snecko","floor":27,"turns":5},{"damage":19,"enemies":"Book of Stabbing","floor":28,"turns":4},{"damage":18,"enemies":"Centurion and Healer","floor":29,"turns":1}],"seed_played":"-3291993584293204342","potions_obtained":[{"floor":4,"key":"GamblersBrew"},{"floor":5,"key":"ColorlessPotion"},{"floor":14,"key":"Regen Potion"},{"floor":18,"key":"FearPotion"}],"is_trial":false,"path_per_floor":["M","?","?","M","M","R","E","R","T","$","R","M","R","E","R","B",null,"M","M","M","?","$","R","M","R","T","M","E","M"],"character_chosen":"MARISA","items_purchased":["Mercury Hourglass","Membership Card","Kunai","Regen Potion","Orrery"],"campfire_rested":1,"item_purchase_floors":[10,22,22,22,22],"current_hp_per_floor":[63,52,52,45,43,43,25,48,48,48,48,40,40,32,32,2,60,54,54,38,11,11,11,4,4,4,11,12,0,0],"gold":207,"neow_bonus":"TEN_PERCENT_HP_BONUS","is_daily":false,"chose_seed":false,"campfire_upgraded":6,"win_rate":0.0,"timestamp":1608683588,"path_taken":["M","?","?","M","M","R","E","R","T","$","R","M","R","E","R","BOSS","M","M","M","?","$","R","M","R","T","?","E","M"],"items_purchased_type":["Relic","Relic","Relic","Potion","Relic"],"build_version":"2020-12-13","purchased_purges":1,"victory":false,"max_hp_per_floor":[77,77,77,77,77,77,77,77,77,77,77,77,77,79,79,79,79,81,81,81,81,81,81,81,81,81,83,85,85,85],"relic_stats":{"Singing Bowl":8,"counters":[14,51],"CeramicFish":99,"Tiny Chest":0,"PreservedInsect":43,"Art of War":[3],"Kunai":[8],"obtain_stats":[{"Singing Bowl":9,"CeramicFish":7,"Orrery":22,"Tiny Chest":28,"PreservedInsect":26,"Art of War":14,"MiniHakkero":0,"Membership Card":22,"Kunai":22,"BewitchedHakkero":17,"Mercury Hourglass":10},{"Singing Bowl":4,"CeramicFish":4,"Orrery":10,"Tiny Chest":13,"PreservedInsect":11,"Art of War":6,"MiniHakkero":0,"Membership Card":10,"Kunai":10,"BewitchedHakkero":7,"Mercury Hourglass":4},{"Singing Bowl":11,"CeramicFish":11,"Orrery":38,"Tiny Chest":50,"PreservedInsect":41,"Art of War":21,"MiniHakkero":0,"Membership Card":38,"Kunai":38,"BewitchedHakkero":30,"Mercury Hourglass":11}],"Mercury Hourglass":[126]},"card_choices":[{"not_picked":["GalacticHalo","UnstableBomb"],"picked":"LuminesStrike","floor":1},{"not_picked":["WitchLeyline","DC"],"picked":"AsteroidBelt","floor":4},{"not_picked":["Acceleration","StarBarrage"],"picked":"6A","floor":5},{"not_picked":["MachineGunSpark","ChargingUp"],"picked":"SprinkleStarSeal","floor":7},{"not_picked":["ShootTheMoon","EnergyRecoil"],"picked":"BlazeAway","floor":12},{"not_picked":["MilkyWay","AbsoluteMagnitude","DarkSpark"],"picked":"Singing Bowl","floor":14},{"not_picked":["MillisecondPulsars","ManaRampage"],"picked":"BigCrunch","floor":16},{"not_picked":["MagicAbsorber","ChargingUp","GravityBeat"],"picked":"Singing Bowl","floor":18},{"not_picked":["IllusionStar","OneTimeOff"],"picked":"Acceleration","floor":19},{"not_picked":["LuminesStrike+1","GrandCross"],"picked":"StarBarrage+1","floor":20},{"not_picked":["ShootTheMoon","IllusionStar"],"picked":"SuperPerseids","floor":22},{"not_picked":["StarDustReverie","AsteroidBelt"],"picked":"SuperPerseids","floor":22},{"not_picked":["LuminesStrike","MysteriousBeam"],"picked":"DoubleSpark","floor":22},{"not_picked":["BlazeAway","UnstableBomb"],"picked":"RefractionSpark","floor":22},{"not_picked":["CollectingQuirk","NonDirectionalLaser"],"picked":"MilkyWay","floor":22},{"not_picked":["EarthLightRay","GravityBeat"],"picked":"Acceleration","floor":24},{"not_picked":["GalacticHalo","GravityBeat","GrandCross"],"picked":"Singing Bowl","floor":27},{"not_picked":["SatelliteIllusion","CollectingQuirk","OneTimeOff"],"picked":"Singing Bowl","floor":28}],"player_experience":948346,"relics_obtained":[{"floor":7,"key":"CeramicFish"},{"floor":9,"key":"Singing Bowl"},{"floor":14,"key":"Art of War"},{"floor":26,"key":"PreservedInsect"},{"floor":28,"key":"Tiny Chest"}],"event_choices":[{"damage_healed":0,"gold_gain":75,"player_choice":"Gold","damage_taken":11,"max_hp_gain":0,"max_hp_loss":0,"event_name":"betterThird:BetterGoop","floor":2,"gold_loss":0},{"damage_healed":0,"gold_gain":0,"cards_transformed":["Strike_MRS"],"player_choice":"Change","damage_taken":0,"max_hp_gain":0,"max_hp_loss":0,"event_name":"Living Wall","floor":3,"gold_loss":0,"cards_obtained":["JA"]},{"damage_healed":0,"gold_gain":270,"player_choice":"GOLD GOLD GOLD ","damage_taken":27,"max_hp_gain":0,"max_hp_loss":0,"event_name":"Knowing Skull","floor":21,"potions_obtained":[],"gold_loss":0,"cards_obtained":[]}],"is_beta":false,"boss_relics":[{"not_picked":["SlaversCollar","Astrolabe"],"picked":"BewitchedHakkero"}],"items_purged_floors":[22],"is_endless":false,"potions_floor_spawned":[4,5,14,18,20,24],"killed_by":"Centurion and Healer","ascension_level":16}}