{"host":"i0avyit1s6jb1siw","time":1608732646,"event":{"mods":["BaseMod","DeckTracker","Dota2Spire","Highlight Path","Minty Spire (QoL Compilation)","Quick Restart","Replay The Spire","StSLib","SuperFastMode"],"gold_per_floor":[111,111,128,141,160,160,190,202,227,227,241,20,20,33,33,133,233,243,243,260,11,11,11],"floor_reached":22,"playtime":456,"items_purged":["Defend_B","Strike_B"],"score":291,"play_id":"63516df8-ac5e-4510-8d20-c84238098af4","local_time":"20201223151046","is_ascension_mode":true,"campfire_choices":[{"data":"Compile Driver","floor":6,"key":"SMITH"},{"data":"Echo Form","floor":10,"key":"SMITH"},{"floor":15,"key":"REST"}],"circlet_count":0,"master_deck":["AscendersBane","Strike_B","Strike_B","Defend_B","Defend_B","Defend_B","Zap","Dualcast+1","Compile Driver+1","Self Repair","Cold Snap","Darkness","Echo Form+1","Beam Cell","Ball Lightning","Core Surge"],"relics":["Cracked Core","Emotion Chip","Lantern","Medical Kit","Replay:Wanted Poster","Centennial Puzzle"],"acts_visited":["Exordium","TheCity"],"potions_floor_usage":[7,16],"damage_taken":[{"damage":7,"enemies":"2 Louse","floor":1,"turns":3},{"damage":0,"enemies":"Cultist","floor":3,"turns":3},{"damage":7,"enemies":"Jaw Worm","floor":4,"turns":3},{"damage":20,"enemies":"3 Louse","floor":5,"turns":4},{"damage":34,"enemies":"3 Sentries","floor":7,"turns":7},{"damage":8,"enemies":"2 Fungi Beasts","floor":8,"turns":4},{"damage":12,"enemies":"Looter","floor":11,"turns":3},{"damage":18,"enemies":"Exordium Thugs","floor":14,"turns":4},{"damage":26,"enemies":"Slime Boss","floor":16,"turns":7},{"damage":38,"enemies":"2 Thieves","floor":18,"turns":3},{"damage":13,"enemies":"Chosen","floor":20,"turns":5},{"damage":24,"enemies":"Centurion and Healer","floor":22,"turns":4}],"seed_played":"4530098658738746316","potions_obtained":[{"floor":3,"key":"Strength Potion"},{"floor":7,"key":"SteroidPotion"},{"floor":14,"key":"Dota2Spire:HealingSalve"}],"is_trial":false,"path_per_floor":["M","?","M","M","M","R","E","M","T","R","M","$","$","M","R","B",null,"M","?","M","$","M"],"character_chosen":"DEFECT","items_purchased":["Medical Kit","Centennial Puzzle"],"campfire_rested":1,"item_purchase_floors":[12,21],"current_hp_per_floor":[61,61,61,61,48,48,21,20,20,20,22,22,22,11,33,20,61,30,30,24,24,0,0],"gold":11,"neow_bonus":"UPGRADE_CARD","is_daily":false,"chose_seed":false,"campfire_upgraded":2,"win_rate":0.0,"timestamp":1608732646,"path_taken":["M","?","?","M","M","R","E","M","T","R","M","?","$","M","R","BOSS","M","?","M","$","M"],"items_purchased_type":["Relic","Relic"],"build_version":"2020-12-22","purchased_purges":2,"victory":false,"max_hp_per_floor":[75,75,75,75,75,75,75,75,75,75,75,75,75,75,75,75,75,75,75,75,75,75,75],"card_choices":[{"not_picked":["BasicCrystalCard","Beam Cell"],"picked":"Compile Driver","floor":1},{"not_picked":["Auto Shields","Turbo"],"picked":"Self Repair","floor":3},{"not_picked":["Go for the Eyes","Sunder"],"picked":"Cold Snap","floor":4},{"not_picked":["Panic Button","ReplayTheSpireMod:Reroute Power"],"picked":"Darkness","floor":5},{"not_picked":["Panic Button","Seek"],"picked":"Echo Form","floor":7},{"not_picked":["Cold Snap","Steam Power"],"picked":"Beam Cell","floor":8},{"not_picked":["Coolheaded","Gash","Beam Cell"],"picked":"SKIP","floor":11},{"not_picked":["Sweeping Beam","Skim"],"picked":"Ball Lightning","floor":14},{"not_picked":["Machine Learning","ReplayTheSpireMod:Fabricate Wheel"],"picked":"Core Surge","floor":16},{"not_picked":["Barrage","BasicCrystalCard+1","Reprogram"],"picked":"SKIP","floor":18},{"not_picked":["ReplayGash","Sweeping Beam","Go for the Eyes"],"picked":"SKIP","floor":20}],"player_experience":2109953,"relics_obtained":[{"floor":7,"key":"Emotion Chip"},{"floor":9,"key":"Lantern"}],"event_choices":[{"cards_removed":["Strike_B"],"damage_healed":0,"gold_gain":0,"player_choice":"Offered Basic","damage_taken":0,"max_hp_gain":0,"max_hp_loss":0,"event_name":"Bonfire Elementals","floor":2,"gold_loss":0}],"is_beta":false,"boss_relics":[{"not_picked":["Replay:Drink Me","Runic Dome"],"picked":"Replay:Wanted Poster"}],"items_purged_floors":[12,21],"is_endless":false,"potions_floor_spawned":[3,7,14],"killed_by":"Centurion and Healer","ascension_level":11}}