{"host":"2d0rd30cigwncx1y","time":1608736613,"event":{"mods":["BaseMod","Colored Map","Colored Powertips","Downfall","MarisaÅiñ∂âJÅ@ñÇóùçπÅj","Minty Spire (QoL Compilation)","Replay The Spire","StSLib","The Alterego","The Marked","The Servant 0.9.4"],"gold_per_floor":[199,213,233,57,70,70,115,115,143,162,93,103,103,103,103,103,123,123,123],"floor_reached":18,"playtime":1604,"items_purged":[],"score":112,"play_id":"fa4e580c-b5db-444e-84a1-42fe8c2eb5b2","local_time":"20201223161653","is_ascension_mode":false,"campfire_choices":[{"data":"theMarked:SoldierOfQuellstein","floor":1.0,"key":"SMITH"},{"data":"theMarked:Static","floor":6,"key":"SMITH"},{"data":"theMarked:ComboAttacks","floor":8,"key":"SMITH"},{"data":"theMarked:EternalStudent","floor":13,"key":"SMITH"}],"circlet_count":0,"master_deck":["theMarked:Strike","theMarked:Strike","theMarked:Strike","theMarked:Strike","theMarked:Strike","theMarked:Defend","theMarked:Defend","theMarked:Defend","theMarked:Defend","theMarked:SoldierOfQuellstein+1","theMarked:HeritageOfTheMarked","theMarked:Aftermath","theMarked:Static+1","theMarked:ComboAttacks+1","theMarked:HeightenedSenses","theMarked:ElectricStrings","theMarked:ElectricStrings","theMarked:WardOff","Pot Of Greed","Pot Of Greed","theMarked:EternalStudent+1","theMarked:TwofoldDefense","theMarked:RepellingDischarge","theMarked:RogueSparks","theMarked:RogueSparks","theMarked:DispelDoubt","Pot Of Greed"],"relics":["theMarked:ArtifactOfAir","Grinning Jar","Lantern","Meat on the Bone"],"acts_visited":["Exordium"],"potions_floor_usage":[12,18,18,18],"damage_taken":[{"damage":1.0,"enemies":"Jaw Worm","floor":2.0,"turns":4.0},{"damage":5.0,"enemies":"Small Slimes","floor":3.0,"turns":3.0},{"damage":10,"enemies":"downfall:FleeingMerchant","floor":4,"turns":4},{"damage":2,"enemies":"2 Louse","floor":5,"turns":3},{"damage":10,"enemies":"3 Sentries","floor":9,"turns":8},{"damage":0,"enemies":"Large Slime","floor":10,"turns":3},{"damage":2,"enemies":"downfall:FleeingMerchant","floor":11,"turns":4},{"damage":16,"enemies":"Gremlin Gang","floor":12,"turns":3},{"damage":11,"enemies":"Large Slime","floor":17,"turns":5},{"damage":13,"enemies":"downfall:Ironclad","floor":18,"turns":7}],"seed_played":"-2758631440959042281","potions_obtained":[{"floor":3.0,"key":"Adrenaline Potion"},{"floor":5,"key":"FearPotion"},{"floor":12,"key":"Energy Potion"},{"floor":17,"key":"theMarked:SummonPotion"}],"is_trial":false,"path_per_floor":["R","M","M","$","M","R","T","R","E","M","$","M","R","PTL","PTL","?","M","B"],"character_chosen":"THE_DEFAULT","items_purchased":["theMarked:ComboAttacks","theMarked:HeightenedSenses","theMarked:ElectricStrings","theMarked:RogueSparks"],"campfire_rested":0,"item_purchase_floors":[4,4,4,11],"current_hp_per_floor":[70,69,64,54,52,52,52,52,42,42,40,24,24,24,24,12,13,0,0],"gold":123,"neow_bonus":"HUNDRED_GOLD","is_daily":false,"chose_seed":false,"campfire_upgraded":4,"win_rate":0.0,"timestamp":1608736613,"path_taken":["R","M","M","$","M","R","T","R","E","M","$","M","R","PTL","PTL","?","M","BOSS"],"items_purchased_type":["Card","Card","Card","Card"],"build_version":"2020-12-22","purchased_purges":0,"victory":false,"max_hp_per_floor":[70,70,70,70,70,70,70,70,70,70,70,70,70,70,70,70,70,70,70],"card_choices":[{"not_picked":["theMarked:ElectricStrings","theMarked:Aftermath"],"picked":"theMarked:HeritageOfTheMarked","floor":2.0},{"not_picked":["theMarked:ResourceFulStrike","theMarked:BanishingWave"],"picked":"theMarked:Aftermath","floor":3.0},{"not_picked":["theMarked:HeightenedSenses","theMarked:ChainLightning"],"picked":"theMarked:Static","floor":4},{"not_picked":["theMarked:LightningStrikesTwice","theMarked:Aftermath"],"picked":"theMarked:WardOff","floor":5},{"not_picked":["theMarked:ElectricStrings","theMarked:Overthink"],"picked":"theMarked:EternalStudent","floor":9},{"not_picked":["theMarked:Overcharge","theMarked:Generate"],"picked":"theMarked:TwofoldDefense","floor":10},{"not_picked":["theMarked:BanishingStrike","theMarked:TwofoldDefense"],"picked":"theMarked:RepellingDischarge","floor":11},{"not_picked":["theMarked:Generate","theMarked:ContemptForTheProud","theMarked:ResourceFulStrike"],"picked":"SKIP","floor":12},{"not_picked":["theMarked:MagicAdept","theMarked:Parkour"],"picked":"theMarked:DispelDoubt","floor":17}],"player_experience":87956,"relics_obtained":[{"floor":7,"key":"Grinning Jar"},{"floor":9,"key":"Lantern"}],"event_choices":[{"damage_healed":0,"gold_gain":0,"player_choice":"Success","damage_taken":12,"relics_obtained":["Meat on the Bone"],"max_hp_gain":0,"max_hp_loss":0,"event_name":"Scrap Ooze","floor":16,"gold_loss":0}],"is_beta":false,"boss_relics":[],"items_purged_floors":[],"is_endless":false,"potions_floor_spawned":[3,5,12,17],"killed_by":"downfall:Ironclad","ascension_level":0}}