{"host":"wghdsg8ym2wc7ov9","time":1608683255,"event":{"mods":["AchievementEnabler","BaseMod","Better Altar","Better Note","Colored Map","Hermit","Highlight Path","Jorbs\u0027s Wanderer Trilogy","Minty Spire (QoL Compilation)","Random Character Button","Relic Stats","Shop Mod","StSLib","The Bug Knight","The Cursed","The Hierophant","The Servant 0.9.4"],"gold_per_floor":[114,130,102,118,133,133,133],"floor_reached":6,"playtime":959,"items_purged":[],"score":40,"play_id":"7cc80a85-92f6-4ed9-a96c-c051f1606e67","local_time":"20201222162735","is_ascension_mode":true,"campfire_choices":[],"circlet_count":0,"master_deck":["Strike_P","Strike_P","Strike_P","Strike_P","Defend_P","Defend_P","Defend_P","Defend_P","Eruption","Vigilance","Halt","Halt","Protect","MasterReality","EmptyFist"],"relics":["PureWater"],"acts_visited":["Exordium"],"potions_floor_usage":[],"damage_taken":[{"damage":0,"enemies":"Jaw Worm","floor":1,"turns":3},{"damage":1,"enemies":"Small Slimes","floor":2,"turns":3},{"damage":0,"enemies":"Cultist","floor":4,"turns":4},{"damage":30,"enemies":"Exordium Thugs","floor":5,"turns":15},{"damage":43,"enemies":"HollowMod:MossKnight","floor":6,"turns":11}],"seed_played":"5132393418289792648","potions_obtained":[{"floor":1,"key":"LiquidMemories"},{"floor":4,"key":"BottledMiracle"}],"is_trial":false,"path_per_floor":["M","M","?","M","M","E"],"character_chosen":"WATCHER","items_purchased":[],"campfire_rested":0,"item_purchase_floors":[],"current_hp_per_floor":[72,71,71,71,41,0,0],"gold":133,"neow_bonus":"THREE_CARDS","is_daily":false,"chose_seed":false,"campfire_upgraded":0,"win_rate":0.0,"timestamp":1608683255,"path_taken":["M","M","?","M","M","E"],"items_purchased_type":[],"build_version":"2020-12-13","purchased_purges":0,"victory":false,"max_hp_per_floor":[72,72,72,72,72,72,72],"relic_stats":{"counters":[5,36],"obtain_stats":[{"PureWater":0},{"PureWater":0},{"PureWater":0}]},"card_choices":[{"not_picked":["JustLucky","CrushJoints"],"picked":"Halt","floor":0},{"not_picked":["InnerPeace","Crescendo"],"picked":"Halt","floor":1},{"not_picked":["Halt","EmptyBody"],"picked":"Protect","floor":2},{"not_picked":["JustLucky","SashWhip"],"picked":"MasterReality","floor":4},{"not_picked":["BowlingBash","Study"],"picked":"EmptyFist","floor":5}],"player_experience":505288,"relics_obtained":[],"event_choices":[{"damage_healed":0,"gold_gain":0,"player_choice":"Left Gold","damage_taken":0,"max_hp_gain":0,"max_hp_loss":0,"event_name":"World of Goop","floor":3,"gold_loss":28}],"is_beta":false,"boss_relics":[],"items_purged_floors":[],"is_endless":false,"potions_floor_spawned":[1,4],"killed_by":"HollowMod:MossKnight","ascension_level":1}}