{"host":"3jpwrwmmgyabjceh","time":1608758631,"event":{"mods":["AchievementEnabler","BaseMod","Colored Map","Colored Powertips","Highlight Path","Minty Spire (QoL Compilation)","Quick Restart","StSLib"],"gold_per_floor":[209,209,229,39,39,39,53,87,87,99,99,114,62,95,95,193,193,212,137,155,173,272,283,283,65,65,83,83,31,31,50,50,148,148,163,38,38,38,51,51,65,78,78,93,105,105,157,157,157],"floor_reached":48,"playtime":1871,"items_purged":["Strike_B","Strike_B","Strike_B"],"score":586,"play_id":"fabee5c0-8c78-4ed2-8aee-79eebed6babf","local_time":"20201224002351","is_ascension_mode":true,"campfire_choices":[{"data":"Self Repair","floor":6.0,"key":"SMITH"},{"data":"Gash","floor":11.0,"key":"SMITH"},{"data":"Beam Cell","floor":15.0,"key":"SMITH"},{"data":"Zap","floor":24.0,"key":"SMITH"},{"data":"Hologram","floor":28.0,"key":"SMITH"},{"data":"Dualcast","floor":32.0,"key":"SMITH"},{"floor":40.0,"key":"RECALL"},{"floor":46,"key":"REST"}],"circlet_count":0,"master_deck":["Strike_B+1","Defend_B","Defend_B","Defend_B","Zap+1","Dualcast+1","Beam Cell+1","Self Repair+1","Go for the Eyes","Gash+1","Go for the Eyes","Sweeping Beam+1","Go for the Eyes","Go for the Eyes","Beam Cell","All For One","Auto Shields","White Noise+1","Beam Cell","Gash","Beam Cell","Hologram+1","Gash","Gash","Echo Form","Leap+1","Gash+1"],"relics":["FrozenCore","Orrery","Matryoshka","Whetstone","Gremlin Horn","Toy Ornithopter","Ornamental Fan","Fusion Hammer","Molten Egg 2","FossilizedHelix"],"acts_visited":["Exordium","TheCity","TheBeyond"],"potions_floor_usage":[],"damage_taken":[{"damage":0.0,"enemies":"2 Louse","floor":1.0,"turns":3.0},{"damage":5.0,"enemies":"Small Slimes","floor":3.0,"turns":3.0},{"damage":0.0,"enemies":"Cultist","floor":7.0,"turns":2.0},{"damage":13.0,"enemies":"3 Sentries","floor":8.0,"turns":6.0},{"damage":7.0,"enemies":"Blue Slaver","floor":10.0,"turns":3.0},{"damage":6.0,"enemies":"Exordium Thugs","floor":12.0,"turns":3.0},{"damage":27.0,"enemies":"Lagavulin","floor":14.0,"turns":6.0},{"damage":4.0,"enemies":"Slime Boss","floor":16.0,"turns":8.0},{"damage":18.0,"enemies":"2 Thieves","floor":18.0,"turns":4.0},{"damage":9.0,"enemies":"Spheric Guardian","floor":20.0,"turns":4.0},{"damage":37.0,"enemies":"3 Cultists","floor":21.0,"turns":7.0},{"damage":12.0,"enemies":"Sentry and Sphere","floor":23.0,"turns":6.0},{"damage":2.0,"enemies":"Cultist and Chosen","floor":27.0,"turns":5.0},{"damage":1.0,"enemies":"Chosen and Byrds","floor":31.0,"turns":4.0},{"damage":53.0,"enemies":"Collector","floor":33.0,"turns":9.0},{"damage":5.0,"enemies":"Orb Walker","floor":35.0,"turns":4.0},{"damage":11.0,"enemies":"3 Shapes","floor":39.0,"turns":3.0},{"damage":10.0,"enemies":"Sphere and 2 Shapes","floor":41.0,"turns":8.0},{"damage":26.0,"enemies":"Jaw Worm Horde","floor":42.0,"turns":3.0},{"damage":30,"enemies":"Writhing Mass","floor":44,"turns":7},{"damage":12,"enemies":"4 Shapes","floor":45,"turns":6},{"damage":72,"enemies":"2 Orb Walkers","floor":47,"turns":7},{"damage":19,"enemies":"Spire Growth","floor":48,"turns":4}],"seed_played":"-5973507540361949727","potions_obtained":[{"floor":1.0,"key":"EssenceOfDarkness"},{"floor":5.0,"key":"EntropicBrew"},{"floor":5.0,"key":"Block Potion"},{"floor":7.0,"key":"CultistPotion"},{"floor":23.0,"key":"GamblersBrew"},{"floor":27.0,"key":"Regen Potion"},{"floor":33.0,"key":"Weak Potion"},{"floor":41.0,"key":"Dexterity Potion"},{"floor":47,"key":"Ancient Potion"}],"is_trial":false,"path_per_floor":["M","?","M","$","?","R","M","E","T","M","R","M","$","E","R","B",null,"M","$","M","M","?","M","R","$","T","M","R","$","?","M","R","B",null,"M","$","?","?","M","R","M","M","T","M","M","R","?","M"],"character_chosen":"DEFECT","items_purchased":["Self Repair","Orrery","Go for the Eyes","Gash","Beam Cell","Hologram","Gash"],"campfire_rested":1,"item_purchase_floors":[4,4,13,25,25,25,29],"current_hp_per_floor":[75,80,75,75,75,75,75,72,72,75,75,79,79,62,62,58,80,72,72,73,46,46,44,44,44,44,42,42,42,27,58,58,20,85,80,80,80,80,79,79,81,70,70,60,68,81,19,0,0],"gold":157,"neow_bonus":"HUNDRED_GOLD","is_daily":false,"chose_seed":false,"campfire_upgraded":6,"win_rate":0.0,"timestamp":1608758631,"path_taken":["M","?","M","$","?","R","M","E","T","M","R","?","$","E","R","BOSS","M","$","M","M","?","M","R","?","T","M","R","$","?","M","R","BOSS","M","$","?","?","M","R","M","M","T","M","M","R","?","M"],"items_purchased_type":["Card","Relic","Card","Card","Card","Card","Card"],"build_version":"2020-12-22","purchased_purges":3,"victory":false,"max_hp_per_floor":[75,80,80,80,80,80,80,80,80,80,80,80,80,80,80,80,80,80,80,80,80,80,80,80,80,80,80,80,80,85,85,85,85,85,85,85,85,81,81,81,81,81,81,81,81,81,81,81,81],"card_choices":[{"not_picked":["Hello World","Darkness","Aggregate"],"picked":"SKIP","floor":1.0},{"not_picked":["Coolheaded","Force Field"],"picked":"Beam Cell","floor":3.0},{"not_picked":["Auto Shields","Stack"],"picked":"Go for the Eyes","floor":4.0},{"not_picked":["Sweeping Beam","Defragment"],"picked":"Gash","floor":4.0},{"not_picked":["Recycle","Compile Driver"],"picked":"Go for the Eyes","floor":4.0},{"not_picked":["Fission","Rip and Tear"],"picked":"Sweeping Beam","floor":4.0},{"not_picked":["Steam","Rebound","Recycle"],"picked":"SKIP","floor":7.0},{"not_picked":["White Noise","Ball Lightning","Skim"],"picked":"SKIP","floor":8.0},{"not_picked":["Sweeping Beam","Coolheaded","Barrage"],"picked":"SKIP","floor":10.0},{"not_picked":["Sweeping Beam","Reinforced Body"],"picked":"Go for the Eyes","floor":12.0},{"not_picked":["Loop","Cold Snap"],"picked":"Beam Cell","floor":14.0},{"not_picked":["Biased Cognition","Hyperbeam"],"picked":"All For One","floor":16.0},{"not_picked":["Cold Snap","Chill+1"],"picked":"Auto Shields","floor":18.0},{"not_picked":["Lockon+1","Rip and Tear","Cold Snap"],"picked":"SKIP","floor":20.0},{"not_picked":["Recycle","Cold Snap"],"picked":"White Noise+1","floor":21.0},{"not_picked":["Rip and Tear","Skim"],"picked":"Beam Cell","floor":23.0},{"not_picked":["Stack","White Noise","Redo"],"picked":"SKIP","floor":27.0},{"not_picked":["Hologram+1","Lockon+1"],"picked":"Gash","floor":31.0},{"not_picked":["Machine Learning","Seek"],"picked":"Echo Form","floor":33.0},{"not_picked":["Steam+1","Cold Snap","Double Energy"],"picked":"SKIP","floor":35.0},{"not_picked":["Go for the Eyes","Sweeping Beam+1"],"picked":"Leap+1","floor":39.0},{"not_picked":["Chaos","Force Field","Beam Cell+1"],"picked":"SKIP","floor":41.0},{"not_picked":["Streamline+1","Stack","Recycle+1"],"picked":"SKIP","floor":42.0},{"not_picked":["Static Discharge+1","BootSequence+1","Leap"],"picked":"SKIP","floor":44},{"not_picked":["Tempest+1","Lockon+1","Fusion"],"picked":"SKIP","floor":45},{"not_picked":["Rebound+1","Tempest+1"],"picked":"Gash+1","floor":47}],"player_experience":266760,"relics_obtained":[{"floor":8.0,"key":"Matryoshka"},{"floor":9.0,"key":"Whetstone"},{"floor":14.0,"key":"Gremlin Horn"},{"floor":26.0,"key":"Toy Ornithopter"},{"floor":26.0,"key":"Ornamental Fan"},{"floor":43.0,"key":"Molten Egg 2"},{"floor":47,"key":"FossilizedHelix"}],"event_choices":[{"damage_healed":0.0,"max_hp_gain":5.0,"max_hp_loss":0.0,"gold_gain":0.0,"event_name":"Big Fish","player_choice":"Donut","floor":2.0,"gold_loss":0.0,"damage_taken":0.0},{"damage_healed":0.0,"max_hp_gain":0.0,"max_hp_loss":0.0,"gold_gain":0.0,"event_name":"Lab","player_choice":"Got Potions","floor":5.0,"gold_loss":0.0,"damage_taken":0.0},{"damage_healed":0.0,"max_hp_gain":0.0,"max_hp_loss":0.0,"gold_gain":99.0,"event_name":"Nest","player_choice":"Stole From Cult","floor":22.0,"gold_loss":0.0,"damage_taken":0.0},{"damage_healed":0.0,"max_hp_gain":5.0,"max_hp_loss":0.0,"gold_gain":0.0,"event_name":"Forgotten Altar","player_choice":"Shed Blood","floor":30.0,"gold_loss":0.0,"damage_taken":20.0},{"cards_removed":["Defend_B"],"damage_healed":0.0,"max_hp_gain":0.0,"max_hp_loss":0.0,"gold_gain":0.0,"event_name":"Falling","player_choice":"Removed Skill","floor":37.0,"gold_loss":0.0,"damage_taken":0.0},{"damage_healed":0.0,"max_hp_gain":0.0,"max_hp_loss":4.0,"gold_gain":0.0,"event_name":"Winding Halls","player_choice":"Max HP","floor":38.0,"gold_loss":0.0,"damage_taken":0.0},{"damage_healed":0,"gold_gain":0,"player_choice":"Fight","damage_taken":0,"max_hp_gain":0,"max_hp_loss":0,"event_name":"Mysterious Sphere","floor":47,"gold_loss":0}],"is_beta":false,"boss_relics":[{"not_picked":["Calling Bell","SacredBark"],"picked":"FrozenCore"},{"not_picked":["Cursed Key","Runic Dome"],"picked":"Fusion Hammer"}],"items_purged_floors":[19,25,36],"is_endless":false,"potions_floor_spawned":[1,7,23,27,33,41,47],"killed_by":"Spire Growth","ascension_level":3}}