{"host":"dwyzfvnzfcqffr30","time":1608717553,"event":{"mods":["2.2 Compatiblity","Act Like it!","BaseMod","Beaked The Cultist","Better Altar","Better Match","Better Note","Better Sensory Stone","Better Skull","Better Third Choice","Clockwork Mod","Colored Map","Colored Powertips","Conspire","Downfall","Elementarium","GifTheSpireLib","Halation","Hermit","Hubris","Infinite Spire","Ironclad Rager","Jedi Mod","Menagerie","Mimic Mod","Minty Spire (QoL Compilation)","Permanent Neow","Random Character Button","Replay The Spire","Spicy Shops","StSLib","Stuff the Spire","The Construct","The Disciple","The Druid","The Marked","TheFirefly","Trackpad","vexMod"],"gold_per_floor":[417,429,93,106,106,222,222,338,370,370,386,386,518,549,549,647,647,662,119,119,119],"floor_reached":20,"playtime":2116,"items_purged":[],"score":285,"play_id":"a4555c36-0d19-4659-a77c-8b0e1436d260","local_time":"20201223015913","is_ascension_mode":true,"campfire_choices":[{"floor":7,"key":"REST"},{"floor":15,"key":"REST"}],"circlet_count":0,"master_deck":["AscendersBane","beaked:Defend_Y+1","beaked:Defend_Y+1","beaked:Defend_Y+1","beaked:Defend_Y+1","beaked:Ceremony+1","beaked:Ceremony+1","beaked:Ceremony+1","MasterReality+1","beaked:FeelMyPain+1","beaked:Evade+1","beaked:MaddeningMurmurs+1","beaked:Resilience+1","beaked:StickSmack+1","beaked:DigDeep+1","beaked:Foresight+1","beaked:KnowThyFoe+1","beaked:Foresight+1","beaked:MachineEssence+1","beaked:Tweet+1"],"relics":["beaked:MendingPlumage","hubris:FruitBowl","hubris:EvacipatedBox","StuffTheSpire:TintedRock","Juzu Bracelet","Molten Egg 2","Toxic Egg 2","Quantum Egg","Bottled Tornado","jedi:leech","Frozen Egg 2","Kunai","Counterbalance","hubris:GlazedTorus","trackpad:StolenKidneys","hubris:MedicalManual","ReplayTheSpireMod:Shallot"],"acts_visited":["Exordium","TheCity"],"potions_floor_usage":[4,6,6,8,8,11,16],"damage_taken":[{"damage":0,"enemies":"2 Louse","floor":1,"turns":2},{"damage":2,"enemies":"Cultist","floor":2,"turns":4},{"damage":24,"enemies":"Jaw Worm","floor":4,"turns":3},{"damage":39,"enemies":"3 Sentries","floor":6,"turns":9},{"damage":18,"enemies":"Lagavulin","floor":8,"turns":8},{"damage":30,"enemies":"Lots of Slimes","floor":9,"turns":8},{"damage":43,"enemies":"Lots of Slimes","floor":11,"turns":6},{"damage":36,"enemies":"Gremlin Nob","floor":13,"turns":6},{"damage":31,"enemies":"Slime Boss","floor":16,"turns":9},{"damage":49,"enemies":"Shell Parasite","floor":18,"turns":7},{"damage":53,"enemies":"3 Byrds","floor":20,"turns":2}],"seed_played":"-7649561361557268180","potions_obtained":[{"floor":0,"key":"Swift Potion"},{"floor":0,"key":"Fire Potion"},{"floor":0,"key":"ColorlessPotion"},{"floor":4,"key":"SpeedPotion"},{"floor":6,"key":"EssenceOfSteel"},{"floor":8,"key":"SkillPotion"},{"floor":13,"key":"ColorlessPotion"}],"is_trial":false,"path_per_floor":["M","M","$","M","?","E","R","E","MIM","?","M","?","E","?","R","B",null,"M","$","M"],"character_chosen":"BEAKED_THE_CULTIST","items_purchased":["jedi:leech","beaked:MaddeningMurmurs","hubris:MedicalManual","ReplayTheSpireMod:Shallot"],"campfire_rested":2,"item_purchase_floors":[3,3,19,19],"current_hp_per_floor":[50,50,50,35,35,25,40,49,37,37,29,29,28,28,43,50,50,50,50,0,0],"gold":119,"neow_bonus":"THREE_SMALL_POTIONS","is_daily":false,"chose_seed":false,"campfire_upgraded":0,"win_rate":0.0,"timestamp":1608717553,"path_taken":["M","M","$","M","?","E","R","E","MIM","?","M","?","E","?","R","BOSS","M","$","M"],"items_purchased_type":["Relic","Card","Relic","Relic"],"build_version":"2020-12-22","purchased_purges":0,"victory":false,"max_hp_per_floor":[50,50,50,50,50,50,50,50,50,50,50,50,50,50,50,50,50,50,50,50,50],"card_choices":[{"not_picked":["beaked:Insight","beaked:SacrificialAttack+1"],"picked":"beaked:FeelMyPain+1","floor":1},{"not_picked":["beaked:Poke+1","beaked:Insight"],"picked":"beaked:Evade+1","floor":2},{"not_picked":["beaked:Daydream+1","beaked:SacrificialAttack+1"],"picked":"beaked:Resilience+1","floor":4},{"not_picked":["ReplayTheSpireMod:Wings of Steel+1","beaked:Overexert+1","beaked:Flinch+1"],"picked":"SKIP","floor":6},{"not_picked":["beaked:TuckingFeathers+1","beaked:CursingBlood+1"],"picked":"beaked:StickSmack+1","floor":8},{"not_picked":["beaked:Poke+1","beaked:BraceForImpact+1"],"picked":"beaked:DigDeep+1","floor":9},{"not_picked":["beaked:SacrificialAttack+1","beaked:BarbedWire+1"],"picked":"beaked:Foresight+1","floor":11},{"not_picked":["beaked:FeelMyPain+1","beaked:HuntressSpirit+1"],"picked":"beaked:KnowThyFoe+1","floor":13},{"not_picked":["beaked:Insight+1","beaked:Cower+1"],"picked":"beaked:Foresight+1","floor":14},{"not_picked":["beaked:AwakenedForm+1","beaked:ScreechingChant+1"],"picked":"beaked:MachineEssence+1","floor":16},{"not_picked":["beaked:DesperateSwing+1","beaked:Windmill+1"],"picked":"beaked:Tweet+1","floor":18}],"player_experience":2346899,"relics_obtained":[{"floor":6,"key":"Kunai"},{"floor":8,"key":"Counterbalance"},{"floor":14,"key":"hubris:GlazedTorus"}],"event_choices":[{"damage_healed":0,"gold_gain":0,"player_choice":"Simplicity","damage_taken":0,"max_hp_gain":0,"max_hp_loss":10,"event_name":"betterThird:BetterWriting","floor":0,"gold_loss":0},{"cards_removed":["beaked:Strike_Y"],"damage_healed":0,"gold_gain":0,"player_choice":"Offered Basic","damage_taken":0,"max_hp_gain":0,"max_hp_loss":0,"event_name":"Bonfire Elementals","floor":5,"gold_loss":0},{"damage_healed":0,"gold_gain":0,"player_choice":"Ignored","damage_taken":0,"max_hp_gain":0,"max_hp_loss":0,"event_name":"Upgrade Shrine","floor":10,"gold_loss":0},{"damage_healed":0,"gold_gain":0,"player_choice":"Ignored","damage_taken":0,"max_hp_gain":0,"max_hp_loss":0,"event_name":"Accursed Blacksmith","floor":12,"gold_loss":0}],"is_beta":false,"boss_relics":[{"not_picked":["halation:SmartPhone","Astrolabe","Busted Crown"],"picked":"trackpad:StolenKidneys"}],"items_purged_floors":[],"is_endless":false,"potions_floor_spawned":[4,6,8,13,18],"killed_by":"3 Byrds","ascension_level":10}}