{"host":"qekv59dthhdg54sz","time":1608726757,"event":{"mods":["AchievementEnabler","BaseMod","Colored Map","DeckTracker","KOR Keyword Fix","Minty Spire (QoL Compilation)","Rare Cards Sparkle","StSLib","SuperFastMode"],"gold_per_floor":[367,387,49,67,67,67,67,67,92,92,92,92,105,128,128,218,218,238,18,18,18,18,18,18,30,30,30,44,58,76,76,76,76,76],"floor_reached":33,"playtime":715,"items_purged":["Strike_G"],"score":470,"play_id":"bd850226-bf03-4bd6-871f-2d7d105566c6","local_time":"20201223213237","is_ascension_mode":true,"campfire_choices":[{"data":"Acrobatics","floor":6,"key":"SMITH"},{"data":"Prepared","floor":8,"key":"SMITH"},{"data":"Panache","floor":10,"key":"SMITH"},{"data":"Dagger Spray","floor":12,"key":"SMITH"},{"data":"Flying Knee","floor":15,"key":"SMITH"},{"data":"A Thousand Cuts","floor":23,"key":"SMITH"},{"data":"RitualDagger","floor":27,"key":"SMITH"},{"data":"Choke","floor":32,"key":"SMITH"}],"circlet_count":0,"master_deck":["AscendersBane","Strike_G","Strike_G","Strike_G","Strike_G","Defend_G","Defend_G","Defend_G","Defend_G","Defend_G","Survivor","Neutralize","Acrobatics+1","Dagger Spray+1","Prepared+1","Panache+1","Flying Knee+1","Outmaneuver","A Thousand Cuts+1","Finesse","RitualDagger+1","Reflex","Choke+1"],"relics":["Ring of the Snake","Bloody Idol","Vajra","Meat on the Bone","Coffee Dripper","Membership Card","Blood Vial"],"acts_visited":["Exordium","TheCity"],"potions_floor_usage":[16,28,29,33,33,33],"damage_taken":[{"damage":3,"enemies":"Small Slimes","floor":1,"turns":7},{"damage":5,"enemies":"Jaw Worm","floor":2,"turns":8},{"damage":0,"enemies":"2 Louse","floor":4,"turns":3},{"damage":0,"enemies":"Looter","floor":13,"turns":3},{"damage":0,"enemies":"3 Louse","floor":14,"turns":2},{"damage":18,"enemies":"Slime Boss","floor":16,"turns":8},{"damage":8,"enemies":"2 Thieves","floor":18,"turns":3},{"damage":15,"enemies":"Spheric Guardian","floor":25,"turns":4},{"damage":23,"enemies":"Snecko","floor":28,"turns":7},{"damage":10,"enemies":"Snake Plant","floor":29,"turns":3},{"damage":0,"enemies":"Cultist and Chosen","floor":30,"turns":3},{"damage":52,"enemies":"Collector","floor":33,"turns":9}],"seed_played":"-6827853807747133804","potions_obtained":[{"floor":4,"key":"BlessingOfTheForge"},{"floor":18,"key":"EssenceOfSteel"},{"floor":25,"key":"LiquidMemories"},{"floor":30,"key":"EntropicBrew"}],"is_trial":false,"path_per_floor":["M","M","$","M","?","R","?","R","T","R","T","R","M","M","R","B",null,"M","$","?","?","$","R","?","M","T","R","M","M","M","?","R","B"],"character_chosen":"THE_SILENT","items_purchased":["Prepared","Panache","Membership Card","Finesse"],"campfire_rested":0,"item_purchase_floors":[3,3,19,19],"current_hp_per_floor":[56,51,51,51,51,51,30,30,30,30,30,30,42,42,42,36,54,46,46,46,46,46,46,40,42,42,42,38,47,54,54,54,4,4],"gold":76,"neow_bonus":"TWO_FIFTY_GOLD","is_daily":false,"chose_seed":false,"campfire_upgraded":8,"win_rate":0.0,"timestamp":1608726757,"path_taken":["M","M","$","M","?","R","?","R","T","R","?","R","M","M","R","BOSS","M","$","?","?","$","R","?","M","T","R","M","M","M","?","R","BOSS"],"items_purchased_type":["Card","Card","Relic","Card"],"build_version":"2020-12-22","purchased_purges":1,"victory":false,"max_hp_per_floor":[60,60,60,60,60,60,60,60,60,60,60,60,60,60,60,60,60,60,60,60,60,60,60,60,60,60,60,60,60,60,60,60,60,60],"card_choices":[{"not_picked":["Slice","Dagger Spray"],"picked":"Acrobatics","floor":1},{"not_picked":["Underhanded Strike","Dodge and Roll"],"picked":"Dagger Spray","floor":2},{"not_picked":["Cloak And Dagger","Setup"],"picked":"Flying Knee","floor":4},{"not_picked":["Flying Knee","Quick Slash"],"picked":"Outmaneuver","floor":13},{"not_picked":["Dagger Throw","Glass Knife","PiercingWail"],"picked":"SKIP","floor":14},{"not_picked":["Corpse Explosion","Glass Knife"],"picked":"A Thousand Cuts","floor":16},{"not_picked":["Slice","Dodge and Roll","Bane+1"],"picked":"SKIP","floor":18},{"not_picked":["PiercingWail","Outmaneuver"],"picked":"Reflex","floor":25},{"not_picked":["Outmaneuver","Bouncing Flask"],"picked":"Choke","floor":28},{"not_picked":["Dagger Spray+1","Deadly Poison","Predator"],"picked":"SKIP","floor":29},{"not_picked":["Dagger Spray+1","Deadly Poison","Predator"],"picked":"SKIP","floor":29},{"not_picked":["Bane","Sucker Punch","Doppelganger"],"picked":"SKIP","floor":30}],"player_experience":745761,"relics_obtained":[{"floor":9,"key":"Vajra"},{"floor":11,"key":"Meat on the Bone"},{"floor":26,"key":"Blood Vial"}],"event_choices":[{"damage_healed":0,"gold_gain":0,"player_choice":"Leave","damage_taken":0,"max_hp_gain":0,"max_hp_loss":0,"event_name":"The Cleric","floor":5,"gold_loss":0},{"damage_healed":0,"gold_gain":0,"player_choice":"Take Damage","damage_taken":21,"relics_obtained":["Golden Idol"],"max_hp_gain":0,"max_hp_loss":0,"event_name":"Golden Idol","floor":7,"gold_loss":0},{"damage_healed":0,"gold_gain":0,"player_choice":"Ignored","damage_taken":0,"max_hp_gain":0,"max_hp_loss":0,"event_name":"Ghosts","floor":20,"gold_loss":0},{"damage_healed":0,"gold_gain":0,"player_choice":"Gave Idol","damage_taken":0,"relics_obtained":["Bloody Idol"],"max_hp_gain":0,"max_hp_loss":0,"event_name":"Forgotten Altar","floor":21,"relics_lost":["Golden Idol"],"gold_loss":0},{"damage_healed":0,"gold_gain":0,"player_choice":"Joined the Cult","damage_taken":6,"max_hp_gain":0,"max_hp_loss":0,"event_name":"Nest","floor":24,"gold_loss":0,"cards_obtained":["RitualDagger"]}],"is_beta":false,"boss_relics":[{"not_picked":["SacredBark","HoveringKite"],"picked":"Coffee Dripper"}],"items_purged_floors":[3],"is_endless":false,"potions_floor_spawned":[4,18,25,30],"killed_by":"Collector","ascension_level":20}}