{"host":"hemshb5b6cie9gjx","time":1608721733,"event":{"mods":["BaseMod","Better Note","Better Third Choice","Better Vampires","BetterRewards","Colored Map","Colored Powertips","DeckTracker","Googly Eyes","Infinite Spire","Minty Spire (QoL Compilation)","Permanent Neow","Relic Stats","Replay The Spire","StSLib","SuperFastMode","Uncapped","slay the spire mod where everything is the same but ironclad has a cowboy hat"],"gold_per_floor":[144,189,189,58,103,193,288,333,333,333,423,518,608,653,653,969,969,1020,1020,1089,1154,1217,1217,1331,1331,1356,1433,1538,1588,1118,1175,1175,1502,1529,1574,1649,1699,1708,1217,1341,1341,1398,1398,1457,1538,1538,1597,1656,1656,1997,1997,2013,2063,1472,1475,1506,1506,1581,1608,1633,1633,1651,1651,1700,1715,1715,2021,2121,2165,2215,2257,2307,2357,2357,2407,2510,2585,2618,2668,2713,2772,2822,2822,3093,3102,3128,3148,2289,2349,1510,1510,1533,1571,1646,1729,1768,1818,1818,1868,1868,1869,1869],"floor_reached":101,"playtime":4656,"items_purged":[],"score":1631,"play_id":"621cda3a-6d39-475b-815d-d3f405cb58d4","local_time":"20201223220853","daily_mods":["Shiny","Vintage","Midas"],"is_ascension_mode":false,"campfire_choices":[{"floor":10.0,"key":"REST"},{"floor":15.0,"key":"REST"},{"floor":23.0,"key":"REST"},{"floor":25.0,"key":"REST"},{"floor":32.0,"key":"REST"},{"floor":41.0,"key":"REST"},{"floor":46.0,"key":"REST"},{"floor":49.0,"key":"REST"},{"floor":57.0,"key":"REST"},{"floor":61.0,"key":"REST"},{"floor":63.0,"key":"REST"},{"floor":66.0,"key":"REST"},{"floor":74.0,"key":"REST"},{"floor":83.0,"key":"REST"}],"circlet_count":1,"master_deck":["Double Tap","Demon Form+1","Fiend Fire+1","Eclipse+1","Berserk+1","Impervious+1","Juggernaut+1","Demonic Infusion+1","Exhume+1","Offering+1","Bludgeon+1","Feed+1","Replay:Many Hands","Limit Break+1","Barricade+1","Hemogenesis+1","Reaper+1","Immolate+1","Run Through+1","Twin Strike","Feed","Offering+1","Pot Of Greed+1","Pot Of Greed+1","Pot Of Greed+1","Feed+1","Violence+1","Demon Form+1","Fiend Fire+1","Brutality+1","Battle Trance+1","infinitespire:Collect+1","Apotheosis+1","Life Link+1","Pot Of Greed+1","Shrug It Off+1","ReplayTheSpireMod:Echoes of Time+1","Shockwave+1","infinitespire:Execution+1","Ghostly Armor+1","Fire Breathing+1","Bludgeon+1","Demonic Infusion+1","Dual Wield+1","infinitespire:Gouge","infinitespire:NeuralNetwork+1","Double Tap+1","Pot Of Greed+1","Sword Boomerang","Anger","Double Tap+1","ReplayTheSpireMod:Echoes of Time+1","Inflame+1","Crow Ritual+1","Replay:Bootleg Shield Generator+1","Magnetism+1","ReplayTheSpireMod:Trickstab+1","Flex+1"],"relics":["Burning Blood","Onion Ring","infinitespire:Beetle Shell","SsserpentHead","King of Hearts","Self Forming Clay","Gremlin Food","Gambling Chip","Potion Belt","Omamori","Torii","Pen Nib","Replay:Bandana","Mark of Pain","ReplayTheSpireMod:Lightbulb","infinitespire:WardingShard","Fusion Hammer","infinitespire:WardingShard","Juzu Bracelet","Toxic Egg 2","Frozen Egg 2","CeramicFish","Grinning Jar","infinitespire:Lucky Rock","Whetstone","Red Skull","Eternal Feather","Astrolabe","Boot","Ancient Tea Set","CaptainsWheel","Medical Kit","Replay:Rubber Ducky","infinitespire:Satchel","Replay:Ringing Soul","ReplayTheSpireMod:Ninjato","infinitespire:Golems Mask","Replay:Bottled Steam","Black Star","infinitespire:Broken Mirror","DollysMirror","Kunai","Sundial","Shuriken","Oddly Smooth Stone","infinitespire:PuzzleCube","Smiling Mask","Blue Candle","ReplayFunnel","infinitespire:Midas Blood","Anchor","Replay:Wanted Poster","Pocketwatch","WarpedTongs","Orichalcum","infinitespire:Bottled Soul","FaceOfCleric","Replay:Baseball","Golden Egg","Turnip","Mummified Hand","Incense Burner","Coffee Dripper","Strawberry","Art of War","Guide Book","Letter Opener","Pet Ghost","Snack Pack","Replay:Arrowhead","Regal Pillow","ClockworkSouvenir","Circlet","InkBottle","Blue Doll","Garlic","Replay:Bottled Eggs","Calipers","Mirror","Replay:Mystery Machine"],"acts_visited":["Exordium","TheCity","TheBeyond","Exordium","TheCity","TheBeyond"],"potions_floor_usage":[],"damage_taken":[{"damage":17.0,"enemies":"Jaw Worm","floor":1.0,"turns":2.0},{"damage":19.0,"enemies":"Cultist","floor":2.0,"turns":4.0},{"damage":15.0,"enemies":"Small Slimes","floor":5.0,"turns":3.0},{"damage":30.0,"enemies":"Lagavulin","floor":6.0,"turns":6.0},{"damage":18.0,"enemies":"Exordium Thugs","floor":7.0,"turns":3.0},{"damage":10.0,"enemies":"Looter","floor":8.0,"turns":2.0},{"damage":22.0,"enemies":"Gremlin Nob","floor":11.0,"turns":3.0},{"damage":12.0,"enemies":"2 Fungi Beasts","floor":12.0,"turns":4.0},{"damage":34.0,"enemies":"Lagavulin","floor":13.0,"turns":6.0},{"damage":8.0,"enemies":"3 Louse","floor":14.0,"turns":3.0},{"damage":54.0,"enemies":"The Guardian","floor":16.0,"turns":7.0},{"damage":16.0,"enemies":"Spheric Guardian","floor":18.0,"turns":5.0},{"damage":16.0,"enemies":"3 Byrds","floor":20.0,"turns":2.0},{"damage":18.0,"enemies":"Centurion and Healer","floor":21.0,"turns":2.0},{"damage":12.0,"enemies":"3 Cultists","floor":22.0,"turns":2.0},{"damage":44.0,"enemies":"Slavers","floor":24.0,"turns":3.0},{"damage":16.0,"enemies":"Replay:Snechameleon","floor":28.0,"turns":4.0},{"damage":32.0,"enemies":"Sentry and Sphere","floor":31.0,"turns":4.0},{"damage":40.0,"enemies":"Automaton","floor":33.0,"turns":5.0},{"damage":64.0,"enemies":"Orb Walker","floor":35.0,"turns":5.0},{"damage":15.0,"enemies":"3 Darklings","floor":36.0,"turns":4.0},{"damage":21.0,"enemies":"Nightmare","floor":40.0,"turns":7.0},{"damage":13.0,"enemies":"4 Shapes","floor":42.0,"turns":3.0},{"damage":32.0,"enemies":"2 Orb Walkers","floor":45.0,"turns":4.0},{"damage":12.0,"enemies":"Writhing Mass","floor":47.0,"turns":2.0},{"damage":21.0,"enemies":"Replay:Hell Engine","floor":50.0,"turns":4.0},{"damage":25.0,"enemies":"Jaw Worm","floor":52.0,"turns":6.0},{"damage":66.0,"enemies":"Cultist","floor":55.0,"turns":8.0},{"damage":22.0,"enemies":"2 Louse","floor":56.0,"turns":4.0},{"damage":61.0,"enemies":"3 Sentries","floor":58.0,"turns":5.0},{"damage":19.0,"enemies":"Exordium Wildlife","floor":59.0,"turns":4.0},{"damage":0.0,"enemies":"Gremlin Gang","floor":64.0,"turns":1.0},{"damage":12.0,"enemies":"The Guardian","floor":67.0,"turns":4.0},{"damage":22.0,"enemies":"Shell Parasite","floor":69.0,"turns":3.0},{"damage":46.0,"enemies":"2 Thieves","floor":71.0,"turns":3.0},{"damage":48.0,"enemies":"Slavers","floor":76.0,"turns":3.0},{"damage":24.0,"enemies":"Cultist and Chosen","floor":78.0,"turns":4.0},{"damage":9.0,"enemies":"Sentry and Sphere","floor":80.0,"turns":3.0},{"damage":13.0,"enemies":"Centurion and Healer","floor":82.0,"turns":2.0},{"damage":37.0,"enemies":"Champ","floor":84.0,"turns":7.0},{"damage":39.0,"enemies":"Orb Walker","floor":86.0,"turns":4.0},{"damage":30.0,"enemies":"3 Darklings","floor":87.0,"turns":5.0},{"damage":18.0,"enemies":"Transient","floor":89.0,"turns":3.0},{"damage":65.0,"enemies":"Maw","floor":92.0,"turns":6.0},{"damage":6.0,"enemies":"3 Darklings","floor":93.0,"turns":2.0},{"damage":14.0,"enemies":"Nightmare","floor":95.0,"turns":5.0},{"damage":12.0,"enemies":"Writhing Mass","floor":96.0,"turns":2.0},{"damage":1,"enemies":"Maw","floor":99,"turns":2},{"damage":24,"enemies":"Donu and Deca","floor":101,"turns":4}],"seed_played":"7329645460642280970","potions_obtained":[{"floor":1.0,"key":"SteroidPotion"},{"floor":2.0,"key":"ColorlessPotion"},{"floor":8.0,"key":"LiquidBronze"},{"floor":12.0,"key":"Strength Potion"},{"floor":14.0,"key":"PowerPotion"},{"floor":18.0,"key":"Reflective Coating"},{"floor":20.0,"key":"BlessingOfTheForge"},{"floor":22.0,"key":"BloodPotion"},{"floor":47.0,"key":"EssenceOfSteel"},{"floor":69.0,"key":"Fruit Juice"},{"floor":80.0,"key":"DuplicationPotion"}],"is_trial":false,"path_per_floor":["M","M","?","$","M","E","M","M","T","R","E","M","E","M","R","B",null,"M","AVR","M","M","M","R","E","R","T","?","E","?","$","M","R","B",null,"M","M","?","AVR","$","NM","R","M","T","?","?","R","M","?","R","B",null,"M","?","$","M","M","R","E","M","T","R","AVR","R","M","?","R","B",null,"M","?","M","?","T","R","?","E","T","M","?","M","?","M","R","B",null,"M","M","$","M","$","R","M","M","T","NM","M","?","R","M","R","B"],"character_chosen":"IRONCLAD","items_purchased":["Run Through","ReplayTheSpireMod:Limb From Limb","Whetstone","Red Skull","Violence+1","Apotheosis+1","Life Link+1","Medical Kit","Shrug It Off+1","Replay:Rubber Ducky","DollysMirror","Kunai","Sundial","Inflame+1","Crow Ritual+1","Replay:Bootleg Shield Generator+1","Guide Book","Letter Opener","Pet Ghost","Replay:Arrowhead","Regal Pillow","ClockworkSouvenir","Magnetism+1","ReplayTheSpireMod:Trickstab"],"campfire_rested":14,"item_purchase_floors":[4,4,30,30,30,39,39,39,39,39,54,54,54,88,88,88,88,88,88,90,90,90,90,90],"current_hp_per_floor":[69,61,61,61,69,57,72,68,68,86,70,89,77,90,110,64,110,107,107,97,101,117,117,82,118,118,118,108,83,83,85,145,111,145,107,120,120,120,120,116,155,159,159,122,174,174,172,175,181,169,184,184,213,216,156,155,231,246,244,244,294,297,297,300,300,300,303,303,292,292,252,252,252,308,308,287,287,284,284,298,301,299,339,357,375,354,345,348,337,340,373,377,392,392,394,391,391,424,434,442,418,418],"gold":1869,"neow_bonus":"","is_daily":true,"chose_seed":false,"campfire_upgraded":0,"win_rate":0.0,"timestamp":1608721733,"path_taken":["M","M","?","$","M","E","?","M","T","R","E","?","E","M","R","BOSS","M","AVR","M","M","M","R","E","R","T","?","E","?","$","M","R","BOSS","M","M","?","AVR","?","NM","R","M","T","?","?","R","M","?","R","BOSS","M","?","?","M","M","R","E","M","T","R","AVR","R","M","?","R","BOSS","M","?","M","?","?","R","?","E","T","M","?","M","?","M","R","BOSS","M","M","$","M","$","R","M","M","T","NM","M","?","R","M","R","BOSS"],"items_purchased_type":["Card","Card","Relic","Relic","Card","Card","Card","Relic","Card","Relic","Relic","Relic","Relic","Card","Card","Card","Relic","Relic","Relic","Relic","Relic","Relic","Card","Card"],"build_version":"2020-12-22","purchased_purges":0,"victory":false,"max_hp_per_floor":[80,80,80,80,83,83,86,86,86,86,86,95,95,110,110,110,110,117,117,117,117,117,117,120,120,120,120,120,125,125,145,145,145,145,155,155,155,155,155,155,155,159,159,162,174,174,178,181,181,184,184,203,213,216,216,231,231,283,294,294,294,297,297,300,300,300,303,303,308,308,308,308,308,308,308,329,329,330,330,331,334,339,339,372,375,387,388,391,392,395,395,431,432,432,440,441,441,441,442,442,442,442],"relic_stats":{"Regal Pillow":0,"Torii":28,"CeramicFish":324,"Juzu Bracelet":3,"Whetstone":["Fiend Fire","Hemogenesis"],"Boot":[26],"Smiling Mask":0,"Burning Blood":265,"SsserpentHead":950,"FaceOfCleric":13,"Sundial":[4],"Mummified Hand":[72],"Gambling Chip":[149],"Kunai":[21],"InkBottle":[10],"counters":[49,189],"Self Forming Clay":[420],"Astrolabe":["Fiend Fire","Brutality","Battle Trance"],"Blue Candle":[0],"Eternal Feather":227,"Pen Nib":[26],"Letter Opener":[201],"Orichalcum":[36],"Medical Kit":[53],"WarpedTongs":[46],"Shuriken":[21],"Turnip":[13],"Black Star":3,"Art of War":[2],"obtain_stats":[{"Golden Egg":77,"Calipers":95,"CeramicFish":26,"Whetstone":30,"Boot":35,"Replay:Wanted Poster":68,"Replay:Ringing Soul":42,"FaceOfCleric":75,"DollysMirror":54,"Sundial":54,"Strawberry":86,"infinitespire:Golems Mask":45,"Fusion Hammer":19,"Kunai":54,"Toxic Egg 2":22,"Replay:Bottled Steam":47,"Astrolabe":34,"Blue Candle":59,"Dead Branch":76,"Oddly Smooth Stone":56,"Eternal Feather":31,"infinitespire:Beetle Shell":2,"Pen Nib":13,"Letter Opener":88,"WarpedTongs":70,"Replay:Baseball":76,"infinitespire:Broken Mirror":52,"Shuriken":55,"Onion Ring":1,"Mark of Pain":17,"Black Star":51,"Grinning Jar":27,"Mirror":96,"infinitespire:PuzzleCube":58,"Pocketwatch":69,"ReplayFunnel":60,"Regal Pillow":90,"Torii":12,"Blue Doll":93,"King of Hearts":5,"Juzu Bracelet":21,"Incense Burner":82,"Replay:Mystery Machine":99,"Ancient Tea Set":36,"Smiling Mask":58,"Burning Blood":0,"Pet Ghost":88,"Replay:Rubber Ducky":39,"ClockworkSouvenir":90,"SsserpentHead":3,"BranchBurnRelic":91,"Replay:Bandana":14,"infinitespire:Bottled Soul":73,"Mummified Hand":80,"Gambling Chip":8,"Replay:Bottled Eggs":95,"Red Skull":30,"InkBottle":92,"Gremlin Food":7,"Potion Belt":9,"ReplayTheSpireMod:Ninjato":43,"Self Forming Clay":6,"Guide Book":88,"Circlet":0,"Omamori":11,"infinitespire:Lucky Rock":28,"Frozen Egg 2":24,"Orichalcum":71,"Medical Kit":39,"Replay:Arrowhead":90,"CaptainsWheel":38,"Anchor":64,"infinitespire:WardingShard":19,"infinitespire:Satchel":40,"Turnip":78,"Coffee Dripper":85,"Art of War":87,"Snack Pack":89,"Garlic":94,"ReplayTheSpireMod:Lightbulb":18,"infinitespire:Midas Blood":62},{"Golden Egg":36,"Calipers":46,"CeramicFish":16,"Whetstone":17,"Boot":20,"Replay:Wanted Poster":33,"Replay:Ringing Soul":23,"FaceOfCleric":35,"DollysMirror":27,"Sundial":27,"Strawberry":41,"infinitespire:Golems Mask":24,"Fusion Hammer":12,"Kunai":27,"Toxic Egg 2":15,"Replay:Bottled Steam":25,"Astrolabe":19,"Blue Candle":31,"Dead Branch":36,"Oddly Smooth Stone":29,"Eternal Feather":18,"infinitespire:Beetle Shell":2,"Pen Nib":9,"Letter Opener":42,"WarpedTongs":34,"Replay:Baseball":36,"infinitespire:Broken Mirror":27,"Shuriken":28,"Onion Ring":1,"Mark of Pain":11,"Black Star":26,"Grinning Jar":16,"Mirror":47,"infinitespire:PuzzleCube":30,"Pocketwatch":34,"ReplayFunnel":31,"Regal Pillow":43,"Torii":8,"Blue Doll":45,"King of Hearts":3,"Juzu Bracelet":14,"Incense Burner":39,"Replay:Mystery Machine":48,"Ancient Tea Set":21,"Smiling Mask":30,"Burning Blood":0,"Pet Ghost":42,"Replay:Rubber Ducky":21,"ClockworkSouvenir":43,"SsserpentHead":2,"BranchBurnRelic":43,"Replay:Bandana":10,"infinitespire:Bottled Soul":35,"Mummified Hand":38,"Gambling Chip":6,"Replay:Bottled Eggs":46,"Red Skull":17,"InkBottle":44,"Gremlin Food":5,"Potion Belt":6,"ReplayTheSpireMod:Ninjato":23,"Self Forming Clay":4,"Guide Book":42,"Circlet":0,"Omamori":7,"infinitespire:Lucky Rock":17,"Frozen Egg 2":16,"Orichalcum":35,"Medical Kit":21,"Replay:Arrowhead":43,"CaptainsWheel":21,"Anchor":32,"infinitespire:WardingShard":12,"infinitespire:Satchel":22,"Turnip":37,"Coffee Dripper":40,"Art of War":42,"Snack Pack":43,"Garlic":45,"ReplayTheSpireMod:Lightbulb":12,"infinitespire:Midas Blood":31},{"Golden Egg":140,"Calipers":181,"CeramicFish":57,"Whetstone":61,"Boot":75,"Replay:Wanted Poster":131,"Replay:Ringing Soul":89,"FaceOfCleric":137,"DollysMirror":105,"Sundial":105,"Strawberry":160,"infinitespire:Golems Mask":93,"Fusion Hammer":48,"Kunai":105,"Toxic Egg 2":54,"Replay:Bottled Steam":95,"Astrolabe":70,"Blue Candle":126,"Dead Branch":140,"Oddly Smooth Stone":117,"Eternal Feather":65,"infinitespire:Beetle Shell":6,"Pen Nib":33,"Letter Opener":165,"WarpedTongs":134,"Replay:Baseball":140,"infinitespire:Broken Mirror":105,"Shuriken":113,"Onion Ring":2,"Mark of Pain":43,"Black Star":99,"Grinning Jar":57,"Mirror":183,"infinitespire:PuzzleCube":122,"Pocketwatch":134,"ReplayFunnel":126,"Regal Pillow":168,"Torii":27,"Blue Doll":176,"King of Hearts":9,"Juzu Bracelet":52,"Incense Burner":149,"Replay:Mystery Machine":185,"Ancient Tea Set":79,"Smiling Mask":122,"Burning Blood":0,"Pet Ghost":165,"Replay:Rubber Ducky":79,"ClockworkSouvenir":168,"SsserpentHead":6,"BranchBurnRelic":168,"Replay:Bandana":36,"infinitespire:Bottled Soul":137,"Mummified Hand":147,"Gambling Chip":20,"Replay:Bottled Eggs":181,"Red Skull":61,"InkBottle":174,"Gremlin Food":18,"Potion Belt":20,"ReplayTheSpireMod:Ninjato":89,"Self Forming Clay":15,"Guide Book":165,"Circlet":0,"Omamori":23,"infinitespire:Lucky Rock":61,"Frozen Egg 2":57,"Orichalcum":137,"Medical Kit":79,"Replay:Arrowhead":168,"CaptainsWheel":79,"Anchor":127,"infinitespire:WardingShard":48,"infinitespire:Satchel":86,"Turnip":144,"Coffee Dripper":156,"Art of War":165,"Snack Pack":168,"Garlic":176,"ReplayTheSpireMod:Lightbulb":48,"infinitespire:Midas Blood":126}],"Pocketwatch":[15]},"card_choices":[{"not_picked":["Clothesline","Anger"],"picked":"Twin Strike","floor":6.0},{"not_picked":["Warcry","Bloodletting"],"picked":"Feed","floor":11.0},{"not_picked":["infinitespire:OneForAll","Heavy Blade"],"picked":"Clash","floor":13.0},{"not_picked":["Juggernaut","Exhume"],"picked":"Offering","floor":16.0},{"not_picked":["infinitespire:OneForAll","Thunderclap"],"picked":"ReplayTheSpireMod:Strike From Hell","floor":24.0},{"not_picked":["Headbutt+1","ReplayTheSpireMod:Muscle Training+1"],"picked":"Feed","floor":28.0},{"not_picked":["Bludgeon","Eclipse+1"],"picked":"Demon Form+1","floor":33.0},{"not_picked":["infinitespire:SevenWalls","infinitespire:Collect"],"picked":"ReplayTheSpireMod:Echoes of Time","floor":40.0},{"not_picked":["Headbutt","Pommel Strike"],"picked":"Shockwave+1","floor":40.0},{"not_picked":["ReplayTheSpireMod:Haul","infinitespire:DeathsTouch"],"picked":"infinitespire:Execution","floor":44.0},{"not_picked":["Perfected Strike+1","Searing Blow"],"picked":"Ghostly Armor+1","floor":45.0},{"not_picked":["Fiend Fire","Corruption+1"],"picked":"Bludgeon","floor":50.0},{"not_picked":["Twin Strike","ReplayTheSpireMod:Strike From Hell"],"picked":"Dual Wield+1","floor":58.0},{"not_picked":["Immolate","Eclipse+1"],"picked":"Double Tap+1","floor":67.0},{"not_picked":["Searing Blow","Burning Pact+1"],"picked":"Sword Boomerang","floor":76.0},{"not_picked":["Bludgeon","Eclipse+1"],"picked":"Double Tap+1","floor":84.0},{"not_picked":["infinitespire:SevenWalls","ReplayTheSpireMod:Black Plague"],"picked":"ReplayTheSpireMod:Echoes of Time","floor":85.0},{"not_picked":["Flex+1","Sword Boomerang","Clothesline"],"picked":"SKIP","floor":95.0},{"not_picked":["Sword Boomerang","Clothesline"],"picked":"Flex+1","floor":95.0}],"player_experience":455367,"relics_obtained":[{"floor":1.0,"key":"Onion Ring"},{"floor":2.0,"key":"infinitespire:Beetle Shell"},{"floor":5.0,"key":"King of Hearts"},{"floor":6.0,"key":"Self Forming Clay"},{"floor":7.0,"key":"Gremlin Food"},{"floor":8.0,"key":"Gambling Chip"},{"floor":9.0,"key":"Potion Belt"},{"floor":11.0,"key":"Omamori"},{"floor":12.0,"key":"Torii"},{"floor":13.0,"key":"Pen Nib"},{"floor":14.0,"key":"Replay:Bandana"},{"floor":18.0,"key":"ReplayTheSpireMod:Lightbulb"},{"floor":20.0,"key":"infinitespire:WardingShard"},{"floor":21.0,"key":"Juzu Bracelet"},{"floor":22.0,"key":"Toxic Egg 2"},{"floor":24.0,"key":"Frozen Egg 2"},{"floor":26.0,"key":"CeramicFish"},{"floor":27.0,"key":"Grinning Jar"},{"floor":28.0,"key":"infinitespire:Lucky Rock"},{"floor":31.0,"key":"Eternal Feather"},{"floor":35.0,"key":"Boot"},{"floor":36.0,"key":"Ancient Tea Set"},{"floor":40.0,"key":"infinitespire:Satchel"},{"floor":42.0,"key":"Replay:Ringing Soul"},{"floor":43.0,"key":"ReplayTheSpireMod:Ninjato"},{"floor":45.0,"key":"infinitespire:Golems Mask"},{"floor":47.0,"key":"Replay:Bottled Steam"},{"floor":52.0,"key":"infinitespire:Broken Mirror"},{"floor":55.0,"key":"Shuriken"},{"floor":56.0,"key":"Oddly Smooth Stone"},{"floor":58.0,"key":"infinitespire:PuzzleCube"},{"floor":58.0,"key":"Smiling Mask"},{"floor":59.0,"key":"Blue Candle"},{"floor":60.0,"key":"ReplayFunnel"},{"floor":64.0,"key":"Anchor"},{"floor":69.0,"key":"Pocketwatch"},{"floor":71.0,"key":"Orichalcum"},{"floor":73.0,"key":"infinitespire:Bottled Soul"},{"floor":76.0,"key":"Dead Branch"},{"floor":76.0,"key":"Replay:Baseball"},{"floor":77.0,"key":"Golden Egg"},{"floor":78.0,"key":"Turnip"},{"floor":80.0,"key":"Mummified Hand"},{"floor":82.0,"key":"Incense Burner"},{"floor":86.0,"key":"Strawberry"},{"floor":87.0,"key":"Art of War"},{"floor":89.0,"key":"Snack Pack"},{"floor":92.0,"key":"InkBottle"},{"floor":93.0,"key":"Blue Doll"},{"floor":94.0,"key":"Garlic"},{"floor":95.0,"key":"Replay:Bottled Eggs"},{"floor":95.0,"key":"Calipers"},{"floor":96.0,"key":"Mirror"},{"floor":99,"key":"Replay:Mystery Machine"}],"event_choices":[{"damage_healed":0.0,"max_hp_gain":0.0,"max_hp_loss":0.0,"gold_gain":0.0,"event_name":"FaceTrader","player_choice":"Trade","floor":3.0,"gold_loss":0.0,"damage_taken":0.0,"relics_obtained":["SsserpentHead"]},{"damage_healed":0.0,"max_hp_gain":0.0,"max_hp_loss":0.0,"gold_gain":0.0,"event_name":"Wheel of Change","player_choice":"Relic","floor":27.0,"gold_loss":0.0,"damage_taken":0.0},{"damage_healed":0.0,"max_hp_gain":5.0,"max_hp_loss":0.0,"gold_gain":0.0,"event_name":"Forgotten Altar","player_choice":"Shed Blood","floor":29.0,"gold_loss":0.0,"damage_taken":30.0},{"damage_healed":0.0,"max_hp_gain":0.0,"max_hp_loss":0.0,"gold_gain":0.0,"event_name":"Match and Keep!","player_choice":"0 cards matched","floor":37.0,"gold_loss":0.0,"damage_taken":0.0,"cards_obtained":[]},{"damage_healed":0.0,"max_hp_gain":0.0,"max_hp_loss":0.0,"gold_gain":0.0,"event_name":"Mysterious Sphere","player_choice":"Fight","floor":45.0,"gold_loss":0.0,"damage_taken":0.0},{"damage_healed":0.0,"max_hp_gain":0.0,"max_hp_loss":0.0,"gold_gain":0.0,"cards_transformed":["Brutality"],"event_name":"Transmorgrifier","player_choice":"Transformed","floor":48.0,"gold_loss":0.0,"damage_taken":0.0,"cards_obtained":["Fire Breathing"]},{"cards_removed":["Corruption"],"damage_healed":19.0,"max_hp_gain":10.0,"max_hp_loss":0.0,"gold_gain":0.0,"event_name":"Bonfire Elementals","player_choice":"Offered Rare","floor":53.0,"gold_loss":0.0,"damage_taken":0.0},{"damage_healed":75.0,"max_hp_gain":0.0,"max_hp_loss":0.0,"gold_gain":0.0,"event_name":"The Cleric","player_choice":"Healed","floor":65.0,"gold_loss":35.0,"damage_taken":0.0},{"damage_healed":0.0,"max_hp_gain":0.0,"max_hp_loss":0.0,"gold_gain":0.0,"event_name":"Accursed Blacksmith","player_choice":"Rummage","floor":70.0,"gold_loss":0.0,"damage_taken":0.0,"relics_obtained":["WarpedTongs"],"cards_obtained":["Pain"]},{"damage_healed":0.0,"max_hp_gain":0.0,"max_hp_loss":0.0,"gold_gain":0.0,"event_name":"Upgrade Shrine","player_choice":"Upgraded","floor":72.0,"gold_loss":0.0,"damage_taken":0.0,"cards_upgraded":["Demonic Infusion"]},{"damage_healed":0.0,"max_hp_gain":0.0,"max_hp_loss":0.0,"gold_gain":0.0,"event_name":"FaceTrader","player_choice":"Trade","floor":75.0,"gold_loss":0.0,"damage_taken":0.0,"relics_obtained":["FaceOfCleric"]},{"damage_healed":0.0,"max_hp_gain":0.0,"max_hp_loss":0.0,"gold_gain":0.0,"event_name":"Ghosts","player_choice":"Ignored","floor":79.0,"gold_loss":0.0,"damage_taken":0.0},{"damage_healed":0.0,"max_hp_gain":0.0,"max_hp_loss":0.0,"gold_gain":0.0,"event_name":"The Library","player_choice":"Read","floor":81.0,"gold_loss":0.0,"damage_taken":0.0,"cards_obtained":["Anger"]},{"damage_healed":0,"gold_gain":0,"player_choice":"Ignored","damage_taken":0,"max_hp_gain":0,"max_hp_loss":0,"event_name":"Tomb of Lord Red Mask","floor":97,"gold_loss":0}],"is_beta":false,"boss_relics":[{"not_picked":["Painkiller Herb","Snecko Eye"],"picked":"Mark of Pain"},{"not_picked":["Replay:Drink Me","Velvet Choker"],"picked":"Astrolabe"},{"not_picked":["Kintsugi","ChewingGum"],"picked":"Black Star"},{"not_picked":["Sozu","ChewingGum"],"picked":"Replay:Wanted Poster"},{"not_picked":["Electric Blood","Snecko Heart"],"picked":"Coffee Dripper"}],"items_purged_floors":[],"is_endless":true,"potions_floor_spawned":[1,2,8,12,14,18,20,22,31,33,35,47,50,52,55,69,80,82,86,87,92,99],"killed_by":"Donu and Deca","ascension_level":0}}