{"host":"ged1bqtamtf4sn4x","time":1608748375,"event":{"mods":["BaseMod","Colored Map","DeckTracker","Highlight Path","Keyboard Shortcuts","Minty Spire (QoL Compilation)","Permanent Neow","Quick Restart","SuperFastMode","everything is the same but u backflip on backflip"],"gold_per_floor":[114,131,144,163,163,163,189,208,233,233,233,64,64,84,84,84,84],"floor_reached":16,"playtime":671,"items_purged":[],"score":204,"play_id":"fcdb6b2b-fb94-4deb-b0b5-d2633924f119","local_time":"20201224033255","is_ascension_mode":true,"campfire_choices":[{"data":"Armaments","floor":6,"key":"SMITH"},{"data":"Entrench","floor":10,"key":"SMITH"},{"data":"Barricade","floor":13,"key":"SMITH"},{"data":"Fiend Fire","floor":15,"key":"SMITH"}],"circlet_count":0,"master_deck":["AscendersBane","Strike_R","Strike_R","Strike_R","Defend_R","Defend_R","Defend_R","Defend_R","Bash","Pummel","Feel No Pain","Armaments+1","Shrug It Off","Fiend Fire+1","Entrench+1","Barricade+1","Seeing Red"],"relics":["Burning Blood","HornCleat","Centennial Puzzle"],"acts_visited":["Exordium"],"potions_floor_usage":[],"damage_taken":[{"damage":14.0,"enemies":"Jaw Worm","floor":1.0,"turns":6.0},{"damage":3,"enemies":"2 Louse","floor":2,"turns":3},{"damage":7,"enemies":"Small Slimes","floor":3,"turns":4},{"damage":12,"enemies":"Red Slaver","floor":4,"turns":8},{"damage":13,"enemies":"3 Sentries","floor":7,"turns":28},{"damage":16,"enemies":"Large Slime","floor":8,"turns":12},{"damage":1,"enemies":"3 Louse","floor":14,"turns":9},{"damage":55,"enemies":"Hexaghost","floor":16,"turns":21}],"seed_played":"-7233408893328970651","potions_obtained":[{"floor":1.0,"key":"Block Potion"},{"floor":7,"key":"FearPotion"}],"is_trial":false,"path_per_floor":["M","M","M","M","?","R","E","M","T","R","?","$","R","M","R","B"],"character_chosen":"IRONCLAD","items_purchased":["Barricade"],"campfire_rested":0,"item_purchase_floors":[12],"current_hp_per_floor":[60,63,62,56,56,56,49,39,39,39,39,39,39,44,44,0,0],"gold":84,"neow_bonus":"TRANSFORM_CARD","is_daily":false,"chose_seed":false,"campfire_upgraded":4,"win_rate":0.0,"timestamp":1608748375,"path_taken":["M","M","M","M","?","R","E","M","T","R","?","$","R","M","R","BOSS"],"items_purchased_type":["Card"],"build_version":"2020-12-22","purchased_purges":0,"victory":false,"max_hp_per_floor":[75,75,75,75,75,75,75,75,75,75,75,75,75,75,75,75,75],"card_choices":[{"not_picked":["Rupture","Heavy Blade"],"picked":"Feel No Pain","floor":1.0},{"not_picked":["Evolve","Intimidate"],"picked":"Armaments","floor":2},{"not_picked":["Clash","Blood for Blood"],"picked":"Shrug It Off","floor":3},{"not_picked":["Evolve","True Grit","Shockwave"],"picked":"SKIP","floor":4},{"not_picked":["Iron Wave","Burning Pact"],"picked":"Fiend Fire","floor":7},{"not_picked":["Shockwave","Havoc"],"picked":"Entrench","floor":8},{"not_picked":["Rupture","Warcry"],"picked":"Seeing Red","floor":14}],"player_experience":389529,"relics_obtained":[{"floor":7,"key":"HornCleat"},{"floor":9,"key":"Centennial Puzzle"}],"event_choices":[{"cards_removed":["Strike_R"],"damage_healed":0,"gold_gain":0,"player_choice":"Forget","damage_taken":0,"max_hp_gain":0,"max_hp_loss":0,"event_name":"Living Wall","floor":5,"gold_loss":0},{"damage_healed":0,"gold_gain":0,"player_choice":"Ignored","damage_taken":0,"max_hp_gain":0,"max_hp_loss":0,"event_name":"Liars Game","floor":11,"gold_loss":0}],"is_beta":false,"boss_relics":[],"items_purged_floors":[],"is_endless":false,"potions_floor_spawned":[1,7,8],"killed_by":"Hexaghost","ascension_level":20}}