{"host":"7gewg82ormp6yt4e","time":1608736884,"event":{"mods":["BaseMod","Block Reminder","Colored Map","Colored Powertips","DeckTracker","Highlight Path","Minty Spire (QoL Compilation)","Relic Stats","StSLib"],"gold_per_floor":[118,118,118,118,92,92,92,120,120,155,166,4,4,38,38,110,110,123,139,139,158,178,178,213,213,213,161,161,161,86,100,100,173,173,192,31,51,1,26,52,105,115,138,138,154,154,164,180,180,180,180,180,180,0,29,29],"floor_reached":57,"playtime":3555,"items_purged":["Defend_G","Defend_G"],"score":2782,"play_id":"6aa7fc19-3d9c-412c-b027-04c98e0b8b3c","local_time":"20201224002124","is_ascension_mode":true,"campfire_choices":[{"data":"Bane","floor":6.0,"key":"SMITH"},{"data":"Catalyst","floor":13.0,"key":"SMITH"},{"data":"Noxious Fumes","floor":15.0,"key":"SMITH"},{"data":"Wraith Form v2","floor":23.0,"key":"SMITH"},{"data":"Corpse Explosion","floor":25.0,"key":"SMITH"},{"floor":29.0,"key":"REST"},{"floor":32.0,"key":"REST"},{"data":"Burst","floor":44.0,"key":"SMITH"},{"floor":46.0,"key":"RECALL"},{"data":"Catalyst","floor":49.0,"key":"SMITH"},{"data":"Neutralize","floor":53,"key":"SMITH"}],"circlet_count":0,"master_deck":["AscendersBane","Strike_G+1","Strike_G+1","Defend_G","Defend_G","Defend_G","Survivor","Neutralize+1","Bane+1","Poisoned Stab","Terror","Noxious Fumes+1","Catalyst+1","Die Die Die","Wraith Form v2+1","Backflip+1","PiercingWail+1","Corpse Explosion+1","Outmaneuver","Catalyst+1","Concentrate","Adrenaline","Poisoned Stab+1","Burst+1","Footwork+1","Apotheosis","PiercingWail","Sucker Punch","Bouncing Flask"],"relics":["Ring of the Snake","NeowsBlessing","Sundial","StrikeDummy","Singing Bowl","Membership Card","Matryoshka","Runic Pyramid","Dream Catcher","Whetstone","White Beast Statue","Enchiridion","Coffee Dripper","Happy Flower","Lee\u0027s Waffle","Shovel","PreservedInsect","Incense Burner","Oddly Smooth Stone"],"acts_visited":["Exordium","TheCity","TheBeyond","TheEnding"],"potions_floor_usage":[56,56],"damage_taken":[{"damage":0.0,"enemies":"2 Louse","floor":1.0,"turns":1.0},{"damage":0.0,"enemies":"Lagavulin","floor":8.0,"turns":1.0},{"damage":0.0,"enemies":"Gremlin Nob","floor":10.0,"turns":1.0},{"damage":7.0,"enemies":"Jaw Worm","floor":11.0,"turns":3.0},{"damage":10.0,"enemies":"3 Sentries","floor":14.0,"turns":6.0},{"damage":36.0,"enemies":"Hexaghost","floor":16.0,"turns":8.0},{"damage":10.0,"enemies":"3 Byrds","floor":18.0,"turns":5.0},{"damage":14.0,"enemies":"Shell Parasite","floor":19.0,"turns":5.0},{"damage":7.0,"enemies":"Cultist and Chosen","floor":21.0,"turns":7.0},{"damage":3.0,"enemies":"Centurion and Healer","floor":22.0,"turns":6.0},{"damage":31.0,"enemies":"Slavers","floor":24.0,"turns":5.0},{"damage":6.0,"enemies":"Snake Plant","floor":31.0,"turns":4.0},{"damage":8.0,"enemies":"Automaton","floor":33.0,"turns":8.0},{"damage":2.0,"enemies":"3 Shapes","floor":35.0,"turns":3.0},{"damage":1.0,"enemies":"3 Darklings","floor":37.0,"turns":3.0},{"damage":0.0,"enemies":"Mind Bloom Boss Battle","floor":39.0,"turns":4.0},{"damage":0.0,"enemies":"Nemesis","floor":40.0,"turns":5.0},{"damage":4.0,"enemies":"2 Orb Walkers","floor":41.0,"turns":4.0},{"damage":0.0,"enemies":"Maw","floor":42.0,"turns":4.0},{"damage":3.0,"enemies":"Transient","floor":45.0,"turns":6.0},{"damage":4.0,"enemies":"Jaw Worm Horde","floor":47.0,"turns":3.0},{"damage":0.0,"enemies":"Maw","floor":48.0,"turns":4.0},{"damage":4.0,"enemies":"Time Eater","floor":50.0,"turns":3.0},{"damage":39.0,"enemies":"Awakened One","floor":51.0,"turns":13.0},{"damage":30,"enemies":"Shield and Spear","floor":55,"turns":6},{"damage":37,"enemies":"The Heart","floor":56,"turns":7}],"seed_played":"6332813279012338391","potions_obtained":[{"floor":8.0,"key":"AttackPotion"},{"floor":10.0,"key":"SteroidPotion"},{"floor":14.0,"key":"LiquidMemories"},{"floor":18.0,"key":"Swift Potion"},{"floor":22.0,"key":"AttackPotion"},{"floor":24.0,"key":"SteroidPotion"},{"floor":31.0,"key":"ColorlessPotion"},{"floor":33.0,"key":"Poison Potion"},{"floor":35.0,"key":"SpeedPotion"},{"floor":37.0,"key":"Block Potion"},{"floor":40.0,"key":"Explosive Potion"},{"floor":41.0,"key":"SteroidPotion"},{"floor":42.0,"key":"LiquidBronze"}],"is_trial":false,"path_per_floor":["M","?","?","$","$","R","?","E","T","E","M","$","R","E","R","B",null,"M","M","?","M","M","R","E","R","T","$","?","R","?","M","R","B",null,"M","$","M","$","?","E","?","M","T","R","M","R","M","M","R","B","B",null,"R","$","E","B",null],"character_chosen":"THE_SILENT","items_purchased":["Poisoned Stab","Membership Card","Outmaneuver","Happy Flower","Lee\u0027s Waffle","Apotheosis","PiercingWail","LiquidMemories","Sucker Punch"],"campfire_rested":2,"item_purchase_floors":[5,12,27,36,36,54,54,54,54],"current_hp_per_floor":[59,52,57,57,57,57,57,57,57,57,50,50,50,40,40,4,54,44,30,71,66,65,65,34,34,34,34,13,35,35,31,54,46,69,69,86,85,85,87,87,85,87,87,87,86,86,82,84,84,80,41,82,82,82,52,15],"gold":29,"neow_bonus":"THREE_ENEMY_KILL","is_daily":false,"chose_seed":false,"campfire_upgraded":8,"win_rate":0.0,"timestamp":1608736884,"path_taken":["M","?","?","?","$","R","?","E","T","E","M","$","R","E","R","BOSS","M","M","?","M","M","R","E","R","T","?","?","R","?","M","R","BOSS","M","$","M","$","?","E","?","M","T","R","M","R","M","?","R","BOSS","BOSS","R","$","E","BOSS"],"items_purchased_type":["Card","Relic","Card","Relic","Relic","Card","Card","Potion","Card"],"build_version":"2020-12-22","purchased_purges":2,"victory":true,"max_hp_per_floor":[66,66,71,71,71,71,71,71,71,71,71,71,71,71,71,71,71,71,71,71,73,75,75,75,75,75,75,75,75,75,77,77,77,77,79,86,86,86,88,88,90,92,92,92,94,94,94,96,96,96,96,96,96,96,96,96],"relic_stats":{"Dream Catcher":2,"Lee\u0027s Waffle":17,"Shovel":0,"Singing Bowl":18,"Happy Flower":[20],"counters":[26,125],"Sundial":[14],"PreservedInsect":77,"Whetstone":["Strike_G","Strike_G"],"obtain_stats":[{"Lee\u0027s Waffle":36,"NeowsBlessing":0,"Singing Bowl":10,"Happy Flower":36,"Enchiridion":28,"Oddly Smooth Stone":43,"PreservedInsect":40,"Incense Burner":41,"Whetstone":26,"White Beast Statue":26,"Dream Catcher":24,"Matryoshka":14,"Shovel":39,"Sundial":8,"Coffee Dripper":34,"Membership Card":12,"StrikeDummy":9,"Ring of the Snake":0,"Runic Pyramid":17},{"Lee\u0027s Waffle":14,"NeowsBlessing":0,"Singing Bowl":3,"Happy Flower":14,"Enchiridion":11,"Oddly Smooth Stone":19,"PreservedInsect":17,"Incense Burner":18,"Whetstone":11,"White Beast Statue":11,"Dream Catcher":11,"Matryoshka":5,"Shovel":16,"Sundial":2,"Coffee Dripper":13,"Membership Card":4,"StrikeDummy":2,"Ring of the Snake":0,"Runic Pyramid":6},{"Lee\u0027s Waffle":63,"NeowsBlessing":0,"Singing Bowl":3,"Happy Flower":63,"Enchiridion":48,"Oddly Smooth Stone":83,"PreservedInsect":75,"Incense Burner":79,"Whetstone":48,"White Beast Statue":48,"Dream Catcher":48,"Matryoshka":12,"Shovel":70,"Sundial":2,"Coffee Dripper":60,"Membership Card":6,"StrikeDummy":2,"Ring of the Snake":0,"Runic Pyramid":20}],"Ring of the Snake":[52]},"card_choices":[{"not_picked":["Underhanded Strike","PiercingWail"],"picked":"Bane","floor":1.0},{"not_picked":["Accuracy","Poisoned Stab"],"picked":"Terror","floor":8.0},{"not_picked":["Cloak And Dagger","Eviscerate"],"picked":"Noxious Fumes","floor":10.0},{"not_picked":["Flechettes","Acrobatics"],"picked":"Catalyst","floor":11.0},{"not_picked":["Phantasmal Killer","Poisoned Stab"],"picked":"Die Die Die","floor":14.0},{"not_picked":["Grand Finale","Die Die Die"],"picked":"Wraith Form v2","floor":16.0},{"not_picked":["Dodge and Roll+1","Leg Sweep"],"picked":"Backflip+1","floor":18.0},{"not_picked":["Caltrops","Setup"],"picked":"PiercingWail+1","floor":19.0},{"not_picked":["Well Laid Plans","Terror","Dagger Spray+1"],"picked":"Singing Bowl","floor":21.0},{"not_picked":["Deflect","Bane+1","Escape Plan"],"picked":"Singing Bowl","floor":22.0},{"not_picked":["Outmaneuver","Crippling Poison"],"picked":"Corpse Explosion","floor":24.0},{"not_picked":["Dagger Throw","Slice"],"picked":"Catalyst","floor":29.0},{"not_picked":["Deflect","Cloak And Dagger+1","Sucker Punch"],"picked":"Singing Bowl","floor":31.0},{"not_picked":["Noxious Fumes","Well Laid Plans+1"],"picked":"Concentrate","floor":32.0},{"not_picked":["Tools of the Trade","Unload"],"picked":"Adrenaline","floor":33.0},{"not_picked":["Dodge and Roll","Choke+1","Outmaneuver"],"picked":"Singing Bowl","floor":35.0},{"not_picked":["Eviscerate","Quick Slash+1"],"picked":"Poisoned Stab+1","floor":37.0},{"not_picked":["Noxious Fumes","Endless Agony+1","Dodge and Roll"],"picked":"Singing Bowl","floor":39.0},{"not_picked":["Cloak And Dagger+1","Terror+1"],"picked":"Burst","floor":40.0},{"not_picked":["Blade Dance+1","Cloak And Dagger","Prepared"],"picked":"Singing Bowl","floor":41.0},{"not_picked":["Flying Knee","Bane+1","Acrobatics"],"picked":"Singing Bowl","floor":42.0},{"not_picked":["Expertise+1","Underhanded Strike+1","Cloak And Dagger"],"picked":"Singing Bowl","floor":45.0},{"not_picked":["Prepared+1","Backstab+1"],"picked":"Footwork+1","floor":47.0},{"not_picked":["Backstab","Bane+1","Eviscerate"],"picked":"Singing Bowl","floor":48.0},{"not_picked":["Heel Hook","Terror"],"picked":"Bouncing Flask","floor":55}],"player_experience":2426634,"relics_obtained":[{"floor":8.0,"key":"Sundial"},{"floor":9.0,"key":"StrikeDummy"},{"floor":10.0,"key":"Singing Bowl"},{"floor":14.0,"key":"Matryoshka"},{"floor":24.0,"key":"Dream Catcher"},{"floor":26.0,"key":"Whetstone"},{"floor":26.0,"key":"White Beast Statue"},{"floor":28.0,"key":"Enchiridion"},{"floor":39.0,"key":"Shovel"},{"floor":40.0,"key":"PreservedInsect"},{"floor":41.0,"key":"Incense Burner"},{"floor":43.0,"key":"Oddly Smooth Stone"}],"event_choices":[{"cards_removed":["Strike_G"],"damage_healed":0.0,"max_hp_gain":0.0,"max_hp_loss":0.0,"gold_gain":0.0,"event_name":"Golden Wing","player_choice":"Card Removal","floor":2.0,"gold_loss":0.0,"damage_taken":7.0},{"damage_healed":0.0,"max_hp_gain":5.0,"max_hp_loss":0.0,"gold_gain":0.0,"event_name":"Big Fish","player_choice":"Donut","floor":3.0,"gold_loss":0.0,"damage_taken":0.0},{"damage_healed":0.0,"max_hp_gain":0.0,"max_hp_loss":0.0,"gold_gain":0.0,"cards_transformed":["Strike_G"],"event_name":"Living Wall","player_choice":"Change","floor":7.0,"gold_loss":0.0,"damage_taken":0.0,"cards_obtained":["Choke"]},{"cards_removed":["Choke"],"damage_healed":41.0,"max_hp_gain":0.0,"max_hp_loss":0.0,"gold_gain":0.0,"event_name":"Bonfire Elementals","player_choice":"Offered Uncommon","floor":20.0,"gold_loss":0.0,"damage_taken":0.0},{"damage_healed":0.0,"max_hp_gain":0.0,"max_hp_loss":0.0,"gold_gain":0.0,"event_name":"Cursed Tome","player_choice":"Obtained Book","floor":28.0,"gold_loss":0.0,"damage_taken":21.0},{"cards_removed":["Strike_G"],"damage_healed":0.0,"max_hp_gain":0.0,"max_hp_loss":0.0,"gold_gain":0.0,"event_name":"Beggar","player_choice":"Gave Gold","floor":30.0,"gold_loss":75.0,"damage_taken":0.0},{"damage_healed":0.0,"max_hp_gain":0.0,"max_hp_loss":0.0,"gold_gain":0.0,"event_name":"MindBloom","player_choice":"Fight","floor":39.0,"gold_loss":0.0,"damage_taken":0.0},{"damage_healed":0.0,"max_hp_gain":0.0,"max_hp_loss":0.0,"gold_gain":0.0,"event_name":"Mysterious Sphere","player_choice":"Fight","floor":41.0,"gold_loss":0.0,"damage_taken":0.0}],"is_beta":false,"boss_relics":[{"not_picked":["Velvet Choker","Black Star"],"picked":"Runic Pyramid"},{"not_picked":["Snecko Eye","Philosopher\u0027s Stone"],"picked":"Coffee Dripper"}],"items_purged_floors":[27,38],"is_endless":false,"potions_floor_spawned":[8,10,14,18,22,24,31,33,35,37,39,40,41,42,45,47,48,55],"ascension_level":20}}