{"host":"5bdt6s51dmpd4l3v","time":1608721043,"event":{"mods":["AchievementEnabler","BaseMod","Colored Map","Colored Powertips","Highlight Path","Minty Spire (QoL Compilation)","Quick Restart","Rare Cards Sparkle","StSLib"],"gold_per_floor":[114,19,19,32,42,42,58,58,112,112,32,32,65,30,30,104,104,117,117,131,142,142,142,152,3,48,63,63,79,94,123,123,123,123],"floor_reached":33,"playtime":653,"items_purged":[],"score":467,"play_id":"7ee0fe42-c879-4cd6-ae7a-ff1f6182fb81","local_time":"20201223185723","is_ascension_mode":true,"campfire_choices":[{"data":"Sword Boomerang","floor":6,"key":"SMITH"},{"data":"Combust","floor":8,"key":"SMITH"},{"data":"Hemokinesis","floor":10,"key":"SMITH"},{"data":"Whirlwind","floor":12,"key":"SMITH"},{"data":"Offering","floor":15,"key":"SMITH"},{"data":"Double Tap","floor":23,"key":"SMITH"},{"floor":28,"key":"REST"},{"floor":32,"key":"REST"}],"circlet_count":0,"master_deck":["AscendersBane","Strike_R","Strike_R","Strike_R","Strike_R","Strike_R","Defend_R","Defend_R","Defend_R","Defend_R","Bash","Clash","Combust+1","Sword Boomerang+1","Hemokinesis+1","Whirlwind+1","Offering+1","Double Tap+1","Heavy Blade","Pummel","Seeing Red"],"relics":["Burning Blood","NeowsBlessing","Bag of Preparation","Pen Nib","Philosopher\u0027s Stone","MutagenicStrength","Shuriken","Tiny Chest","Orichalcum","FossilizedHelix"],"acts_visited":["Exordium","TheCity"],"potions_floor_usage":[13,16,20,21,29,30,31],"damage_taken":[{"damage":0.0,"enemies":"Jaw Worm","floor":1.0,"turns":1.0},{"damage":0,"enemies":"Cultist","floor":4,"turns":1},{"damage":0,"enemies":"Small Slimes","floor":5,"turns":1},{"damage":20,"enemies":"Exordium Wildlife","floor":7,"turns":4},{"damage":21,"enemies":"3 Sentries","floor":13,"turns":4},{"damage":59,"enemies":"Hexaghost","floor":16,"turns":7},{"damage":18,"enemies":"Chosen","floor":18,"turns":3},{"damage":21,"enemies":"Shell Parasite","floor":20,"turns":2},{"damage":9,"enemies":"Centurion and Healer","floor":21,"turns":2},{"damage":10,"enemies":"Snake Plant","floor":24,"turns":1},{"damage":17,"enemies":"Snecko","floor":27,"turns":3},{"damage":9,"enemies":"Sentry and Sphere","floor":29,"turns":2},{"damage":6,"enemies":"Centurion and Healer","floor":30,"turns":1},{"damage":28,"enemies":"Book of Stabbing","floor":31,"turns":2},{"damage":62,"enemies":"Collector","floor":33,"turns":3}],"seed_played":"3399435006787044212","potions_obtained":[{"floor":7,"key":"Ancient Potion"},{"floor":13,"key":"BloodPotion"},{"floor":16,"key":"Energy Potion"},{"floor":20,"key":"Swift Potion"},{"floor":27,"key":"Fruit Juice"},{"floor":29,"key":"AttackPotion"},{"floor":30,"key":"Fire Potion"}],"is_trial":false,"path_per_floor":["M","$","?","M","M","R","M","R","T","R","$","R","E","?","R","B",null,"M","?","M","M","T","R","M","$","T","M","R","M","M","E","R","B"],"character_chosen":"IRONCLAD","items_purchased":["Combust","Sword Boomerang","Whirlwind","Tiny Chest"],"campfire_rested":2,"item_purchase_floors":[2,2,11,25],"current_hp_per_floor":[74,74,74,75,75,75,61,61,61,61,61,61,46,64,64,26,63,51,51,36,33,33,33,29,29,29,18,40,42,42,20,44,0,0],"gold":123,"neow_bonus":"THREE_ENEMY_KILL","is_daily":false,"chose_seed":false,"campfire_upgraded":6,"win_rate":0.0,"timestamp":1608721043,"path_taken":["M","$","?","?","M","R","M","R","T","R","$","R","E","?","R","BOSS","M","?","M","M","?","R","M","$","T","M","R","M","?","E","R","BOSS"],"items_purchased_type":["Card","Card","Card","Relic"],"build_version":"2020-12-22","purchased_purges":0,"victory":false,"max_hp_per_floor":[75,75,75,75,75,75,75,75,75,75,75,75,75,75,75,75,75,75,75,75,75,75,75,75,75,75,75,75,80,80,80,80,80,80],"card_choices":[{"not_picked":["Iron Wave","Anger"],"picked":"Clash","floor":1.0},{"not_picked":["Sword Boomerang","Body Slam","Sentinel"],"picked":"SKIP","floor":4},{"not_picked":["Dual Wield","Perfected Strike","Evolve"],"picked":"SKIP","floor":5},{"not_picked":["Ghostly Armor","Wild Strike","Searing Blow"],"picked":"SKIP","floor":7},{"not_picked":["Havoc","Power Through"],"picked":"Offering","floor":13},{"not_picked":["Juggernaut","Barricade"],"picked":"Double Tap","floor":16},{"not_picked":["Power Through","Pommel Strike"],"picked":"Heavy Blade","floor":18},{"not_picked":["Flame Barrier","Burning Pact","Pommel Strike"],"picked":"SKIP","floor":20},{"not_picked":["Flame Barrier","Inflame"],"picked":"Pummel","floor":21},{"not_picked":["Headbutt","Warcry","Power Through"],"picked":"SKIP","floor":24},{"not_picked":["Iron Wave","Headbutt","Infernal Blade"],"picked":"SKIP","floor":27},{"not_picked":["Heavy Blade","Cleave","Anger"],"picked":"SKIP","floor":29},{"not_picked":["Havoc+1","Cleave"],"picked":"Seeing Red","floor":30},{"not_picked":["Iron Wave","Rage","Sever Soul"],"picked":"SKIP","floor":31}],"player_experience":207711,"relics_obtained":[{"floor":9,"key":"Bag of Preparation"},{"floor":13,"key":"Pen Nib"},{"floor":22,"key":"Shuriken"},{"floor":26,"key":"Orichalcum"},{"floor":31,"key":"FossilizedHelix"}],"event_choices":[{"damage_healed":0,"gold_gain":0,"player_choice":"1 cards matched","damage_taken":0,"max_hp_gain":0,"max_hp_loss":0,"event_name":"Match and Keep!","floor":3,"gold_loss":0,"cards_obtained":["Hemokinesis"]},{"damage_healed":18,"gold_gain":0,"player_choice":"Healed","damage_taken":0,"max_hp_gain":0,"max_hp_loss":0,"event_name":"The Cleric","floor":14,"gold_loss":35},{"damage_healed":0,"gold_gain":0,"player_choice":"Inject Mutagens","damage_taken":0,"relics_obtained":["MutagenicStrength"],"max_hp_gain":0,"max_hp_loss":0,"event_name":"Drug Dealer","floor":19,"gold_loss":0}],"is_beta":false,"boss_relics":[{"not_picked":["SlaversCollar","Snecko Eye"],"picked":"Philosopher\u0027s Stone"}],"items_purged_floors":[],"is_endless":false,"potions_floor_spawned":[7,13,16,20,27,29,30],"killed_by":"Collector","ascension_level":15}}