{"host":"wh4j7ne8ji3b7qqv","time":1608740555,"event":{"mods":["AchievementEnabler","BaseMod","Colored Map","Downfall","Minty Spire (QoL Compilation)","StSLib"],"gold_per_floor":[117,192,203,27,47,47,58,120,170,170,186,186,186,200,200,296,296,314,314,66,78,91,419,53,152,152,152,67,100,120,139,139,241,241,257,107,124,137,157,157,13,40,40,40,90,104,104,123,123,123],"floor_reached":51,"playtime":2846,"items_purged":["Strike_B","Defend_B","All For One","Defend_B"],"score":784,"play_id":"f4a6b522-5ac5-495c-9cef-5a5e5ef83fbb","local_time":"20201223172235","is_ascension_mode":false,"campfire_choices":[{"data":"Defragment","floor":6.0,"key":"SMITH"},{"data":"Loop","floor":10.0,"key":"SMITH"},{"floor":15.0,"key":"REST"},{"floor":27.0,"key":"REST"},{"floor":32.0,"key":"REST"},{"floor":40.0,"key":"REST"},{"floor":49,"key":"REST"}],"circlet_count":0,"master_deck":["Strike_B","Defend_B","Dualcast","Ball Lightning","Cold Snap","Defragment+1","Cold Snap","Stack","Loop+1","Melter","Stack","Buffer+1","Leap","Reboot","Defragment+1","Beam Cell+1","Defragment","Glacier","Sunder+1","Creative AI","Multi-Cast","Ball Lightning","Doom and Gloom","Blizzard+1"],"relics":["SlaversCollar","Potion Belt","Vajra","Fusion Hammer","DollysMirror","Old Coin","Pear","WingedGreaves","Sundial","Bronze Scales","Runic Pyramid","Lantern","Bird Faced Urn","Bottled Tornado","Calipers"],"acts_visited":["TheBeyond"],"potions_floor_usage":[46,50,50,50,50,50,50,50],"damage_taken":[{"damage":1.0,"enemies":"Cultist","floor":1.0,"turns":4.0},{"damage":6.0,"enemies":"Jaw Worm","floor":3.0,"turns":4.0},{"damage":4.0,"enemies":"Small Slimes","floor":5.0,"turns":4.0},{"damage":7.0,"enemies":"3 Louse","floor":7.0,"turns":3.0},{"damage":1.0,"enemies":"3 Sentries","floor":8.0,"turns":6.0},{"damage":1.0,"enemies":"Large Slime","floor":11.0,"turns":4.0},{"damage":11.0,"enemies":"Looter","floor":14.0,"turns":3.0},{"damage":10.0,"enemies":"The Guardian","floor":16.0,"turns":8.0},{"damage":0.0,"enemies":"Chosen","floor":18.0,"turns":5.0},{"damage":0.0,"enemies":"Shell Parasite","floor":21.0,"turns":4.0},{"damage":13.0,"enemies":"Shelled Parasite and Fungi","floor":22.0,"turns":6.0},{"damage":17.0,"enemies":"Slavers","floor":23.0,"turns":7.0},{"damage":0.0,"enemies":"Book of Stabbing","floor":29.0,"turns":6.0},{"damage":0.0,"enemies":"Cultist and Chosen","floor":30.0,"turns":7.0},{"damage":2.0,"enemies":"Centurion and Healer","floor":31.0,"turns":8.0},{"damage":12.0,"enemies":"Champ","floor":33.0,"turns":10.0},{"damage":13.0,"enemies":"Orb Walker","floor":35.0,"turns":3.0},{"damage":10.0,"enemies":"3 Shapes","floor":37.0,"turns":6.0},{"damage":12.0,"enemies":"Spire Growth","floor":38.0,"turns":6.0},{"damage":1.0,"enemies":"Sphere and 2 Shapes","floor":39.0,"turns":5.0},{"damage":0.0,"enemies":"Giant Head","floor":42.0,"turns":9.0},{"damage":0,"enemies":"Mind Bloom Boss Battle","floor":45,"turns":5},{"damage":15,"enemies":"Transient","floor":46,"turns":5},{"damage":16,"enemies":"Maw","floor":48,"turns":7},{"damage":65,"enemies":"Awakened One","floor":50,"turns":11}],"seed_played":"8459247123249472765","potions_obtained":[{"floor":5.0,"key":"PotionOfCapacity"},{"floor":8.0,"key":"Strength Potion"},{"floor":18.0,"key":"FearPotion"},{"floor":22.0,"key":"PotionOfCapacity"},{"floor":23.0,"key":"EntropicBrew"},{"floor":30.0,"key":"GamblersBrew"},{"floor":33.0,"key":"Dexterity Potion"},{"floor":35.0,"key":"Fire Potion"},{"floor":46,"key":"FairyPotion"},{"floor":48,"key":"ColorlessPotion"}],"is_trial":false,"path_per_floor":["M","?","M","$","M","R","M","?","T","R","M","?","?","M","R","B",null,"M","?","$","M","M","E","$","?","T","R","?","E","M","M","R","B",null,"M","$","M","M","M","R","$","E","T","?","?","M","?","M","R","B",null],"character_chosen":"DEFECT","items_purchased":["Defragment","Cold Snap","DollysMirror","Pear","Lantern"],"campfire_rested":5,"item_purchase_floors":[4,4,20,24,41],"current_hp_per_floor":[74,63,57,57,53,53,46,45,45,45,44,49,42,31,55,45,80,80,80,80,80,67,50,60,60,60,87,87,87,87,85,90,78,90,77,77,67,55,54,81,81,81,81,81,90,81,81,79,90,35],"gold":123,"neow_bonus":"BOSS_RELIC","is_daily":false,"chose_seed":false,"campfire_upgraded":2,"win_rate":0.0,"timestamp":1608740555,"path_taken":["M","?","M","$","M","R","M","?","T","R","M","?","?","M","R","BOSS","M","?","$","M","M","E","$","?","T","R","?","E","M","M","R","BOSS","M","$","M","M","M","R","$","E","T","?","?","?","?","M","R","BOSS"],"items_purchased_type":["Card","Card","Relic","Relic","Relic"],"build_version":"2020-12-22","purchased_purges":4,"victory":true,"max_hp_per_floor":[75,75,75,75,75,75,75,75,75,75,75,80,80,80,80,80,80,80,80,80,80,80,80,90,90,90,90,90,90,90,90,90,90,90,90,90,90,90,90,90,90,90,90,90,90,90,90,90,90,90],"card_choices":[{"not_picked":["Barrage","Streamline"],"picked":"Ball Lightning","floor":1.0},{"not_picked":["Coolheaded","Steam"],"picked":"Cold Snap","floor":3.0},{"not_picked":["Gash","Force Field","Rebound"],"picked":"SKIP","floor":5.0},{"not_picked":["Gash","Force Field","Rebound"],"picked":"SKIP","floor":5.0},{"not_picked":["Doom and Gloom","Beam Cell"],"picked":"Stack","floor":7.0},{"not_picked":["Capacitor","Undo"],"picked":"Loop","floor":8.0},{"not_picked":["Tempest","Hello World"],"picked":"Melter","floor":11.0},{"not_picked":["Rebound","Auto Shields"],"picked":"Stack","floor":14.0},{"not_picked":["Amplify","Biased Cognition"],"picked":"Buffer","floor":16.0},{"not_picked":["Ball Lightning+1","Reprogram"],"picked":"Leap","floor":18.0},{"not_picked":["FTL","Steam Power"],"picked":"Beam Cell+1","floor":21.0},{"not_picked":["Compile Driver","Redo"],"picked":"Defragment","floor":22.0},{"not_picked":["Reinforced Body","Beam Cell"],"picked":"Glacier","floor":23.0},{"not_picked":["Force Field","Coolheaded"],"picked":"Sunder+1","floor":29.0},{"not_picked":["Coolheaded","Hologram","Darkness"],"picked":"SKIP","floor":30.0},{"not_picked":["Sweeping Beam","Leap"],"picked":"Creative AI","floor":31.0},{"not_picked":["Meteor Strike","Echo Form"],"picked":"Multi-Cast","floor":33.0},{"not_picked":["Cold Snap","Conserve Battery+1","Capacitor+1"],"picked":"SKIP","floor":35.0},{"not_picked":["Force Field","Genetic Algorithm","Beam Cell+1"],"picked":"SKIP","floor":37.0},{"not_picked":["Go for the Eyes","Turbo+1"],"picked":"Ball Lightning","floor":38.0},{"not_picked":["All For One","Steam"],"picked":"Doom and Gloom","floor":39.0},{"not_picked":["Cold Snap+1","Go for the Eyes"],"picked":"Blizzard+1","floor":42.0},{"not_picked":["Gash","Stack","Double Energy"],"picked":"SKIP","floor":46},{"not_picked":["White Noise","Sunder","Sweeping Beam+1"],"picked":"SKIP","floor":48}],"player_experience":34281,"relics_obtained":[{"floor":8.0,"key":"Potion Belt"},{"floor":9.0,"key":"Vajra"},{"floor":23.0,"key":"Old Coin"},{"floor":26.0,"key":"WingedGreaves"},{"floor":29.0,"key":"Bronze Scales"},{"floor":42.0,"key":"Bird Faced Urn"},{"floor":43.0,"key":"Bottled Tornado"},{"floor":45,"key":"Calipers"}],"event_choices":[{"damage_healed":0.0,"max_hp_gain":0.0,"max_hp_loss":0.0,"gold_gain":75.0,"event_name":"World of Goop","player_choice":"Gather Gold","floor":2.0,"gold_loss":0.0,"damage_taken":11.0},{"damage_healed":0.0,"max_hp_gain":0.0,"max_hp_loss":0.0,"gold_gain":0.0,"event_name":"Dead Adventurer","player_choice":"Searched \u00271\u0027 times","floor":8.0,"gold_loss":0.0,"damage_taken":0.0},{"damage_healed":0.0,"max_hp_gain":5.0,"max_hp_loss":0.0,"gold_gain":0.0,"event_name":"Big Fish","player_choice":"Donut","floor":12.0,"gold_loss":0.0,"damage_taken":0.0},{"cards_removed":["Strike_B"],"damage_healed":0.0,"max_hp_gain":0.0,"max_hp_loss":0.0,"gold_gain":0.0,"event_name":"Golden Wing","player_choice":"Card Removal","floor":13.0,"gold_loss":0.0,"damage_taken":7.0},{"damage_healed":0.0,"max_hp_gain":0.0,"max_hp_loss":0.0,"gold_gain":0.0,"cards_transformed":["Strike_B","Defend_B"],"event_name":"Drug Dealer","player_choice":"Became Test Subject","floor":19.0,"gold_loss":0.0,"damage_taken":0.0,"cards_obtained":["All For One","Reboot"]},{"damage_healed":0.0,"max_hp_gain":0.0,"max_hp_loss":0.0,"gold_gain":99.0,"event_name":"Nest","player_choice":"Stole From Cult","floor":25.0,"gold_loss":0.0,"damage_taken":0.0},{"damage_healed":0.0,"max_hp_gain":0.0,"max_hp_loss":0.0,"gold_gain":0.0,"event_name":"Addict","player_choice":"Obtained Relic","floor":28.0,"gold_loss":85.0,"damage_taken":0.0,"relics_obtained":["Sundial"]},{"cards_removed":["Zap"],"damage_healed":0.0,"max_hp_gain":0.0,"max_hp_loss":0.0,"gold_gain":0.0,"event_name":"Falling","player_choice":"Removed Skill","floor":44.0,"gold_loss":0.0,"damage_taken":0.0},{"damage_healed":0,"gold_gain":0,"player_choice":"Fight","damage_taken":0,"max_hp_gain":0,"max_hp_loss":0,"event_name":"MindBloom","floor":45,"gold_loss":0},{"damage_healed":0,"gold_gain":0,"player_choice":"Upgraded","damage_taken":0,"max_hp_gain":0,"max_hp_loss":0,"event_name":"Upgrade Shrine","floor":47,"gold_loss":0,"cards_upgraded":["Buffer"]}],"is_beta":false,"boss_relics":[{"not_picked":["Coffee Dripper","Runic Dome"],"picked":"Fusion Hammer"},{"not_picked":["Velvet Choker","Black Star"],"picked":"Runic Pyramid"}],"items_purged_floors":[4,20,24,36],"is_endless":false,"potions_floor_spawned":[5,8,18,22,23,30,33,35,38,46,48],"ascension_level":0}}