{"host":"a271difpu8igxb07","time":1608747448,"event":{"mods":["AchievementEnabler","Act Like it!","Ascension Reborn","BaseMod","Better Note","Colored Map","Energized Spire","Hubris","Infinite Spire","Minty Spire (QoL Compilation)","Quick Restart","Replay The Spire","StSLib","vexMod"],"gold_per_floor":[109,124,84,97,113,145,145,171,195,222,222,249,249,281,281,383,383,402,199,218,93,93,93,120,120,201,291,307,307,307,317,317,317,317,317,317],"floor_reached":35,"playtime":1848,"items_purged":[],"score":411,"play_id":"3143437b-2d0b-4710-bc88-8dd8ea98d7f1","local_time":"20201224011728","daily_mods":["Chimera","Allstar","Heirloom","DeadlyEvents","Binary","Elite Swarm","Lethality","Terminal"],"is_ascension_mode":false,"campfire_choices":[{"data":"Jack Of All Trades","floor":7.0,"key":"SMITH"},{"data":"Barricade","floor":11.0,"key":"SMITH"},{"data":"Apotheosis","floor":13.0,"key":"SMITH"},{"data":"Heavy Blade","floor":15.0,"key":"SMITH"},{"data":"infinitespire:OneForAll","floor":23.0,"key":"SMITH"},{"data":"Metallicize","floor":25,"key":"SMITH"},{"floor":32,"key":"REST"},{"data":"infinitespire:Starlight","floor":34,"key":"SMITH"}],"circlet_count":0,"master_deck":["Bash","Survivor","Zap","Eruption","Strike_R","Strike_G","Strike_B","Defend_R","Defend_G","Defend_P","Deep Breath","Jack Of All Trades+1","Apotheosis+1","Flash of Steel","Flash of Steel","Fire Breathing","Clothesline","Shrug It Off","Heavy Blade+1","Demonic Infusion","Berserk","Barricade+1","Bludgeon","Immolate","Eclipse","Hallucinations","Hallucinations","Clumsy","Havoc+1","Metallicize+1","infinitespire:OneForAll+1","Rage+1","Inflame","hubris:Sloth","Double Tap","Heavy Blade","Spot Weakness","infinitespire:Starlight+1"],"relics":["Burning Blood","Magic Flower","Pear","Mirror","Nunchaku","vexMod:InvisibilityCloak","ReplayTheSpireMod:Lightbulb","Peace Pipe","Replay:Ancient Bell","Strawberry","infinitespire:WardingShard","hubris:GlazedTorus","Membership Card","ReplayTheSpireMod:CursedCoin","Counterbalance","vexMod:FocusSash","Blue Doll","infinitespire:BottledMercury","Bottled Flame"],"acts_visited":["Exordium","TheCity"],"potions_floor_usage":[24,24],"damage_taken":[{"damage":0.0,"enemies":"Jaw Worm","floor":1.0,"turns":3.0},{"damage":6.0,"enemies":"infinitespire:Voidling","floor":2.0,"turns":2.0},{"damage":0.0,"enemies":"2 Louse","floor":4.0,"turns":2.0},{"damage":4.0,"enemies":"Looter","floor":5.0,"turns":2.0},{"damage":19.0,"enemies":"Replay:BlueRogue","floor":6.0,"turns":3.0},{"damage":25.0,"enemies":"3 Sentries","floor":8.0,"turns":5.0},{"damage":0.0,"enemies":"Replay:BlueRogue","floor":10.0,"turns":5.0},{"damage":0.0,"enemies":"Lagavulin","floor":12.0,"turns":7.0},{"damage":14.0,"enemies":"3 Sentries","floor":14.0,"turns":5.0},{"damage":11.0,"enemies":"Fading Forest","floor":16.0,"turns":11.0},{"damage":12.0,"enemies":"2 Thieves","floor":18.0,"turns":3.0},{"damage":36.0,"enemies":"Spheric Guardian","floor":20.0,"turns":4.0},{"damage":29,"enemies":"Gremlin Leader","floor":24,"turns":6},{"damage":0,"enemies":"Snake Plant","floor":28,"turns":3},{"damage":26,"enemies":"3 Cultists","floor":31,"turns":5},{"damage":50,"enemies":"Pondfish","floor":35,"turns":3}],"seed_played":"6543759371992924888","potions_obtained":[{"floor":3.0,"key":"Swift Potion"},{"floor":3.0,"key":"HeartOfIron"},{"floor":3.0,"key":"ColorlessPotion"},{"floor":5.0,"key":"BloodPotion"},{"floor":6.0,"key":"Fire Potion"},{"floor":12.0,"key":"HeartOfIron"},{"floor":16.0,"key":"FearPotion"},{"floor":20.0,"key":"Block Potion"}],"is_trial":true,"path_per_floor":["M","M","?","M","M","E","R","E","T","E","R","E","R","E","R","B",null,"M","$","M","$","?","R","E","R","T","?","M","PTL","PTL","M","R","AVR","R","B"],"character_chosen":"IRONCLAD","items_purchased":["Membership Card","Metallicize","infinitespire:OneForAll","ReplayTheSpireMod:CursedCoin","Inflame","Counterbalance","vexMod:FocusSash"],"campfire_rested":1,"item_purchase_floors":[19,19,19,21,21,21,21],"current_hp_per_floor":[78,77,76,75,74,74,74,58,58,67,67,76,76,71,71,73,79,76,76,49,49,49,49,50,50,50,38,47,47,47,30,49,49,49,0,0],"gold":317,"neow_bonus":"","is_daily":false,"chose_seed":false,"campfire_upgraded":7,"win_rate":0.0,"timestamp":1608747448,"path_taken":["M","M","?","M","?","E","R","E","T","E","R","E","R","E","R","BOSS","M","$","M","$","?","R","E","R","T","?","M","PTL","PTL","M","R","AVR","R","BOSS"],"items_purchased_type":["Relic","Card","Card","Relic","Card","Relic","Relic"],"build_version":"2020-12-22","purchased_purges":0,"victory":false,"max_hp_per_floor":[78,77,76,75,74,83,82,81,80,79,78,77,76,75,74,73,79,78,77,76,75,74,73,72,71,70,69,68,67,66,65,64,63,62,62,62],"card_choices":[{"not_picked":["ReplayTheSpireMod:Strike From Hell"],"picked":"Fire Breathing","floor":1.0},{"not_picked":["Flex"],"picked":"Clothesline","floor":2.0},{"not_picked":["Havoc"],"picked":"Shrug It Off","floor":4.0},{"not_picked":["hubris:ReadiedAction"],"picked":"Heavy Blade","floor":5.0},{"not_picked":["Corruption"],"picked":"Demonic Infusion","floor":6.0},{"not_picked":["Demonic Infusion"],"picked":"Berserk","floor":8.0},{"not_picked":["Exhume"],"picked":"Barricade","floor":10.0},{"not_picked":["Replay:Many Hands"],"picked":"Bludgeon","floor":12.0},{"not_picked":["Barricade"],"picked":"Immolate","floor":14.0},{"not_picked":["Fiend Fire"],"picked":"Eclipse","floor":16.0},{"not_picked":["Delirium"],"picked":"Hallucinations","floor":17.0},{"not_picked":["Doubt"],"picked":"Hallucinations","floor":17.0},{"not_picked":["Pain"],"picked":"Clumsy","floor":17.0},{"not_picked":["Feel No Pain"],"picked":"Havoc+1","floor":18.0},{"not_picked":["Perfected Strike+1"],"picked":"Rage+1","floor":20.0},{"not_picked":["Bludgeon"],"picked":"Double Tap","floor":24},{"not_picked":["Body Slam+1"],"picked":"Heavy Blade","floor":28},{"not_picked":["Pummel"],"picked":"Spot Weakness","floor":31}],"player_experience":78253,"relics_obtained":[{"floor":6.0,"key":"Pear"},{"floor":8.0,"key":"Mirror"},{"floor":9.0,"key":"Nunchaku"},{"floor":10.0,"key":"vexMod:InvisibilityCloak"},{"floor":12.0,"key":"ReplayTheSpireMod:Lightbulb"},{"floor":14.0,"key":"Peace Pipe"},{"floor":24,"key":"Blue Doll"},{"floor":26,"key":"infinitespire:BottledMercury"}],"event_choices":[{"damage_healed":0.0,"max_hp_gain":0.0,"max_hp_loss":0.0,"gold_gain":0.0,"event_name":"The Woman in Blue","player_choice":"Bought 3 Potions","floor":3.0,"gold_loss":0.0,"damage_taken":0.0},{"damage_healed":0.0,"max_hp_gain":0.0,"max_hp_loss":0.0,"gold_gain":0.0,"cards_transformed":["Spreading Infection"],"event_name":"Transmorgrifier","player_choice":"Transformed","floor":22.0,"gold_loss":0.0,"damage_taken":0.0,"cards_obtained":["hubris:Sloth"]},{"damage_healed":0,"gold_gain":90,"player_choice":"GOLD ","damage_taken":12,"max_hp_gain":0,"max_hp_loss":0,"event_name":"Knowing Skull","floor":27,"potions_obtained":[],"gold_loss":0,"cards_obtained":[]}],"is_beta":false,"boss_relics":[{"not_picked":["ReplayTheSpireMod:SealedPack","Philosopher\u0027s Stone"],"picked":"Replay:Ancient Bell"},{"not_picked":["Centennial Puzzle","infinitespire:Beetle Shell"],"picked":"Strawberry"},{"not_picked":["Golden Egg","infinitespire:Bottled Soul"],"picked":"infinitespire:WardingShard"},{"not_picked":["Ginger","StoneCalendar"],"picked":"hubris:GlazedTorus"}],"items_purged_floors":[],"is_endless":false,"potions_floor_spawned":[5,6,12,16,20],"killed_by":"Pondfish","ascension_level":0}}