{"host":"30jsp143e4v19aze","time":1608685714,"event":{"mods":["BaseMod","Colored Map","Colored Powertips","Curses Come First","DeckTracker","Highlight Path","Minty Spire (QoL Compilation)","Quick Restart","Relic Stats","StSLib"],"gold_per_floor":[115,115,115,115,140,140,176,176,176,214,238,297,320,320,320,445,445,461,1,16,65,65,65,78,78,101,101,114,152,168,191,191,321,321,337,337,7,21,45,76,76,110,136,159,178,201,534,566,566,566,566,566,15,48,48],"floor_reached":56,"playtime":3522,"items_purged":["Parasite","Strike_B"],"score":1362,"play_id":"5257f2cd-f238-44a3-85d6-f287b3e94ba6","local_time":"20201223020834","is_ascension_mode":true,"campfire_choices":[{"data":"Dualcast","floor":6,"key":"SMITH"},{"floor":8,"key":"REST"},{"data":"Doom and Gloom","floor":15,"key":"SMITH"},{"data":"Biased Cognition","floor":23,"key":"SMITH"},{"floor":27,"key":"REST"},{"floor":32,"key":"REST"},{"floor":41,"key":"REST"},{"floor":49,"key":"RECALL"},{"data":"Panacea","floor":52,"key":"SMITH"}],"circlet_count":0,"master_deck":["Defend_B","Defend_B","Defend_B","Defend_B","Zap","Dualcast+1","Conserve Battery","Capacitor","Doom and Gloom+1","Tempest","Cold Snap","Biased Cognition+1","Static Discharge+1","Biased Cognition+1","Buffer+1","White Noise","Recycle+1","Multi-Cast","Recycle","Panacea+1","Heatsinks+1","Turbo+1","Turbo","Seek","Defragment+1","Chaos+1"],"relics":["Velvet Choker","Oddly Smooth Stone","Tiny Chest","Potion Belt","Runic Pyramid","Frozen Egg 2","Art of War","Enchiridion","Dream Catcher","Bronze Scales","Lantern","SacredBark","Membership Card","Nunchaku","CaptainsWheel","The Courier","Sundial","Pantograph","Toy Ornithopter","Torii","TungstenRod","Bag of Preparation"],"acts_visited":["Exordium","TheCity","TheBeyond","TheEnding"],"potions_floor_usage":[10,13,29,35,42,42,44,46,48,50,50,55],"damage_taken":[{"damage":2,"enemies":"Jaw Worm","floor":1,"turns":4},{"damage":0,"enemies":"2 Louse","floor":5,"turns":3},{"damage":44,"enemies":"3 Sentries","floor":7,"turns":11},{"damage":28,"enemies":"Gremlin Nob","floor":10,"turns":5},{"damage":0,"enemies":"Small Slimes","floor":11,"turns":3},{"damage":0,"enemies":"Exordium Thugs","floor":13,"turns":3},{"damage":19,"enemies":"Slime Boss","floor":16,"turns":9},{"damage":20,"enemies":"Spheric Guardian","floor":18,"turns":4},{"damage":5,"enemies":"3 Byrds","floor":20,"turns":1},{"damage":6,"enemies":"Snecko","floor":24,"turns":4},{"damage":4,"enemies":"Cultist and Chosen","floor":28,"turns":4},{"damage":15,"enemies":"Gremlin Leader","floor":29,"turns":5},{"damage":0,"enemies":"Chosen and Byrds","floor":30,"turns":5},{"damage":25,"enemies":"Collector","floor":33,"turns":7},{"damage":21,"enemies":"3 Darklings","floor":35,"turns":3},{"damage":4,"enemies":"Orb Walker","floor":38,"turns":4},{"damage":13,"enemies":"Writhing Mass","floor":39,"turns":3},{"damage":0,"enemies":"Giant Head","floor":40,"turns":5},{"damage":22,"enemies":"Nemesis","floor":42,"turns":5},{"damage":0,"enemies":"Spire Growth","floor":44,"turns":4},{"damage":3,"enemies":"Jaw Worm Horde","floor":45,"turns":3},{"damage":0,"enemies":"Transient","floor":46,"turns":5},{"damage":49,"enemies":"Reptomancer","floor":48,"turns":5},{"damage":22,"enemies":"Time Eater","floor":50,"turns":7},{"damage":27,"enemies":"Shield and Spear","floor":54,"turns":4},{"damage":36,"enemies":"The Heart","floor":55,"turns":10}],"seed_played":"2456982330524156771","potions_obtained":[{"floor":1,"key":"Regen Potion"},{"floor":5,"key":"CultistPotion"},{"floor":10,"key":"Block Potion"},{"floor":20,"key":"EssenceOfSteel"},{"floor":28,"key":"Energy Potion"},{"floor":30,"key":"SneckoOil"},{"floor":35,"key":"DistilledChaos"},{"floor":42,"key":"SpeedPotion"},{"floor":44,"key":"EssenceOfSteel"},{"floor":46,"key":"FocusPotion"},{"floor":48,"key":"AttackPotion"}],"is_trial":false,"path_per_floor":["M","?","?","?","M","R","E","R","T","E","M","?","M","?","R","B",null,"M","$","M","T","?","R","M","?","T","R","M","E","M","T","R","B",null,"M","?","$","M","M","E","R","E","T","M","M","M","?","E","R","B",null,"R","$","E","B",null],"character_chosen":"DEFECT","items_purchased":["Frozen Egg 2","Static Discharge+1","Energy Potion","BlessingOfTheForge","Membership Card","FairyPotion","Regen Potion","Heatsinks+1","Defragment+1","Sundial","Pantograph","Toy Ornithopter","Torii","TungstenRod","Block Potion"],"campfire_rested":4,"item_purchase_floors":[19,19,19,19,37,37,37,37,53,53,53,53,53,53,53],"current_hp_per_floor":[73,73,55,55,55,55,11,33,33,19,19,19,19,37,37,18,75,55,55,50,50,34,34,28,28,28,49,45,30,30,30,51,26,72,51,51,51,47,34,34,55,33,33,60,57,57,57,8,8,35,72,72,72,45,36],"gold":48,"neow_bonus":"BOSS_RELIC","is_daily":false,"chose_seed":false,"campfire_upgraded":4,"win_rate":0.0,"timestamp":1608685714,"path_taken":["M","?","?","?","M","R","E","R","T","E","M","?","?","?","R","BOSS","M","$","M","?","?","R","M","?","T","R","M","E","?","?","R","BOSS","M","?","$","M","M","E","R","E","T","M","M","M","?","E","R","BOSS","R","$","E","BOSS"],"items_purchased_type":["Relic","Card","Potion","Potion","Relic","Potion","Potion","Card","Card","Relic","Relic","Relic","Relic","Relic","Potion"],"build_version":"2020-12-13","purchased_purges":2,"victory":true,"max_hp_per_floor":[75,75,75,75,75,75,75,75,75,75,75,75,75,75,75,75,75,75,72,72,72,72,72,72,72,72,72,72,72,72,72,72,72,72,72,72,72,72,72,72,72,72,72,72,72,72,72,72,72,72,72,72,72,72,72],"relic_stats":{"Torii":25,"counters":[26,126],"Bag of Preparation":[2],"Dream Catcher":3,"Nunchaku":[2],"Sundial":[0],"Bronze Scales":[295],"Pantograph":25,"Tiny Chest":2,"Art of War":[36],"obtain_stats":[{"Potion Belt":10,"Lantern":31,"Torii":53,"Golden Idol":3,"SacredBark":34,"Velvet Choker":0,"Oddly Smooth Stone":7,"Enchiridion":22,"The Courier":48,"Bag of Preparation":54,"Frozen Egg 2":19,"Dream Catcher":26,"Nunchaku":40,"CaptainsWheel":42,"Sundial":53,"Bronze Scales":29,"Pantograph":53,"Tiny Chest":9,"Art of War":21,"Membership Card":37,"Cracked Core":0,"Toy Ornithopter":53,"TungstenRod":53,"Runic Pyramid":17},{"Potion Belt":4,"Lantern":13,"Torii":24,"Golden Idol":1,"SacredBark":14,"Velvet Choker":0,"Oddly Smooth Stone":3,"Enchiridion":9,"The Courier":23,"Bag of Preparation":25,"Frozen Egg 2":8,"Dream Catcher":10,"Nunchaku":18,"CaptainsWheel":19,"Sundial":24,"Bronze Scales":12,"Pantograph":24,"Tiny Chest":3,"Art of War":9,"Membership Card":15,"Cracked Core":0,"Toy Ornithopter":24,"TungstenRod":24,"Runic Pyramid":7},{"Potion Belt":23,"Lantern":61,"Torii":112,"Golden Idol":4,"SacredBark":68,"Velvet Choker":0,"Oddly Smooth Stone":18,"Enchiridion":43,"The Courier":105,"Bag of Preparation":116,"Frozen Egg 2":42,"Dream Catcher":47,"Nunchaku":83,"CaptainsWheel":88,"Sundial":112,"Bronze Scales":56,"Pantograph":112,"Tiny Chest":18,"Art of War":43,"Membership Card":71,"Cracked Core":0,"Toy Ornithopter":112,"TungstenRod":112,"Runic Pyramid":38}],"Toy Ornithopter":2,"TungstenRod":23},"card_choices":[{"not_picked":["Turbo","Sweeping Beam"],"picked":"Conserve Battery","floor":1},{"not_picked":["Go for the Eyes","Capacitor","Aggregate"],"picked":"SKIP","floor":5},{"not_picked":["Genetic Algorithm","Capacitor"],"picked":"Doom and Gloom","floor":7},{"not_picked":["Reinforced Body","Conserve Battery"],"picked":"Tempest","floor":10},{"not_picked":["Storm","Genetic Algorithm","White Noise"],"picked":"SKIP","floor":11},{"not_picked":["Redo","Leap"],"picked":"Cold Snap","floor":13},{"not_picked":["Amplify","Multi-Cast"],"picked":"Biased Cognition","floor":16},{"not_picked":["Barrage+1","Rebound+1","Aggregate+1"],"picked":"SKIP","floor":18},{"not_picked":["Reprogram","Cold Snap+1","Barrage"],"picked":"SKIP","floor":20},{"not_picked":["Sweeping Beam+1","Capacitor+1"],"picked":"Biased Cognition+1","floor":24},{"not_picked":["Steam","Go for the Eyes+1","Beam Cell"],"picked":"SKIP","floor":28},{"not_picked":["Tempest","Rebound","Force Field"],"picked":"SKIP","floor":29},{"not_picked":["Go for the Eyes","Steam","Redo"],"picked":"SKIP","floor":30},{"not_picked":["Consume","Rip and Tear"],"picked":"Recycle+1","floor":32},{"not_picked":["Buffer+1","Creative AI+1"],"picked":"Multi-Cast","floor":33},{"not_picked":["Scrape+1","Rip and Tear"],"picked":"Recycle","floor":35},{"not_picked":["HandOfGreed","Thinking Ahead"],"picked":"Panacea","floor":36},{"not_picked":["Redo","Leap","Rebound"],"picked":"SKIP","floor":38},{"not_picked":["Steam","Cold Snap"],"picked":"Turbo+1","floor":39},{"not_picked":["White Noise+1","Hello World+1","Stack+1"],"picked":"SKIP","floor":40},{"not_picked":["Beam Cell+1","Barrage"],"picked":"Turbo","floor":41},{"not_picked":["Streamline+1","Undo+1","Core Surge"],"picked":"SKIP","floor":42},{"not_picked":["BootSequence","Cold Snap","Redo"],"picked":"SKIP","floor":44},{"not_picked":["Go for the Eyes","Turbo","Chill"],"picked":"SKIP","floor":45},{"not_picked":["Conserve Battery+1","Steam+1","Hologram"],"picked":"SKIP","floor":46},{"not_picked":["Cold Snap+1","Hyperbeam"],"picked":"Seek","floor":48},{"not_picked":["Electrodynamics+1","Barrage+1"],"picked":"Chaos+1","floor":54}],"player_experience":3074590,"relics_obtained":[{"floor":7,"key":"Oddly Smooth Stone"},{"floor":9,"key":"Tiny Chest"},{"floor":10,"key":"Potion Belt"},{"floor":21,"key":"Art of War"},{"floor":22,"key":"Enchiridion"},{"floor":26,"key":"Dream Catcher"},{"floor":29,"key":"Bronze Scales"},{"floor":31,"key":"Lantern"},{"floor":40,"key":"Nunchaku"},{"floor":42,"key":"CaptainsWheel"},{"floor":48,"key":"The Courier"},{"floor":54,"key":"Bag of Preparation"}],"event_choices":[{"damage_healed":0,"gold_gain":0,"cards_transformed":["Strike_B"],"player_choice":"Change","damage_taken":0,"max_hp_gain":0,"max_hp_loss":0,"event_name":"Living Wall","floor":2,"gold_loss":0,"cards_obtained":["Capacitor"]},{"damage_healed":0,"gold_gain":0,"player_choice":"Take Damage","damage_taken":18,"relics_obtained":["Golden Idol"],"max_hp_gain":0,"max_hp_loss":0,"event_name":"Golden Idol","floor":3,"gold_loss":0},{"damage_healed":0,"gold_gain":0,"player_choice":"Ignored","damage_taken":0,"max_hp_gain":0,"max_hp_loss":0,"event_name":"Liars Game","floor":4,"gold_loss":0},{"damage_healed":0,"gold_gain":59,"player_choice":"Gained Gold","damage_taken":0,"max_hp_gain":0,"max_hp_loss":0,"event_name":"Golden Wing","floor":12,"gold_loss":0},{"damage_healed":18,"gold_gain":0,"player_choice":"Healed and dodged fight","damage_taken":0,"max_hp_gain":0,"max_hp_loss":0,"event_name":"Mushrooms","floor":14,"gold_loss":0,"cards_obtained":["Parasite"]},{"damage_healed":0,"gold_gain":0,"player_choice":"Obtained Book","damage_taken":16,"max_hp_gain":0,"max_hp_loss":0,"event_name":"Cursed Tome","floor":22,"gold_loss":0},{"damage_healed":0,"gold_gain":0,"cards_transformed":["Strike_B","Strike_B"],"player_choice":"Became Test Subject","damage_taken":0,"max_hp_gain":0,"max_hp_loss":0,"event_name":"Drug Dealer","floor":25,"gold_loss":0,"cards_obtained":["Buffer","White Noise"]},{"damage_healed":0,"gold_gain":0,"player_choice":"Memory 1","damage_taken":0,"max_hp_gain":0,"max_hp_loss":0,"event_name":"SensoryStone","floor":36,"gold_loss":0},{"damage_healed":0,"gold_gain":333,"player_choice":"Gave Idol","damage_taken":0,"max_hp_gain":0,"max_hp_loss":0,"event_name":"The Moai Head","floor":47,"relics_lost":["Golden Idol"],"gold_loss":0}],"is_beta":false,"boss_relics":[{"not_picked":["Runic Dome","Busted Crown"],"picked":"Runic Pyramid"},{"not_picked":["Tiny House","Snecko Eye"],"picked":"SacredBark"}],"items_purged_floors":[19,37],"is_endless":false,"potions_floor_spawned":[1,5,10,20,28,30,35,38,42,44,46,48],"ascension_level":2}}