{"host":"vtat3rddyckbno30","time":1608745183,"event":{"mods":["AchievementEnabler","BaseMod","BetterRewards","Colored Map","Downfall","Highlight Path","Minty Spire (QoL Compilation)","Replay The Spire","StSLib","everything is the same but u backflip on backflip"],"gold_per_floor":[115,290,290,305,305,305,320,320,320,320,320],"floor_reached":10,"playtime":455,"items_purged":["Strike_B"],"score":56,"play_id":"db22cbc4-c4b5-4ee0-9073-e8df1cee2481","local_time":"20201223183943","is_ascension_mode":false,"campfire_choices":[{"floor":6,"key":"RECALL"},{"data":"Self Repair","floor":8,"key":"SMITH"}],"circlet_count":0,"master_deck":["Strike_B","Strike_B","Strike_B","Defend_B","Defend_B","Defend_B","Defend_B","Zap","Dualcast","Self Repair+1","Cold Snap","Redo"],"relics":["Cracked Core","Pear"],"acts_visited":["Exordium"],"potions_floor_usage":[10],"damage_taken":[{"damage":9,"enemies":"Small Slimes","floor":1,"turns":4},{"damage":9,"enemies":"Jaw Worm","floor":4,"turns":5},{"damage":5,"enemies":"2 Louse","floor":7,"turns":3},{"damage":32,"enemies":"3 Sentries","floor":10,"turns":6}],"seed_played":"-6430396786141148412","potions_obtained":[{"floor":7,"key":"Cursed Concoction"}],"is_trial":false,"path_per_floor":["M","?","?","M","?","R","M","R","T","E"],"character_chosen":"DEFECT","items_purchased":["Self Repair"],"campfire_rested":0,"item_purchase_floors":[0],"current_hp_per_floor":[73,73,71,69,69,69,71,71,71,39,39],"gold":320,"neow_bonus":"","is_daily":false,"chose_seed":false,"campfire_upgraded":1,"win_rate":0.0,"timestamp":1608745183,"path_taken":["M","?","?","M","?","R","M","R","T","E"],"items_purchased_type":["Card"],"build_version":"2020-12-22","purchased_purges":1,"victory":false,"max_hp_per_floor":[75,75,85,85,85,85,85,85,85,85,85],"card_choices":[{"not_picked":["Beam Cell","Barrage","Streamline"],"picked":"SKIP","floor":1},{"not_picked":["Hologram","Steam"],"picked":"Cold Snap","floor":4},{"not_picked":["Leap","Turbo"],"picked":"Redo","floor":7}],"player_experience":523765,"relics_obtained":[],"event_choices":[{"damage_healed":0,"gold_gain":175,"player_choice":"AGREE","damage_taken":0,"max_hp_gain":0,"max_hp_loss":0,"event_name":"Liars Game","floor":2,"gold_loss":0,"cards_obtained":["Doubt"]},{"damage_healed":0,"gold_gain":0,"player_choice":"Success","damage_taken":12,"relics_obtained":["Pear"],"max_hp_gain":0,"max_hp_loss":0,"event_name":"Scrap Ooze","floor":3,"gold_loss":0},{"cards_removed":["Doubt"],"damage_healed":0,"gold_gain":0,"player_choice":"Forget","damage_taken":0,"max_hp_gain":0,"max_hp_loss":0,"event_name":"Living Wall","floor":5,"gold_loss":0}],"is_beta":false,"boss_relics":[],"items_purged_floors":[0],"is_endless":false,"potions_floor_spawned":[7],"killed_by":"3 Sentries","ascension_level":0}}