{"host":"wi1dz5t8299iil0b","time":1608750555,"event":{"mods":["2.2 Compatiblity","Act Like it!","Aspiration","Astrologer","BaseMod","Beaked The Cultist","Better Match","Better Note","Better Sensory Stone","Better Synergies","Better Third Choice","BetterRewards","Colored Map","Colored Powertips","Communication Mod","Conjunction","Conspire","Downfall","Fiend Mod","Friendly Minions","GifTheSpireLib","GungeonMod","Halation","Hallownest","Highlight Path","Hubris","Infinite Spire","Jedi Mod","Lobotomy","Mad Scientist","Minty Spire (QoL Compilation)","Pale of the Ancients","Permanent Neow","Potionbrewer","RNG Fix","Replay The Spire","Shade Mod","Shop Mod","Spikes Relics","StSLib","Stuff the Spire","The Blackbeard","The Bladedancer","The Blue Laboratory","The Bug Knight","The Construct","The Cursed","The Death Knight","The Druid","The Necromancer","The Problem Sleuth","The Sage","TheHeartMod","TheVacant","Trackpad","Wandering Minibosses","????"],"gold_per_floor":[110,123,123,123,123,158,158,175,175,186,186,201,201,230,230,230,230],"floor_reached":16,"playtime":725,"items_purged":[],"score":110,"play_id":"b8f42475-4deb-4c45-835a-25f4925e0b62","local_time":"20201223140915","is_ascension_mode":false,"campfire_choices":[{"floor":7,"key":"REST"},{"data":"PlaceholderMod:ContinueSpray","floor":13,"key":"SMITH"},{"floor":15,"key":"DIG"}],"circlet_count":0,"master_deck":["PlaceholderMod:BaseStrike","PlaceholderMod:BaseStrike+1","PlaceholderMod:BaseStrike","PlaceholderMod:BaseStrike","PlaceholderMod:BaseStrike","PlaceholderMod:BaseDefend","PlaceholderMod:BaseDefend","PlaceholderMod:BaseDefend+1","PlaceholderMod:BaseDefend","PlaceholderMod:BaseDefend","PlaceholderMod:Crystal","PlaceholderMod:PoisonWhip+1","PlaceholderMod:Assimilation","PlaceholderMod:Stable","PlaceholderMod:SprayAttack","PlaceholderMod:ContinueSpray+1","PlaceholderMod:HornyBlast","PlaceholderMod:Package","PlaceholderMod:QualitativeChange"],"relics":["PlaceholderMod:Tancle","Gambling Chip","hubris:DeckOfHolding","RoseTintedShades","jedi:crownofsimplicity"],"acts_visited":["Exordium"],"potions_floor_usage":[],"damage_taken":[{"damage":2,"enemies":"Cultist","floor":1,"turns":4},{"damage":1,"enemies":"Jaw Worm","floor":2,"turns":4},{"damage":6,"enemies":"HollowMod:MossKnight","floor":6,"turns":12},{"damage":0,"enemies":"2 Louse","floor":8,"turns":2},{"damage":15,"enemies":"Blue Slaver","floor":10,"turns":3},{"damage":0,"enemies":"Large Slime","floor":12,"turns":5},{"damage":36,"enemies":"Replay:BlueRogue","floor":14,"turns":6},{"damage":39,"enemies":"The Guardian","floor":16,"turns":4}],"seed_played":"-8237858433179426150","potions_obtained":[{"floor":2,"key":"Explosive Potion"},{"floor":6,"key":"blueLaboratory:FruitPreserves"},{"floor":12,"key":"potionbrewer:ToxicPotion"}],"is_trial":false,"path_per_floor":["M","M","?","?","?","E","R","M","T","M","?","M","R","E","R_BF","B"],"character_chosen":"THE_PLACEHOLDER","items_purchased":[],"campfire_rested":1,"item_purchase_floors":[],"current_hp_per_floor":[76,75,75,75,59,53,76,80,80,69,69,69,69,33,33,0,0],"gold":230,"neow_bonus":"ONE_RANDOM_RARE_CARD","is_daily":false,"chose_seed":false,"campfire_upgraded":1,"win_rate":0.0,"timestamp":1608750555,"path_taken":["M","M","?","?","?","E","R","?","T","M","?","?","R","E","R_BF","BOSS"],"items_purchased_type":[],"build_version":"2020-12-22","purchased_purges":0,"victory":false,"max_hp_per_floor":[78,78,78,78,78,78,78,82,82,86,86,86,86,86,86,86,86],"card_choices":[{"not_picked":["PlaceholderMod:SeverePoisonStrike","PlaceholderMod:PoisonExcitation"],"picked":"PlaceholderMod:Stable","floor":1},{"not_picked":["PlaceholderMod:SeverePoisonStrike","PlaceholderMod:DirectingGroup"],"picked":"PlaceholderMod:SprayAttack","floor":2},{"not_picked":["PlaceholderMod:Colorful","PlaceholderMod:ConsolidateHit"],"picked":"PlaceholderMod:ContinueSpray","floor":6},{"not_picked":["PlaceholderMod:Stable","PlaceholderMod:Turn"],"picked":"PlaceholderMod:HornyBlast","floor":8},{"not_picked":["PlaceholderMod:ConsolidateHit","PlaceholderMod:FastReaction"],"picked":"PlaceholderMod:Package","floor":10},{"not_picked":["PlaceholderMod:TriggerStrike","PlaceholderMod:Turn","PlaceholderMod:Corrosion"],"picked":"SKIP","floor":12},{"not_picked":["PlaceholderMod:Turn","PlaceholderMod:AttackAsDefend"],"picked":"PlaceholderMod:QualitativeChange","floor":14}],"player_experience":150541,"relics_obtained":[{"floor":6,"key":"Gambling Chip"},{"floor":9,"key":"hubris:DeckOfHolding"},{"floor":14,"key":"RoseTintedShades"},{"floor":15,"key":"jedi:crownofsimplicity"}],"event_choices":[{"damage_healed":0,"gold_gain":0,"player_choice":"Upgraded","damage_taken":0,"max_hp_gain":0,"max_hp_loss":0,"event_name":"Upgrade Shrine","floor":3,"gold_loss":0,"cards_upgraded":["PlaceholderMod:PoisonWhip"]},{"damage_healed":75,"gold_gain":0,"player_choice":"Upgrade","damage_taken":16,"max_hp_gain":0,"max_hp_loss":78,"event_name":"betterThird:BetterShining","floor":5,"gold_loss":0,"cards_upgraded":["PlaceholderMod:BaseStrike","PlaceholderMod:BaseDefend"]},{"damage_healed":0,"gold_gain":0,"player_choice":"Disagree","damage_taken":0,"max_hp_gain":0,"max_hp_loss":0,"event_name":"conspire:LoneGhost","floor":11,"gold_loss":0}],"is_beta":false,"boss_relics":[],"items_purged_floors":[],"is_endless":false,"potions_floor_spawned":[2,6,12,14],"killed_by":"The Guardian","ascension_level":0}}