{"host":"vddnn8yddbh0df4g","time":1608685041,"event":{"mods":["Act Like it!","BaseMod","Beaked The Cultist","Bestiary","Downfall","Minty Spire (QoL Compilation)","Shop Mod","StSLib","SuperFastMode","The Bug Knight","The Runesmith"],"gold_per_floor":[99,114,114,179,190,219,219,219,235,252,271,41,41,67,82,178,178,178,190,190,210,230,230,256,274,374,374,408,420,420,420,431,526,526,526,526,545,595,92,109,109,139,159,184,34,49,49,65,84,84],"floor_reached":51,"playtime":2727,"items_purged":["champ:StanceDance"],"score":829,"play_id":"1f3c68fc-1c30-41cc-8630-38502bb6106c","local_time":"20201222195721","is_ascension_mode":true,"campfire_choices":[{"data":"champ:Execute","floor":1,"key":"SMITH"},{"data":"champ:AdrenalArmor","floor":8,"key":"SMITH"},{"data":"champ:EndlessRage","floor":13,"key":"SMITH"},{"data":"champ:PerfectForm","floor":18,"key":"SMITH"},{"data":"champ:Backstep","floor":23,"key":"SMITH"},{"data":"champ:Balance","floor":27,"key":"SMITH"},{"data":"champ:FanOfKnives","floor":30,"key":"SMITH"},{"floor":35,"key":"RECALL"},{"data":"Magnetism","floor":45,"key":"SMITH"},{"data":"champ:AdrenalArmor","floor":47,"key":"SMITH"}],"circlet_count":0,"master_deck":["champ:Strike","champ:Strike","champ:Strike","champ:Strike","champ:Defend","champ:Defend","champ:Defend","champ:Defend","champ:Execute+1","champ:Taunt+1","champ:RecklessLeap","champ:PreciseThrust","champ:AdrenalArmor+1","champ:PerfectedStrike","champ:Balance+1","champ:RisingSlash","champ:Backstep+1","champ:GladiatorStyle","champ:ViciousMockery","champ:PerfectForm+1","champ:FanOfKnives+1","champ:AdrenalArmor+1","CurseOfTheBell","champ:PerfectedStrike+1","Magnetism+1","Parasite","champ:PerfectedStrike"],"relics":["champ:ChampionCrown","downfall:ShatteredFragment","Unceasing Top","champ:FightingForDummies","HornCleat","Guardian:PocketSentry","Mango","Busted Crown","Orichalcum","Guardian:GemstoneGun","Calling Bell","Nunchaku","Pantograph","Runesmith:Locket","beaked:ShinyBauble","HollowMod:LifeEnderRelic","Toy Ornithopter","downfall:HeartBlessingRed","downfall:HeartBlessingGreen"],"acts_visited":["Exordium","TheCity","TheBeyond"],"potions_floor_usage":[12,16,21,29,33,42,50,50,50],"damage_taken":[{"damage":5,"enemies":"2 Louse","floor":2,"turns":2},{"damage":43,"enemies":"Lagavulin Event","floor":4,"turns":4},{"damage":15,"enemies":"Small Slimes","floor":5,"turns":3},{"damage":35,"enemies":"3 Sentries","floor":6,"turns":6},{"damage":15,"enemies":"Jaw Worm","floor":9,"turns":3},{"damage":9,"enemies":"Blue Slaver","floor":10,"turns":2},{"damage":15,"enemies":"2 Fungi Beasts","floor":11,"turns":2},{"damage":28,"enemies":"downfall:FleeingMerchant","floor":12,"turns":4},{"damage":34,"enemies":"HollowMod:MossKnight","floor":14,"turns":5},{"damage":3,"enemies":"Blue Slaver","floor":15,"turns":2},{"damage":33,"enemies":"downfall:Watcher","floor":16,"turns":8},{"damage":25,"enemies":"Shell Parasite","floor":19,"turns":5},{"damage":20,"enemies":"Spheric Guardian","floor":21,"turns":4},{"damage":18,"enemies":"Snake Plant","floor":22,"turns":4},{"damage":28,"enemies":"Centurion and Healer","floor":25,"turns":3},{"damage":19,"enemies":"Slavers","floor":28,"turns":5},{"damage":27,"enemies":"3 Cultists","floor":29,"turns":3},{"damage":25,"enemies":"Sentry and Sphere","floor":32,"turns":3},{"damage":41,"enemies":"downfall:Defect","floor":33,"turns":6},{"damage":41,"enemies":"3 Shapes","floor":37,"turns":4},{"damage":78,"enemies":"Mind Bloom Boss Battle","floor":38,"turns":9},{"damage":40,"enemies":"downfall:FleeingMerchant","floor":39,"turns":4},{"damage":13,"enemies":"Orb Walker","floor":40,"turns":2},{"damage":54,"enemies":"Reptomancer","floor":42,"turns":8},{"damage":41,"enemies":"Transient","floor":43,"turns":5},{"damage":49,"enemies":"Giant Head","floor":44,"turns":7},{"damage":41,"enemies":"Writhing Mass","floor":46,"turns":5},{"damage":31,"enemies":"3 Darklings","floor":48,"turns":3},{"damage":35,"enemies":"Sphere and 2 Shapes","floor":49,"turns":3},{"damage":75,"enemies":"downfall:Silent","floor":50,"turns":10}],"seed_played":"8424405136771044880","potions_obtained":[{"floor":6,"key":"Slimebound:ThreeZeroPotion"},{"floor":11,"key":"LiquidBronze"},{"floor":14,"key":"Fire Potion"},{"floor":15,"key":"GamblersBrew"},{"floor":21,"key":"Energy Potion"},{"floor":25,"key":"Energy Potion"},{"floor":32,"key":"champ:CounterPotion"},{"floor":42,"key":"LiquidBronze"},{"floor":44,"key":"hexamod:EctoCoolerPotion"}],"is_trial":false,"path_per_floor":["R","M","?","?","M","E","T","R","M","M","M","$","R","E","M","B",null,"R","M","?","M","M","R","T","M","?","R","E","M","R","?","M","B",null,"R","?","M","?","$","M","T","E","M","E","R","M","R","M","M","B",null],"character_chosen":"THE_CHAMP","items_purchased":["champ:GladiatorStyle","Guardian:PocketSentry","beaked:ShinyBauble","Magnetism"],"campfire_rested":0,"item_purchase_floors":[12,12,39,39],"current_hp_per_floor":[90,90,63,40,40,35,35,35,35,35,35,35,35,34,34,27,104,104,101,101,96,93,93,93,89,89,89,89,89,89,89,89,89,104,104,104,88,78,78,78,78,57,57,50,50,50,50,50,50,56],"gold":84,"neow_bonus":"UPGRADE_CARD","is_daily":false,"chose_seed":false,"campfire_upgraded":9,"win_rate":0.0,"timestamp":1608685041,"path_taken":["R","M","?","?","M","E","T","R","M","M","M","?","R","E","M","BOSS","R","M","?","M","M","R","T","M","?","R","E","M","R","?","M","BOSS","R","?","M","?","?","M","T","E","M","E","R","M","R","?","M","BOSS"],"items_purchased_type":["Card","Relic","Relic","Card"],"build_version":"2020-12-13","purchased_purges":1,"victory":true,"max_hp_per_floor":[90,90,90,90,90,90,90,90,90,90,90,90,90,104,104,104,104,104,104,104,104,104,104,104,104,104,104,104,104,104,104,104,104,104,104,104,104,104,104,104,104,104,104,104,104,104,104,104,104,104],"card_choices":[{"not_picked":["champ:Circumvent","champ:Backstep"],"picked":"champ:RecklessLeap","floor":2},{"not_picked":["champ:FlashCut","champ:CrookedStrike"],"picked":"champ:PreciseThrust","floor":4},{"not_picked":["champ:ShieldWall","champ:BerserkersShout"],"picked":"champ:AdrenalArmor","floor":5},{"not_picked":["champ:Shatter","champ:HeavySlash"],"picked":"champ:PerfectedStrike","floor":6},{"not_picked":["champ:CrookedStrike","champ:AdrenalArmor"],"picked":"champ:Balance","floor":9},{"not_picked":["champ:AdrenalArmor","champ:IronFortress"],"picked":"champ:RisingSlash","floor":10},{"not_picked":["champ:BringItOn","champ:RageSigil"],"picked":"champ:Backstep","floor":11},{"not_picked":["champ:GutPunch","champ:StanceDance"],"picked":"champ:EndlessRage","floor":12},{"not_picked":["champ:PerfectedStrike","champ:CrookedStrike"],"picked":"champ:StanceDance","floor":14},{"not_picked":["champ:CrookedStrike","champ:PerfectedStrike"],"picked":"champ:ViciousMockery","floor":15},{"not_picked":["champ:SteelEdge","champ:SwordThrow"],"picked":"champ:PerfectForm","floor":16},{"not_picked":["champ:Encircle"],"picked":"SKIP","floor":19},{"not_picked":["champ:StanceDance"],"picked":"SKIP","floor":21},{"not_picked":[],"picked":"champ:FanOfKnives","floor":22},{"not_picked":["champ:Haymaker"],"picked":"SKIP","floor":25},{"not_picked":["champ:Backstep"],"picked":"SKIP","floor":28},{"not_picked":[],"picked":"champ:AdrenalArmor","floor":29},{"not_picked":["champ:TornadoPunch"],"picked":"SKIP","floor":32},{"not_picked":["champ:RecklessLeap"],"picked":"SKIP","floor":37},{"not_picked":[],"picked":"champ:PerfectedStrike+1","floor":39},{"not_picked":["champ:FocusedGladiator"],"picked":"SKIP","floor":40},{"not_picked":["champ:AdrenalArmor"],"picked":"SKIP","floor":42},{"not_picked":["champ:Encircle"],"picked":"SKIP","floor":43},{"not_picked":["champ:FocusedBerserking"],"picked":"SKIP","floor":44},{"not_picked":["champ:GutPunch+1"],"picked":"SKIP","floor":46},{"not_picked":["champ:FlashCut"],"picked":"SKIP","floor":48},{"not_picked":[],"picked":"champ:PerfectedStrike","floor":49}],"player_experience":666634,"relics_obtained":[{"floor":4,"key":"Unceasing Top"},{"floor":6,"key":"champ:FightingForDummies"},{"floor":7,"key":"HornCleat"},{"floor":14,"key":"Mango"},{"floor":24,"key":"Orichalcum"},{"floor":28,"key":"Guardian:GemstoneGun"},{"floor":34,"key":"Nunchaku"},{"floor":34,"key":"Pantograph"},{"floor":34,"key":"Runesmith:Locket"},{"floor":42,"key":"HollowMod:LifeEnderRelic"},{"floor":44,"key":"Toy Ornithopter"}],"event_choices":[{"damage_healed":0,"gold_gain":0,"player_choice":"Ignored","damage_taken":0,"max_hp_gain":0,"max_hp_loss":0,"event_name":"Ghosts","floor":31,"gold_loss":0},{"cards_removed":["champ:EndlessRage"],"damage_healed":0,"gold_gain":0,"player_choice":"Removed Power","damage_taken":0,"max_hp_gain":0,"max_hp_loss":0,"event_name":"Falling","floor":36,"gold_loss":0}],"is_beta":false,"boss_relics":[{"not_picked":["SlaversCollar","Tiny House"],"picked":"Busted Crown"},{"not_picked":["Runic Pyramid","Black Star"],"picked":"Calling Bell"}],"items_purged_floors":[39],"is_endless":false,"potions_floor_spawned":[6,11,14,15,21,25,28,32,42,44,48,49],"ascension_level":1}}