{"host":"dntw6kil9p09eemm","time":1608696591,"event":{"mods":["Alarm Clock","Aspiration","BaseMod","Colored Powertips","Downfall","Hermit","Hubris","Minty Spire (QoL Compilation)","Permanent Neow","Replay The Spire","Reworked Bosses","Shop Mod","Spicy Shops","StSLib","The Runesmith"],"gold_per_floor":[117,192,202,53,73,101,118,129,129,140,140,157,174,194,194,194,194,194],"floor_reached":16,"playtime":712,"items_purged":[],"score":108,"play_id":"59d2563f-95a9-4d89-b044-6e207391dc4b","local_time":"20201223130951","is_ascension_mode":false,"campfire_choices":[{"floor":15,"key":"DIG"}],"circlet_count":0,"master_deck":["hexamod:Strike","hexamod:Strike","hexamod:Strike","hexamod:Strike","hexamod:Defend","hexamod:Defend","hexamod:Defend","hexamod:Defend","hexamod:Sear","hexamod:Float","champ:Defend","Slimebound:Strike_Slimebound","hexamod:FastForward","hexamod:SuperheatedStrike","hexamod:StepThrough","hexamod:HexaLevel","hexamod:BurningTouch","hexamod:SearingWound","hexamod:SpectralSpark","hexamod:RadiantFlame","hexamod:ThermalTransfer"],"relics":["hexamod:SpiritBrand","hexamod:Sixitude","MerchantsRug","Bag of Preparation","Chameleon Ring","hubris:ToyBattleship"],"acts_visited":["Exordium"],"potions_floor_usage":[13,16],"damage_taken":[{"damage":0,"enemies":"Jaw Worm","floor":1,"turns":3},{"damage":0,"enemies":"Cultist","floor":3,"turns":3},{"damage":0,"enemies":"2 Louse","floor":5,"turns":2},{"damage":24,"enemies":"3 Sentries","floor":6,"turns":7},{"damage":2,"enemies":"Red Slaver","floor":7,"turns":3},{"damage":0,"enemies":"Looter","floor":8,"turns":3},{"damage":1,"enemies":"Exordium Wildlife","floor":10,"turns":3},{"damage":10,"enemies":"Exordium Thugs","floor":12,"turns":3},{"damage":0,"enemies":"2 Fungi Beasts","floor":13,"turns":3},{"damage":11,"enemies":"Gremlin Gang","floor":14,"turns":4},{"damage":15,"enemies":"The Guardian","floor":16,"turns":3}],"seed_played":"-5278669165867308163","potions_obtained":[{"floor":5,"key":"Fire Potion"},{"floor":6,"key":"Dexterity Potion"},{"floor":8,"key":"ColorlessPotion"},{"floor":13,"key":"SkillPotion"},{"floor":14,"key":"Death Potion"}],"is_trial":false,"path_per_floor":["M","?","M","$","M","E","M","M","T","M","?","M","M","M","R","B"],"character_chosen":"THE_SPIRIT","items_purchased":["MerchantsRug"],"campfire_rested":0,"item_purchase_floors":[4],"current_hp_per_floor":[70,63,63,63,63,39,37,37,37,36,36,26,26,15,15,0,0,0],"gold":194,"neow_bonus":"ONE_RARE_RELIC","is_daily":false,"chose_seed":false,"campfire_upgraded":0,"win_rate":0.0,"timestamp":1608696591,"path_taken":["M","?","M","$","M","E","M","M","T","?","?","M","M","M","R","BOSS"],"items_purchased_type":["Relic"],"build_version":"2020-12-13","purchased_purges":0,"victory":false,"max_hp_per_floor":[70,70,70,70,70,70,70,70,70,70,70,70,70,70,70,70,70,70],"card_choices":[{"not_picked":["hexamod:SpectersWail","hexamod:BurningTouch"],"picked":"hexamod:FastForward","floor":1},{"not_picked":["hexamod:AdvancingGuard","hexamod:GhostShield"],"picked":"hexamod:SuperheatedStrike","floor":3},{"not_picked":["hexamod:HauntingEcho","hexamod:GhostShield"],"picked":"hexamod:StepThrough","floor":5},{"not_picked":["hexamod:SpectralSpark","hexamod:SpectersWail"],"picked":"hexamod:HexaLevel","floor":6},{"not_picked":["hexamod:Hexaguard","hexamod:ShieldOfDarkness"],"picked":"hexamod:BurningTouch","floor":7},{"not_picked":["hexamod:GhostOfSpireFuture","hexamod:GhostOfSpirePresent"],"picked":"hexamod:SearingWound","floor":8},{"not_picked":["hexamod:SpectralAdrenaline","hexamod:GhostShield"],"picked":"hexamod:SpectralSpark","floor":10},{"not_picked":["hexamod:BacktrackSmack","hexamod:GhostLash"],"picked":"hexamod:RadiantFlame","floor":12},{"not_picked":["hexamod:ThirdSeal","hexamod:ShieldOfDarkness"],"picked":"hexamod:ThermalTransfer","floor":13},{"not_picked":["hexamod:EtherealExpedition","hexamod:FlamesFromBeyond","hexamod:RainOfEmbers"],"picked":"SKIP","floor":14}],"player_experience":439205,"relics_obtained":[{"floor":6,"key":"Bag of Preparation"},{"floor":9,"key":"Chameleon Ring"},{"floor":15,"key":"hubris:ToyBattleship"}],"event_choices":[{"damage_healed":0,"gold_gain":75,"player_choice":"Touch","damage_taken":7,"max_hp_gain":0,"max_hp_loss":0,"event_name":"FaceTrader","floor":2,"gold_loss":0},{"damage_healed":0,"gold_gain":0,"player_choice":"Got Potions","damage_taken":0,"max_hp_gain":0,"max_hp_loss":0,"event_name":"Lab","floor":11,"gold_loss":0}],"is_beta":false,"boss_relics":[],"items_purged_floors":[],"is_endless":false,"potions_floor_spawned":[5,6,8,12,13,14],"killed_by":"The Guardian","ascension_level":0}}