{"host":"yuhy0i501zzmn1iz","time":1608689693,"event":{"mods":["AchievementEnabler","AlwaysNeverKeys","BaseMod","Bestiary","Better Match","Better Third Choice","Curses Come First","Downfall","Minty Spire (QoL Compilation)","StSLib","The Blue Laboratory","slay the spire mod where everything is the same but ironclad has a cowboy hat"],"gold_per_floor":[99,99,99,99,24,24,93,93,107,123,123,153,153,170,181,284,284,284,284,284,284,284,284,284,284],"floor_reached":23,"playtime":1097,"items_purged":["Regret"],"score":189,"play_id":"f827476f-aa3e-4cf3-b478-06009039adc4","local_time":"20201222211453","is_ascension_mode":false,"campfire_choices":[{"data":"Slimebound:Split","floor":1,"key":"SMITH"},{"data":"Slimebound:SplitMire","floor":6,"key":"SMITH"},{"data":"Slimebound:FirmFortitude","floor":11,"key":"SMITH"},{"data":"Slimebound:SpikyOuterGoop","floor":13,"key":"SMITH"},{"data":"Slimebound:Equalize","floor":18,"key":"SMITH"}],"circlet_count":0,"master_deck":["Slimebound:Strike_Slimebound+1","Slimebound:Strike_Slimebound+1","Slimebound:Strike_Slimebound","Slimebound:Tackle+1","Slimebound:Defend_Slimebound","Slimebound:Defend_Slimebound","Slimebound:Defend_Slimebound","Slimebound:Split+1","Slimebound:CorrosiveSpit","Slimebound:ComboTackle","Slimebound:SplitMire+1","Slimebound:Equalize+1","Slimebound:FirmFortitude+1","Slimebound:LeechEnergy","Slimebound:SpikyOuterGoop+1","Slimebound:SplitLeeching+1","Slimebound:SplitMire+1","Slimebound:PrepareCrush+1","Slimebound:Equalize","Slimebound:SplitBruiser+1","Slimebound:SplitAcid+1","Slimebound:PrepareCrush+1"],"relics":["Slimebound:AbsorbEndCombat","downfall:HeartsMalice","Toxic Egg 2","Ornamental Fan","Ectoplasm"],"acts_visited":["Exordium","TheCity"],"potions_floor_usage":[15,16],"damage_taken":[{"damage":0,"enemies":"Jaw Worm","floor":2,"turns":1},{"damage":0,"enemies":"downfall:FleeingMerchant","floor":5,"turns":1},{"damage":0,"enemies":"2 Louse","floor":8,"turns":1},{"damage":10,"enemies":"Cultist","floor":9,"turns":2},{"damage":9,"enemies":"2 Fungi Beasts","floor":10,"turns":3},{"damage":48,"enemies":"3 Sentries","floor":12,"turns":5},{"damage":15,"enemies":"Red Slaver","floor":14,"turns":3},{"damage":19,"enemies":"Exordium Wildlife","floor":15,"turns":3},{"damage":33,"enemies":"downfall:Watcher","floor":16,"turns":6},{"damage":15,"enemies":"Spheric Guardian","floor":19,"turns":3},{"damage":49,"enemies":"Centurion and Healer","floor":20,"turns":5},{"damage":39,"enemies":"Shelled Parasite and Fungi","floor":21,"turns":3},{"damage":45,"enemies":"Slavers","floor":23,"turns":3}],"seed_played":"3752802465082556829","potions_obtained":[{"floor":9,"key":"Strength Potion"},{"floor":12,"key":"blueLaboratory:FruitPunch"},{"floor":14,"key":"Fire Potion"},{"floor":15,"key":"EssenceOfSteel"},{"floor":16,"key":"blueLaboratory:EnragingPotion"},{"floor":20,"key":"EntropicBrew"}],"is_trial":false,"path_per_floor":["R","M","?","?","$","R","T","M","M","M","R","E","R","M","M","B",null,"R","M","M","M","?","E"],"character_chosen":"SLIMEBOUND","items_purchased":[],"campfire_rested":0,"item_purchase_floors":[],"current_hp_per_floor":[60,60,60,60,60,60,60,60,56,53,53,29,29,34,31,38,62,62,58,43,36,36,1,1,1],"gold":284,"neow_bonus":"THREE_ENEMY_KILL","is_daily":false,"chose_seed":false,"campfire_upgraded":5,"win_rate":0.0,"timestamp":1608689693,"path_taken":["R","M","?","?","$","R","T","M","M","?","R","E","R","M","M","BOSS","R","M","M","M","?","E"],"items_purchased_type":[],"build_version":"2020-12-13","purchased_purges":1,"victory":false,"max_hp_per_floor":[60,60,60,60,60,60,60,60,60,60,60,60,60,60,60,62,62,62,62,62,62,62,62,62,62],"card_choices":[{"not_picked":["Slimebound:LivingWall","Slimebound:GoopSpray"],"picked":"Slimebound:ComboTackle","floor":2},{"not_picked":["Slimebound:LeechingTouch","Slimebound:ServeAndProtect"],"picked":"Slimebound:SplitMire","floor":5},{"not_picked":["Slimebound:SlimeSpikes+1","Slimebound:Chomp"],"picked":"Slimebound:Equalize","floor":8},{"not_picked":["Slimebound:ViciousTackle","Slimebound:ItLooksTasty"],"picked":"Slimebound:FirmFortitude","floor":9},{"not_picked":["Slimebound:Chomp","Slimebound:PressTheAttack"],"picked":"Slimebound:LeechEnergy","floor":10},{"not_picked":["Slimebound:ServeAndProtect+1","Slimebound:ViciousTackle"],"picked":"Slimebound:SpikyOuterGoop","floor":12},{"not_picked":["Slimebound:SplitAcid+1","Slimebound:LeechEnergy"],"picked":"Slimebound:SplitLeeching+1","floor":14},{"not_picked":["Slimebound:Overexert","Slimebound:SplitLeeching+1"],"picked":"Slimebound:SplitMire+1","floor":15},{"not_picked":["Slimebound:SelfFormingGoo","Slimebound:OneTwoCombo"],"picked":"Slimebound:PrepareCrush+1","floor":16},{"not_picked":["Slimebound:SplitAcid+1","Slimebound:ViciousTackle"],"picked":"Slimebound:Equalize","floor":19},{"not_picked":["Slimebound:LeechEnergy+1","Slimebound:MassRepurpose+1"],"picked":"Slimebound:SplitBruiser+1","floor":20},{"not_picked":["Slimebound:LivingWall+1","Slimebound:DivideAndConquer+1"],"picked":"Slimebound:SplitAcid+1","floor":21}],"player_experience":228564,"relics_obtained":[{"floor":7,"key":"Toxic Egg 2"},{"floor":12,"key":"Ornamental Fan"}],"event_choices":[{"cards_removed":["Slimebound:Defend_Slimebound"],"damage_healed":0,"gold_gain":0,"player_choice":"Purged","damage_taken":0,"max_hp_gain":0,"max_hp_loss":0,"event_name":"Purifier","floor":4,"gold_loss":0},{"damage_healed":0,"gold_gain":0,"player_choice":"Copied","damage_taken":0,"max_hp_gain":0,"max_hp_loss":0,"event_name":"Duplicator","floor":22,"gold_loss":0,"cards_obtained":["Slimebound:PrepareCrush"]}],"is_beta":false,"boss_relics":[{"not_picked":["Runic Dome","Empty Cage"],"picked":"Ectoplasm"}],"items_purged_floors":[5],"is_endless":false,"potions_floor_spawned":[9,12,14,15,16,20],"killed_by":"Slavers","ascension_level":0}}