{"host":"hd496gdorkfoob6n","time":1608752363,"event":{"mods":["2.2 Compatiblity","BaseMod","Colored Map","Downfall","Minty Spire (QoL Compilation)","StSLib"],"gold_per_floor":[109,119,22,22,22,22,33,33,58,82,128,164,195,217,229,343,355,385,397,424,456,468,507,529,541,553,253,253,266,118,138,138,241,241,260,260,109,121,141,141,156,31,31,51,51,65,65,83,83,83],"floor_reached":51,"playtime":5640,"items_purged":["Strike_G","Defend_G","Parasite"],"score":623,"play_id":"534adfd0-2b41-4813-9b0c-0a33c72cb707","local_time":"20201223143923","is_ascension_mode":false,"campfire_choices":[{"data":"Crippling Poison","floor":6.0,"key":"SMITH"},{"data":"Deadly Poison","floor":8.0,"key":"SMITH"},{"floor":15.0,"key":"REST"},{"floor":25.0,"key":"REST"},{"data":"Bullet Time","floor":28.0,"key":"SMITH"},{"floor":32.0,"key":"REST"},{"data":"Bullet Time","floor":40.0,"key":"SMITH"},{"data":"Expertise","floor":45.0,"key":"SMITH"},{"data":"Prepared","floor":47.0,"key":"SMITH"},{"floor":49.0,"key":"REST"}],"circlet_count":0,"master_deck":["Strike_G","Strike_G","Defend_G","Survivor","Neutralize","Crippling Poison+1","Deadly Poison+1","Poisoned Stab","Backflip","Predator","Backflip","PiercingWail","Bullet Time+1","Dagger Throw+1","Quick Slash+1","Noxious Fumes+1","Calculated Gamble+1","PiercingWail","Terror+1","Finesse","Distraction+1","Prepared+1","Tactician+1","Bullet Time+1","Expertise+1","Bandage Up","Leg Sweep+1","Acrobatics+1","Poisoned Stab+1"],"relics":["Ring of the Snake","MawBank","Regal Pillow","Odd Mushroom","Astrolabe","Lantern","Juzu Bracelet","TwistedFunnel","Empty Cage","TheAbacus","Bottled Tornado"],"acts_visited":["Exordium","TheCity","TheBeyond"],"potions_floor_usage":[50,50],"damage_taken":[{"damage":0.0,"enemies":"Cultist","floor":1.0,"turns":4.0},{"damage":0.0,"enemies":"Jaw Worm","floor":2.0,"turns":5.0},{"damage":0.0,"enemies":"2 Louse","floor":7.0,"turns":2.0},{"damage":4.0,"enemies":"Looter","floor":10.0,"turns":3.0},{"damage":13.0,"enemies":"Gremlin Nob","floor":11.0,"turns":4.0},{"damage":18.0,"enemies":"The Mushroom Lair","floor":12.0,"turns":4.0},{"damage":5.0,"enemies":"Exordium Wildlife","floor":13.0,"turns":4.0},{"damage":9.0,"enemies":"Large Slime","floor":14.0,"turns":5.0},{"damage":8.0,"enemies":"Hexaghost","floor":16.0,"turns":9.0},{"damage":12.0,"enemies":"3 Byrds","floor":18.0,"turns":4.0},{"damage":13.0,"enemies":"Spheric Guardian","floor":20.0,"turns":5.0},{"damage":15.0,"enemies":"Shelled Parasite and Fungi","floor":21.0,"turns":5.0},{"damage":12.0,"enemies":"Gremlin Leader","floor":23.0,"turns":5.0},{"damage":12.0,"enemies":"Sentry and Sphere","floor":24.0,"turns":5.0},{"damage":10.0,"enemies":"Snake Plant","floor":29.0,"turns":3.0},{"damage":6.0,"enemies":"Centurion and Healer","floor":31.0,"turns":4.0},{"damage":64.0,"enemies":"Automaton","floor":33.0,"turns":10.0},{"damage":4.0,"enemies":"Orb Walker","floor":35.0,"turns":3.0},{"damage":6.0,"enemies":"3 Shapes","floor":38.0,"turns":4.0},{"damage":0.0,"enemies":"Writhing Mass","floor":39.0,"turns":5.0},{"damage":24.0,"enemies":"Maw","floor":41.0,"turns":7.0},{"damage":3.0,"enemies":"Jaw Worm Horde","floor":44.0,"turns":3.0},{"damage":19.0,"enemies":"3 Darklings","floor":46.0,"turns":3.0},{"damage":0.0,"enemies":"Writhing Mass","floor":48.0,"turns":4.0},{"damage":71,"enemies":"Donu and Deca","floor":50,"turns":10}],"seed_played":"8156155981317408990","potions_obtained":[{"floor":1.0,"key":"CultistPotion"},{"floor":10.0,"key":"Guardian:BlockOnCardUsePotion"},{"floor":12.0,"key":"ColorlessPotion"},{"floor":29.0,"key":"Dexterity Potion"},{"floor":31.0,"key":"SkillPotion"},{"floor":33.0,"key":"SkillPotion"},{"floor":35.0,"key":"Fruit Juice"},{"floor":38.0,"key":"DistilledChaos"}],"is_trial":false,"path_per_floor":["M","M","$","?","$","R","M","R","T","M","E","?","M","M","R","B",null,"M","?","M","M","?","E","M","R","T","$","R","M","$","M","R","B",null,"M","?","$","M","M","R","M","$","T","M","R","M","R","M","R","B",null],"character_chosen":"THE_SILENT","items_purchased":["Deadly Poison","Poisoned Stab","Finesse","TwistedFunnel","Prepared","TheAbacus"],"campfire_rested":4,"item_purchase_floors":[3,3,27,27,30,37],"current_hp_per_floor":[77,77,77,77,77,77,77,77,77,73,60,42,37,28,66,58,77,65,65,52,37,37,25,13,51,51,51,51,41,41,35,73,9,77,78,78,78,76,80,80,60,60,60,61,61,46,46,50,79,12],"gold":83,"neow_bonus":"TEN_PERCENT_HP_BONUS","is_daily":false,"chose_seed":false,"campfire_upgraded":6,"win_rate":0.0,"timestamp":1608752363,"path_taken":["M","M","$","?","?","R","?","R","T","M","E","?","M","M","R","BOSS","M","?","M","M","?","E","M","R","T","$","R","M","$","M","R","BOSS","M","?","$","M","M","R","M","$","T","M","R","M","R","M","R","BOSS"],"items_purchased_type":["Card","Card","Card","Relic","Card","Relic"],"build_version":"2020-12-13","purchased_purges":3,"victory":true,"max_hp_per_floor":[77,77,77,77,77,77,77,77,77,77,77,77,77,77,77,77,77,77,77,77,77,77,77,77,77,77,77,77,77,77,77,77,77,77,82,82,82,82,82,82,82,79,79,79,79,79,79,79,79,79],"card_choices":[{"not_picked":["Heel Hook","Quick Slash","All Out Attack"],"picked":"SKIP","floor":1.0},{"not_picked":["Reflex","Leg Sweep"],"picked":"Crippling Poison","floor":2.0},{"not_picked":["Dagger Throw","Flying Knee"],"picked":"Backflip","floor":7.0},{"not_picked":["Quick Slash","Heel Hook","Blade Dance"],"picked":"SKIP","floor":10.0},{"not_picked":["Underhanded Strike","Blade Dance"],"picked":"Predator","floor":11.0},{"not_picked":["PiercingWail","Dagger Spray"],"picked":"Backflip","floor":12.0},{"not_picked":["Dagger Throw","Terror"],"picked":"PiercingWail","floor":13.0},{"not_picked":["Blade Dance","Skewer","Flechettes"],"picked":"SKIP","floor":14.0},{"not_picked":["Burst","Venomology"],"picked":"Bullet Time","floor":16.0},{"not_picked":["Quick Slash","Dagger Spray+1"],"picked":"Calculated Gamble+1","floor":18.0},{"not_picked":["Choke","Noxious Fumes+1","Caltrops+1"],"picked":"SKIP","floor":20.0},{"not_picked":["Sucker Punch","Expertise"],"picked":"PiercingWail","floor":21.0},{"not_picked":["Blade Dance","Escape Plan"],"picked":"Terror+1","floor":23.0},{"not_picked":["Masterful Stab","Flying Knee+1","PiercingWail+1"],"picked":"SKIP","floor":24.0},{"not_picked":["Dash","Deadly Poison"],"picked":"Distraction+1","floor":29.0},{"not_picked":["Choke","Flechettes"],"picked":"Tactician+1","floor":31.0},{"not_picked":["Glass Knife","Unload"],"picked":"Bullet Time","floor":33.0},{"not_picked":["Crippling Poison","Dagger Spray"],"picked":"Expertise","floor":35.0},{"not_picked":["expansioncontent:BronzeBeam","Impatience"],"picked":"Bandage Up","floor":36.0},{"not_picked":["Predator+1","Flying Knee+1"],"picked":"Leg Sweep+1","floor":38.0},{"not_picked":["Finisher","Dagger Throw+1","Distraction"],"picked":"SKIP","floor":39.0},{"not_picked":["Backflip+1","Sucker Punch"],"picked":"Acrobatics+1","floor":41.0},{"not_picked":["Dagger Throw+1","Dagger Spray+1","Underhanded Strike"],"picked":"SKIP","floor":44.0},{"not_picked":["Sucker Punch","Quick Slash","Tools of the Trade"],"picked":"SKIP","floor":46.0},{"not_picked":["Eviscerate","Slice"],"picked":"Poisoned Stab+1","floor":48.0}],"player_experience":62213,"relics_obtained":[{"floor":9.0,"key":"MawBank"},{"floor":11.0,"key":"Regal Pillow"},{"floor":12.0,"key":"Odd Mushroom"},{"floor":23.0,"key":"Lantern"},{"floor":26.0,"key":"Juzu Bracelet"},{"floor":43.0,"key":"Bottled Tornado"}],"event_choices":[{"damage_healed":0.0,"max_hp_gain":0.0,"max_hp_loss":0.0,"gold_gain":0.0,"event_name":"Liars Game","player_choice":"Ignored","floor":4.0,"gold_loss":0.0,"damage_taken":0.0},{"damage_healed":0.0,"max_hp_gain":0.0,"max_hp_loss":0.0,"gold_gain":0.0,"event_name":"Mushrooms","player_choice":"Fought Mushrooms","floor":12.0,"gold_loss":0.0,"damage_taken":0.0},{"damage_healed":0.0,"max_hp_gain":0.0,"max_hp_loss":0.0,"gold_gain":0.0,"event_name":"Ghosts","player_choice":"Ignored","floor":19.0,"gold_loss":0.0,"damage_taken":0.0},{"damage_healed":0.0,"max_hp_gain":0.0,"max_hp_loss":0.0,"gold_gain":0.0,"event_name":"Vampires","player_choice":"Ignored","floor":22.0,"gold_loss":0.0,"damage_taken":0.0},{"damage_healed":0.0,"max_hp_gain":0.0,"max_hp_loss":0.0,"gold_gain":0.0,"event_name":"SensoryStone","player_choice":"Memory 1","floor":36.0,"gold_loss":0.0,"damage_taken":0.0}],"is_beta":false,"boss_relics":[{"not_picked":["Ring of the Serpent","Coffee Dripper"],"picked":"Astrolabe"},{"not_picked":["Runic Pyramid","SacredBark"],"picked":"Empty Cage"}],"items_purged_floors":[27,30,42],"is_endless":false,"potions_floor_spawned":[1,10,12,14,29,31,33,35,38],"ascension_level":0}}