{"host":"qbvxbacgnxuisbbe","time":1608732488,"event":{"mods":["Act Like it!","Alarm Clock","BaseMod","Friendly Minions","Gensokyo","Minty Spire (QoL Compilation)","Spicy Shops","StSLib","Uncapped"],"gold_per_floor":[119,119,119,7,7,7,36,36,36,36,36,56,56,56],"floor_reached":13,"playtime":337,"items_purged":[],"score":148,"play_id":"64862b44-6a43-4b8d-8d77-cdd1adf23483","local_time":"20201223140808","is_ascension_mode":true,"campfire_choices":[{"data":"Wild Strike","floor":6,"key":"SMITH"},{"data":"Feed","floor":8,"key":"SMITH"}],"circlet_count":0,"master_deck":["AscendersBane","Strike_R","Strike_R","Strike_R","Strike_R","Strike_R","Defend_R","Defend_R","Defend_R","Defend_R","Bash","Wild Strike+1","Feed+1","Demon Form","Cleave"],"relics":["Burning Blood","Omamori","The Courier","TungstenRod","Magic Flower","Gensokyo:CelestialsFlawlessClothing"],"acts_visited":["Exordium"],"potions_floor_usage":[13],"damage_taken":[{"damage":8,"enemies":"Gensokyo:Python","floor":1,"turns":3},{"damage":28,"enemies":"Gensokyo:Mamizou","floor":7,"turns":8},{"damage":3,"enemies":"Gensokyo:3_Fairies","floor":12,"turns":5},{"damage":20,"enemies":"Gensokyo:Aya","floor":13,"turns":4}],"seed_played":"2137665366270417938","potions_obtained":[{"floor":7,"key":"Swift Potion"}],"is_trial":false,"path_per_floor":["M","?","T","COS","$","R","E","R","T","?","$","M","E"],"character_chosen":"IRONCLAD","items_purchased":[],"campfire_rested":0,"item_purchase_floors":[],"current_hp_per_floor":[66,66,66,66,66,66,44,44,44,23,23,29,9,9],"gold":56,"neow_bonus":"RANDOM_COMMON_RELIC","is_daily":false,"chose_seed":false,"campfire_upgraded":2,"win_rate":0.0,"timestamp":1608732488,"path_taken":["M","?","?","COS","?","R","E","R","T","?","?","M","E"],"items_purchased_type":[],"build_version":"2020-12-22","purchased_purges":0,"victory":false,"max_hp_per_floor":[75,75,75,75,75,75,75,75,75,75,75,75,75,75],"card_choices":[{"not_picked":["Sword Boomerang","Body Slam"],"picked":"Wild Strike","floor":1},{"not_picked":["Armaments","Body Slam"],"picked":"Feed","floor":7},{"not_picked":["Reaper","Impervious"],"picked":"Demon Form","floor":12},{"not_picked":["Perfected Strike","Spot Weakness"],"picked":"Cleave","floor":12}],"player_experience":116629,"relics_obtained":[{"floor":3,"key":"The Courier"},{"floor":7,"key":"TungstenRod"},{"floor":9,"key":"Magic Flower"}],"event_choices":[],"is_beta":false,"boss_relics":[],"items_purged_floors":[],"is_endless":false,"potions_floor_spawned":[7],"killed_by":"Gensokyo:Aya","ascension_level":20}}