{"host":"e8rlfedn69rz2s07","time":1608684245,"event":{"mods":["Act Like it!","BaseMod","Conspire","Hubris","Infinite Spire","Minty Spire (QoL Compilation)","Permanent Neow","Relic Stats","Replay The Spire","Shop Mod","StSLib","The Jungle"],"gold_per_floor":[115,132,144,144,161,187,236,236,260,260,276,276,12,47,47,121,121,138,152,152,186,203,234,234,264,291,134,163,163,263,277,277,356,356,368,238,460,477,223,257,257,277,302,302,316,342,342,342,342,342,342,342,342,592,1211,1229],"floor_reached":57,"playtime":3493,"items_purged":["Strike_B","Strike_B","Strike_B+1","hubris:SpecializedCircuitry+1"],"score":2827,"play_id":"9c848a65-1ab2-4b2d-a62c-f9477fa33610","local_time":"20201223024405","is_ascension_mode":true,"campfire_choices":[{"floor":10.0,"key":"REST"},{"data":"FIFO Queue","floor":12.0,"key":"SMITH"},{"data":"Streamline","floor":15.0,"key":"SMITH"},{"floor":24.0,"key":"REST"},{"data":"Loop","floor":29.0,"key":"SMITH"},{"floor":32.0,"key":"REST"},{"floor":41.0,"key":"REST"},{"floor":44.0,"key":"REST"},{"floor":49.0,"key":"RECALL"},{"data":"Consume","floor":53.0,"key":"SMITH"}],"circlet_count":0,"master_deck":["AscendersBane","Defend_B","Defend_B","Defend_B","Defend_B","Zap+1","Dualcast","Streamline+1","Cold Snap","Coolheaded","Cold Snap","Ball Lightning","FIFO Queue+1","Leap","Electrodynamics","Cold Snap","ReplayTheSpireMod:Omega Cannon","Echo Form+1","ReplaySolidLightProjector","Conserve Battery","Panic Button","Loop+1","Go for the Eyes+1","Consume+1","Force Field+1","Coolheaded","Echo Form","Force Field+1","Cold Snap","BasicCrystalCard","Capacitor","Echo Form","Go for the Eyes+1","Conserve Battery","hubris:PowerSurge","infinitespire:Gouge","Writhe","Skim","Capacitor+1"],"relics":["Cracked Core","ReplayTheSpireMod:Shallot","Smiling Mask","infinitespire:Freezer","Dream Catcher","TungstenRod","Replay:Grab Bag","conspire:SlowCooker","ChewingGum","hubris:Backtick","Mummified Hand","conspire:SpecialSausage","Red Mask","infinitespire:BottledMercury","Prayer Wheel","Potion Belt","Whetstone","hubris:64BitClover","conspire:DecoderRing","hubris:RunicObelisk","DollysMirror","Ornamental Fan","Replay:Baseball","Guide Book","hubris:NiceRug","Bronze Scales","hubris:CuriousFeather","conspire:TreasureMap","infinitespire:Midas Blood"],"acts_visited":["Exordium","TheCity","TheBeyond","TheEnding"],"potions_floor_usage":[55,55,56,56],"damage_taken":[{"damage":2.0,"enemies":"Cultist","floor":1.0,"turns":4.0},{"damage":1.0,"enemies":"2 Louse","floor":2.0,"turns":3.0},{"damage":4.0,"enemies":"Jaw Worm","floor":3.0,"turns":3.0},{"damage":0.0,"enemies":"Looter","floor":5.0,"turns":3.0},{"damage":4.0,"enemies":"3 Sentries","floor":6.0,"turns":9.0},{"damage":7.0,"enemies":"Lots of Slimes","floor":11.0,"turns":4.0},{"damage":11.0,"enemies":"Lagavulin","floor":14.0,"turns":7.0},{"damage":1.0,"enemies":"The Guardian","floor":16.0,"turns":12.0},{"damage":0.0,"enemies":"Chosen","floor":18.0,"turns":4.0},{"damage":2.0,"enemies":"conspire:FuzzyDice","floor":19.0,"turns":6.0},{"damage":18.0,"enemies":"Masked Bandits","floor":21.0,"turns":4.0},{"damage":1.0,"enemies":"Snake Plant","floor":22.0,"turns":5.0},{"damage":3.0,"enemies":"conspire:Head Lice","floor":23.0,"turns":9.0},{"damage":11.0,"enemies":"Book of Stabbing","floor":25.0,"turns":6.0},{"damage":3.0,"enemies":"conspire:SneckoGhost","floor":28.0,"turns":5.0},{"damage":3.0,"enemies":"Colosseum Slavers","floor":30.0,"turns":3.0},{"damage":19.0,"enemies":"Colosseum Nobs","floor":30.0,"turns":4.0},{"damage":4.0,"enemies":"Cultist and Chosen","floor":31.0,"turns":6.0},{"damage":13.0,"enemies":"conspire:MysteriousRune","floor":33.0,"turns":11.0},{"damage":6.0,"enemies":"3 Shapes","floor":35.0,"turns":4.0},{"damage":0.0,"enemies":"Orb Walker","floor":38.0,"turns":3.0},{"damage":28.0,"enemies":"Reptomancer","floor":40.0,"turns":3.0},{"damage":9.0,"enemies":"Spire Growth","floor":42.0,"turns":5.0},{"damage":0.0,"enemies":"Maw","floor":45.0,"turns":8.0},{"damage":19.0,"enemies":"R_Hoarder","floor":46.0,"turns":9.0},{"damage":9.0,"enemies":"hubris:GrandSnecko","floor":50.0,"turns":8.0},{"damage":12.0,"enemies":"infinitespire:MassOfShapes","floor":51.0,"turns":10.0},{"damage":0,"enemies":"hubris:Merchant","floor":54,"turns":7},{"damage":18,"enemies":"Shield and Spear","floor":55,"turns":11},{"damage":26,"enemies":"The Heart","floor":56,"turns":11}],"seed_played":"60158261751940631","potions_obtained":[{"floor":5.0,"key":"AttackPotion"},{"floor":6.0,"key":"Energy Potion"},{"floor":11.0,"key":"Languid Potion"},{"floor":16.0,"key":"ColorlessPotion"},{"floor":22.0,"key":"LiquidBronze"},{"floor":25.0,"key":"Regen Potion"},{"floor":30.0,"key":"CultistPotion"},{"floor":31.0,"key":"Dexterity Potion"},{"floor":33.0,"key":"LiquidMemories"},{"floor":38.0,"key":"infinitespire:BlackPotion"},{"floor":42.0,"key":"Toxic Potion"},{"floor":54,"key":"DistilledChaos"},{"floor":54,"key":"SkillPotion"},{"floor":55,"key":"infinitespire:BlackPotion"}],"is_trial":false,"path_per_floor":["M","M","M","?","M","E","T","?","T","R","M","R","$","E","R","B",null,"M","M","$","?","M","E","R","E","T","$","E","R","?","M","R","B",null,"M","$","?","M","$","E","R","M","T","R","M","E","AVR","?","R","B","B",null,"R","$","E","B",null],"character_chosen":"DEFECT","items_purchased":["Electrodynamics","Cold Snap","FocusPotion","Energy Potion","DuplicationPotion","Capacitor","DollysMirror"],"campfire_rested":5,"item_purchase_floors":[13,13,27,27,36,39,39],"current_hp_per_floor":[62,61,57,39,39,35,35,35,35,56,49,49,49,38,38,37,63,63,61,61,43,42,39,60,49,49,49,46,46,36,32,53,40,63,57,57,57,57,57,29,50,41,41,62,62,43,43,57,57,48,36,62,62,62,44,18],"gold":1229,"neow_bonus":"UPGRADE_CARD","is_daily":false,"chose_seed":false,"campfire_upgraded":4,"win_rate":0.0,"timestamp":1608684245,"path_taken":["M","M","?","?","M","E","?","?","T","R","M","R","$","E","R","BOSS","M","M","?","?","M","E","R","E","T","$","E","R","?","M","R","BOSS","M","$","?","M","?","E","R","M","T","R","?","E","AVR","?","R","BOSS","BOSS","R","$","E","BOSS"],"items_purchased_type":["Card","Card","Potion","Potion","Potion","Card","Relic"],"build_version":"2020-12-13","purchased_purges":4,"victory":true,"max_hp_per_floor":[71,71,71,71,71,71,71,71,71,71,71,71,71,71,71,71,71,71,71,71,71,71,71,71,71,71,71,71,71,71,71,71,71,71,71,71,71,71,71,71,71,71,71,71,71,71,71,71,71,71,71,71,71,71,71,71],"relic_stats":{"Dream Catcher":5,"counters":[30,187],"Mummified Hand":[140],"Ornamental Fan":[116],"Bronze Scales":[193],"Prayer Wheel":5,"Whetstone":["Go for the Eyes","Strike_B"],"Smiling Mask":250,"obtain_stats":[{"infinitespire:BottledMercury":23,"conspire:SpecialSausage":17,"Whetstone":28,"hubris:RunicObelisk":34,"Smiling Mask":6,"Dream Catcher":9,"hubris:Backtick":17,"Mummified Hand":17,"DollysMirror":39,"conspire:DecoderRing":30,"Prayer Wheel":25,"hubris:CuriousFeather":54,"Red Mask":21,"Cracked Core":0,"Potion Belt":26,"conspire:TreasureMap":54,"hubris:64BitClover":30,"Replay:Grab Bag":17,"Guide Book":47,"conspire:SlowCooker":17,"Replay:Baseball":46,"ReplayTheSpireMod:Shallot":4,"Ornamental Fan":40,"Bronze Scales":54,"ChewingGum":17,"TungstenRod":14,"infinitespire:Freezer":7,"hubris:NiceRug":54,"infinitespire:Midas Blood":55},{"infinitespire:BottledMercury":13,"conspire:SpecialSausage":8,"Whetstone":15,"hubris:RunicObelisk":19,"Smiling Mask":5,"Dream Catcher":5,"hubris:Backtick":8,"Mummified Hand":8,"DollysMirror":21,"conspire:DecoderRing":17,"Prayer Wheel":14,"hubris:CuriousFeather":28,"Red Mask":11,"Cracked Core":0,"Potion Belt":14,"conspire:TreasureMap":28,"hubris:64BitClover":17,"Replay:Grab Bag":8,"Guide Book":25,"conspire:SlowCooker":8,"Replay:Baseball":25,"ReplayTheSpireMod:Shallot":3,"Ornamental Fan":22,"Bronze Scales":28,"ChewingGum":8,"TungstenRod":7,"infinitespire:Freezer":5,"hubris:NiceRug":28,"infinitespire:Midas Blood":29},{"infinitespire:BottledMercury":73,"conspire:SpecialSausage":45,"Whetstone":84,"hubris:RunicObelisk":108,"Smiling Mask":22,"Dream Catcher":22,"hubris:Backtick":45,"Mummified Hand":45,"DollysMirror":115,"conspire:DecoderRing":91,"Prayer Wheel":79,"hubris:CuriousFeather":165,"Red Mask":59,"Cracked Core":0,"Potion Belt":79,"conspire:TreasureMap":165,"hubris:64BitClover":91,"Replay:Grab Bag":45,"Guide Book":140,"conspire:SlowCooker":45,"Replay:Baseball":140,"ReplayTheSpireMod:Shallot":10,"Ornamental Fan":118,"Bronze Scales":165,"ChewingGum":45,"TungstenRod":33,"infinitespire:Freezer":22,"hubris:NiceRug":165,"infinitespire:Midas Blood":176}],"TungstenRod":51},"card_choices":[{"not_picked":["Beam Cell","Sweeping Beam"],"picked":"Streamline","floor":1.0},{"not_picked":["Tempest","BasicCrystalCard"],"picked":"Cold Snap","floor":2.0},{"not_picked":["BasicCrystalCard","Barrage"],"picked":"Coolheaded","floor":3.0},{"not_picked":["Fusion","Conserve Battery"],"picked":"Cold Snap","floor":5.0},{"not_picked":["Steam","ReplayTheSpireMod:GoodbyeWorld"],"picked":"Ball Lightning","floor":6.0},{"not_picked":["Time Bomb","Conserve Battery"],"picked":"FIFO Queue","floor":10.0},{"not_picked":["Redo","Fusion"],"picked":"Leap","floor":11.0},{"not_picked":["Steam","Aggregate"],"picked":"ReplayTheSpireMod:Omega Cannon","floor":14.0},{"not_picked":["Mirror Shield","Multi-Cast"],"picked":"Echo Form","floor":16.0},{"not_picked":["Ball Lightning+1","Fusion"],"picked":"ReplaySolidLightProjector","floor":18.0},{"not_picked":["Storm","Chill+1"],"picked":"Conserve Battery","floor":19.0},{"not_picked":["ReplaySort","Redo+1"],"picked":"Panic Button","floor":21.0},{"not_picked":["Beam Cell","Ball Lightning","Barrage"],"picked":"SKIP","floor":22.0},{"not_picked":["Leap","Capacitor"],"picked":"Loop","floor":23.0},{"not_picked":["Sweeping Beam","Gash"],"picked":"Go for the Eyes","floor":24.0},{"not_picked":["hubris:Ukulele+1","Glacier"],"picked":"Consume","floor":25.0},{"not_picked":["Rebound","ReplayTheSpireMod:Reroute Power","Ball Lightning"],"picked":"SKIP","floor":28.0},{"not_picked":["ReplaySolidLightProjector","Reboot"],"picked":"Force Field+1","floor":31.0},{"not_picked":["Sweeping Beam+1","Rebound","Stack"],"picked":"SKIP","floor":31.0},{"not_picked":["Steam","ReplayTheSpireMod:GoodbyeWorld"],"picked":"Coolheaded","floor":32.0},{"not_picked":["Biased Cognition","ReplayTheSpireMod:Omega Cannon"],"picked":"Echo Form","floor":33.0},{"not_picked":["Steam","Conserve Battery"],"picked":"Force Field+1","floor":35.0},{"not_picked":["Consume","Lockon"],"picked":"Cold Snap","floor":35.0},{"not_picked":["Leap","Force Field"],"picked":"BasicCrystalCard","floor":38.0},{"not_picked":["Leap","Conserve Battery","Rebound+1"],"picked":"SKIP","floor":38.0},{"not_picked":["FIFO Queue","Steam"],"picked":"Go for the Eyes+1","floor":40.0},{"not_picked":["Reinforced Body","FIFO Queue"],"picked":"Conserve Battery","floor":41.0},{"not_picked":["Force Field","Heatsinks","Steam"],"picked":"SKIP","floor":42.0},{"not_picked":["All For One","FTL","BasicCrystalCard+1"],"picked":"SKIP","floor":42.0},{"not_picked":["Stack","Force Field","Rebound"],"picked":"SKIP","floor":45.0},{"not_picked":["BasicCrystalCard","Genetic Algorithm","ReplayRNGCard"],"picked":"SKIP","floor":45.0},{"not_picked":["Compile Driver+1","Steam+1"],"picked":"hubris:PowerSurge","floor":46.0},{"not_picked":[],"picked":"Skim","floor":54},{"not_picked":["Go for the Eyes"],"picked":"SKIP","floor":54},{"not_picked":["Ball Lightning"],"picked":"SKIP","floor":54},{"not_picked":["Genetic Algorithm"],"picked":"SKIP","floor":54},{"not_picked":["Static Discharge"],"picked":"SKIP","floor":54},{"not_picked":["Replay:BasicMightCard"],"picked":"SKIP","floor":54},{"not_picked":["Magnetism"],"picked":"SKIP","floor":54},{"not_picked":["Redo","Reprogram"],"picked":"Capacitor+1","floor":55}],"player_experience":915157,"relics_obtained":[{"floor":6.0,"key":"Smiling Mask"},{"floor":7.0,"key":"infinitespire:Freezer"},{"floor":9.0,"key":"Dream Catcher"},{"floor":14.0,"key":"TungstenRod"},{"floor":21.0,"key":"Red Mask"},{"floor":23.0,"key":"infinitespire:BottledMercury"},{"floor":25.0,"key":"Prayer Wheel"},{"floor":26.0,"key":"Potion Belt"},{"floor":28.0,"key":"Whetstone"},{"floor":30.0,"key":"hubris:64BitClover"},{"floor":30.0,"key":"conspire:DecoderRing"},{"floor":40.0,"key":"Ornamental Fan"},{"floor":46.0,"key":"Replay:Baseball"},{"floor":54,"key":"Bronze Scales"},{"floor":54,"key":"hubris:CuriousFeather"},{"floor":54,"key":"conspire:TreasureMap"},{"floor":55,"key":"infinitespire:Midas Blood"}],"event_choices":[{"damage_healed":0.0,"max_hp_gain":0.0,"max_hp_loss":0.0,"gold_gain":0.0,"event_name":"Scrap Ooze","player_choice":"Success","floor":4.0,"gold_loss":0.0,"damage_taken":18.0,"relics_obtained":["ReplayTheSpireMod:Shallot"]},{"damage_healed":0.0,"max_hp_gain":0.0,"max_hp_loss":0.0,"gold_gain":0.0,"cards_transformed":["Strike_B"],"event_name":"Transmorgrifier","player_choice":"Transformed","floor":8.0,"gold_loss":0.0,"damage_taken":0.0,"cards_obtained":["hubris:SpecializedCircuitry"]},{"damage_healed":0.0,"max_hp_gain":0.0,"max_hp_loss":0.0,"gold_gain":0.0,"event_name":"Masked Bandits","player_choice":"Fought Bandits","floor":21.0,"gold_loss":0.0,"damage_taken":0.0},{"damage_healed":0.0,"max_hp_gain":0.0,"max_hp_loss":0.0,"gold_gain":0.0,"event_name":"Colosseum","player_choice":"Fight","floor":30.0,"gold_loss":0.0,"damage_taken":0.0},{"damage_healed":0.0,"max_hp_gain":0.0,"max_hp_loss":0.0,"gold_gain":0.0,"event_name":"Colosseum","player_choice":"Fought Nobs","floor":30.0,"gold_loss":0.0,"damage_taken":0.0},{"damage_healed":0.0,"max_hp_gain":0.0,"max_hp_loss":0.0,"gold_gain":222.0,"event_name":"Tomb of Lord Red Mask","player_choice":"Wore Mask","floor":37.0,"gold_loss":0.0,"damage_taken":0.0},{"damage_healed":14.0,"max_hp_gain":0.0,"max_hp_loss":0.0,"gold_gain":0.0,"event_name":"Winding Halls","player_choice":"Writhe","floor":48.0,"gold_loss":0.0,"damage_taken":0.0,"cards_obtained":["Writhe"]}],"is_beta":false,"boss_relics":[{"not_picked":["Ectoplasm","Sozu"],"picked":"Replay:Grab Bag"},{"not_picked":["Busted Crown","hubris:CrackedHourglass"],"picked":"conspire:SlowCooker"},{"not_picked":["Runic Dome","Velvet Choker"],"picked":"ChewingGum"},{"not_picked":["Kintsugi","FrozenCore"],"picked":"hubris:Backtick"},{"not_picked":["Snecko Heart","Calling Bell"],"picked":"conspire:SpecialSausage"},{"not_picked":["hubris:BlackHole","Astrolabe"],"picked":"hubris:RunicObelisk"}],"items_purged_floors":[13,27,36,54],"is_endless":false,"potions_floor_spawned":[5,6,11,16,22,25,30,30,31,33,38,42,55],"ascension_level":20}}