{"host":"lfvzmjxeah1kcl2k","time":1608733892,"event":{"mods":["BaseMod","Minty Spire (QoL Compilation)","MostiFishMod","Quick Restart","RumiaBox-露米娅的神秘盒子","StSLib"],"gold_per_floor":[116,116,116,116,116,148,148,166,166,192,204,196,230,319,319,414,414,433,26,39,55,55,82,82,115,115,140,240,270,287,300,300,401,401,413,413,429,354,365,279,279,302,302,321,332,342,371,79,79,79,79,79,29,63,63],"floor_reached":56,"playtime":2990,"items_purged":["Barricade","MostiFishMod:WingOfPhoenix"],"score":1859,"play_id":"6d5dac11-ed70-40fe-87a9-47793482d61f","local_time":"20201223223132","is_ascension_mode":true,"campfire_choices":[{"data":"Immolate","floor":7.0,"key":"SMITH"},{"data":"Armaments","floor":15.0,"key":"SMITH"},{"data":"Burning Pact","floor":24.0,"key":"SMITH"},{"data":"True Grit","floor":32.0,"key":"SMITH"},{"data":"Body Slam","floor":41,"key":"SMITH"},{"floor":49,"key":"RECALL"},{"data":"Evolve","floor":52,"key":"SMITH"}],"circlet_count":0,"master_deck":["Immolate+1","Brutality","Limit Break","MostiFishMod:NewArrival","Berserk","Fiend Fire","Limit Break","Shrug It Off","Evolve+1","Armaments+1","Disarm","Burning Pact+1","Impervious","Sentinel+1","MostiFishMod:#F4004","Power Through","Havoc+1","Feel No Pain+1","Battle Trance","Shrug It Off+1","Dark Embrace+1","Reckless Charge","Rupture+1","True Grit+1","Intimidate","Body Slam+1","MostiFishMod:BrokenBlackCloak","Juggernaut+1"],"relics":["Burning Blood","DaveBox","BionicSphere","NeowsBlessing","SumBook","Turnip","MagicDraw2","Question Card","OriginationStaff","HaiYi:Twilight","GodSword3","Orrery","Enchiridion","Frozen Egg 2","GodSword4","MagicDraw4","Bird Faced Urn","Meat on the Bone","Ginger","Baka2","JellyFishMachine","Akabeko","Ornamental Fan","Omamori","GodSword5","Bottled Tornado","White Beast Statue"],"acts_visited":["Exordium","TheCity","TheBeyond","TheEnding"],"potions_floor_usage":[46,46,55,55,55,55],"damage_taken":[{"damage":0.0,"enemies":"Small Slimes","floor":1.0,"turns":1.0},{"damage":2.0,"enemies":"Gremlin Nob","floor":6.0,"turns":3.0},{"damage":0.0,"enemies":"2 Louse","floor":8.0,"turns":1.0},{"damage":4.0,"enemies":"3 Sentries","floor":10.0,"turns":2.0},{"damage":0.0,"enemies":"Jaw Worm","floor":11.0,"turns":2.0},{"damage":0.0,"enemies":"Exordium Thugs","floor":12.0,"turns":3.0},{"damage":0.0,"enemies":"Gremlin Nob","floor":13.0,"turns":4.0},{"damage":0.0,"enemies":"Large Slime","floor":14.0,"turns":10.0},{"damage":0.0,"enemies":"The Guardian","floor":16.0,"turns":8.0},{"damage":4.0,"enemies":"Chosen","floor":18.0,"turns":6.0},{"damage":1.0,"enemies":"2 Thieves","floor":20.0,"turns":4.0},{"damage":0.0,"enemies":"Centurion and Healer","floor":21.0,"turns":7.0},{"damage":3.0,"enemies":"Slavers","floor":23.0,"turns":4.0},{"damage":1.0,"enemies":"Gremlin Leader","floor":25.0,"turns":4.0},{"damage":7.0,"enemies":"Book of Stabbing","floor":27.0,"turns":5.0},{"damage":6.0,"enemies":"Colosseum Slavers","floor":28.0,"turns":3.0},{"damage":0.0,"enemies":"Colosseum Nobs","floor":28.0,"turns":5.0},{"damage":0.0,"enemies":"Slavers","floor":29.0,"turns":4.0},{"damage":1.0,"enemies":"Sentry and Sphere","floor":30.0,"turns":3.0},{"damage":0.0,"enemies":"Snecko","floor":31.0,"turns":4.0},{"damage":3.0,"enemies":"Collector","floor":33.0,"turns":5.0},{"damage":0.0,"enemies":"3 Shapes","floor":35.0,"turns":4.0},{"damage":6.0,"enemies":"Orb Walker","floor":37.0,"turns":4.0},{"damage":0.0,"enemies":"Transient","floor":39.0,"turns":5.0},{"damage":11.0,"enemies":"Nemesis","floor":40.0,"turns":7.0},{"damage":1,"enemies":"Giant Head","floor":42,"turns":2},{"damage":36,"enemies":"3 Darklings","floor":44,"turns":3},{"damage":0,"enemies":"Jaw Worm Horde","floor":45,"turns":4},{"damage":0,"enemies":"Transient","floor":46,"turns":5},{"damage":0,"enemies":"Reptomancer","floor":47,"turns":3},{"damage":36,"enemies":"Awakened One","floor":50,"turns":6},{"damage":14,"enemies":"Shield and Spear","floor":54,"turns":4},{"damage":0,"enemies":"The Heart","floor":55,"turns":4}],"seed_played":"2718661124291771535","potions_obtained":[{"floor":8.0,"key":"Explosive Potion"},{"floor":16.0,"key":"Swift Potion"},{"floor":20.0,"key":"Swift Potion"},{"floor":27.0,"key":"Swift Potion"},{"floor":31.0,"key":"HeartOfIron"},{"floor":33.0,"key":"GamblersBrew"},{"floor":37.0,"key":"EssenceOfSteel"},{"floor":40,"key":"ColorlessPotion"},{"floor":46,"key":"Dexterity Potion"}],"is_trial":false,"path_per_floor":["M","?","?","?","?","E","R","M","T","E","M","M","E","M","R","B",null,"M","$","M","M","?","E","R","E","T","E","?","E","M","M","R","B",null,"M","?","M","$","M","E","R","E","T","M","M","M","E","$","R","B",null,"R","$","E","B",null],"character_chosen":"IRONCLAD","items_purchased":["GodSword3","Orrery","MostiFishMod:BrokenBlackCloak","PowerPotion"],"campfire_rested":0,"item_purchase_floors":[19,19,48,53],"current_hp_per_floor":[80,85,78,78,66,73,73,73,73,75,81,87,88,88,88,88,88,88,88,88,92,76,79,79,84,84,83,89,92,92,92,92,92,92,92,92,91,91,102,102,102,102,102,77,102,102,102,102,102,73,102,102,102,95,102],"gold":63,"neow_bonus":"THREE_ENEMY_KILL","is_daily":false,"chose_seed":false,"campfire_upgraded":6,"win_rate":0.0,"timestamp":1608733892,"path_taken":["M","?","?","?","?","E","R","M","T","E","M","M","E","M","R","BOSS","M","$","M","M","?","E","R","E","T","E","?","E","M","M","R","BOSS","M","?","M","?","M","E","R","E","T","M","M","M","E","?","R","BOSS","R","$","E","BOSS"],"items_purchased_type":["Relic","Relic","Card","Potion"],"build_version":"2020-12-22","purchased_purges":2,"victory":true,"max_hp_per_floor":[80,85,85,85,85,88,88,88,88,88,88,88,88,88,88,88,88,88,88,88,92,92,92,92,92,92,92,92,92,92,92,92,92,92,92,92,102,102,102,102,102,102,102,102,102,102,102,102,102,102,102,102,102,102,102],"card_choices":[{"not_picked":["Havoc","Clash","Iron Wave"],"picked":"SKIP","floor":1.0},{"not_picked":["Carnage","Clash"],"picked":"Shrug It Off","floor":6.0},{"not_picked":["Perfected Strike","Uppercut","Wild Strike"],"picked":"SKIP","floor":8.0},{"not_picked":["Twin Strike","Rage"],"picked":"Evolve","floor":10.0},{"not_picked":["Pummel","Thunderclap","Clash","Warcry"],"picked":"SKIP","floor":11.0},{"not_picked":["Shrug It Off","Clothesline","Sword Boomerang"],"picked":"Armaments","floor":12.0},{"not_picked":["Intimidate","Shrug It Off","Heavy Blade"],"picked":"Disarm","floor":13.0},{"not_picked":["Searing Blow","Battle Trance","Blood for Blood"],"picked":"Burning Pact","floor":14.0},{"not_picked":["Reaper","MostiFishMod:Chiaki","Offering"],"picked":"Impervious","floor":16.0},{"not_picked":["Wild Strike","Clash+1","Perfected Strike","Flex"],"picked":"SKIP","floor":18.0},{"not_picked":["Heavy Blade","Berserk","Headbutt"],"picked":"Sentinel+1","floor":19.0},{"not_picked":["Infernal Blade","Twin Strike","Cleave"],"picked":"MostiFishMod:#F4004","floor":19.0},{"not_picked":["Cleave","Havoc","Rampage+1"],"picked":"Power Through","floor":19.0},{"not_picked":["Carnage","Warcry","Armaments"],"picked":"Havoc+1","floor":19.0},{"not_picked":["Evolve+1","True Grit","Seeing Red"],"picked":"Feel No Pain+1","floor":19.0},{"not_picked":["Warcry","Heavy Blade","Sever Soul"],"picked":"Battle Trance","floor":20.0},{"not_picked":["Clash","Metallicize","Searing Blow"],"picked":"Shrug It Off+1","floor":21.0},{"not_picked":["Infernal Blade","Thunderclap","Demon Form+1"],"picked":"Dark Embrace+1","floor":23.0},{"not_picked":["Shrug It Off+1","Warcry","Wild Strike+1"],"picked":"Reckless Charge","floor":25.0},{"not_picked":["Clothesline","Inflame+1","MostiFishMod:BrandingRite"],"picked":"Rupture+1","floor":27.0},{"not_picked":["Flex","Bloodletting","Whirlwind"],"picked":"True Grit","floor":29.0},{"not_picked":["Disarm","Clothesline","MostiFishMod:BrandingRite"],"picked":"Intimidate","floor":30.0},{"not_picked":["Searing Blow+1","Wild Strike+1","Reaper","Whirlwind+1"],"picked":"SKIP","floor":31.0},{"not_picked":["Sentinel","MostiFishMod:#F4004+1","Inflame+1","Wild Strike"],"picked":"SKIP","floor":35.0},{"not_picked":["Twin Strike","Flex+1","Clothesline+1","Infernal Blade+1"],"picked":"SKIP","floor":37.0},{"not_picked":["Headbutt+1","Pummel+1","Cleave","Blood for Blood"],"picked":"SKIP","floor":39.0},{"not_picked":["Feel No Pain+1","Ghostly Armor","Hemokinesis+1"],"picked":"Body Slam","floor":40},{"not_picked":["Armaments+1","Shrug It Off+1","Corruption+1","Twin Strike+1"],"picked":"SKIP","floor":42},{"not_picked":["Cleave","Havoc+1","Thunderclap","Flex+1"],"picked":"SKIP","floor":44},{"not_picked":["Whirlwind+1","Perfected Strike+1","MostiFishMod:RacingGame","Iron Wave"],"picked":"SKIP","floor":45},{"not_picked":["Armaments+1","Sword Boomerang+1","Cleave","Flex"],"picked":"SKIP","floor":46},{"not_picked":["Shrug It Off","Dual Wield","Sentinel","Whirlwind"],"picked":"SKIP","floor":47},{"not_picked":["Perfected Strike","Pommel Strike","MostiFishMod:FireWorks"],"picked":"Juggernaut+1","floor":54}],"player_experience":30681,"relics_obtained":[{"floor":1.0,"key":"Baka"},{"floor":6.0,"key":"Turnip"},{"floor":9.0,"key":"MagicDraw2"},{"floor":10.0,"key":"Question Card"},{"floor":13.0,"key":"OriginationStaff"},{"floor":22.0,"key":"Enchiridion"},{"floor":23.0,"key":"Frozen Egg 2"},{"floor":25.0,"key":"GodSword4"},{"floor":27.0,"key":"MagicDraw4"},{"floor":28.0,"key":"Bird Faced Urn"},{"floor":28.0,"key":"Meat on the Bone"},{"floor":29.0,"key":"Ginger"},{"floor":33.0,"key":"Baka2"},{"floor":40,"key":"Ornamental Fan"},{"floor":42,"key":"Omamori"},{"floor":43,"key":"GodSword5"},{"floor":47,"key":"Bottled Tornado"},{"floor":54,"key":"White Beast Statue"}],"event_choices":[{"damage_healed":0.0,"max_hp_gain":5.0,"max_hp_loss":0.0,"gold_gain":0.0,"event_name":"Big Fish","player_choice":"Donut","floor":2.0,"gold_loss":0.0,"damage_taken":0.0},{"cards_removed":["Strike_R"],"damage_healed":0.0,"max_hp_gain":0.0,"max_hp_loss":0.0,"gold_gain":0.0,"event_name":"Golden Wing","player_choice":"Card Removal","floor":3.0,"gold_loss":0.0,"damage_taken":7.0},{"damage_healed":0.0,"max_hp_gain":0.0,"max_hp_loss":0.0,"gold_gain":0.0,"event_name":"Liars Game","player_choice":"Ignored","floor":4.0,"gold_loss":0.0,"damage_taken":0.0},{"damage_healed":0.0,"max_hp_gain":0.0,"max_hp_loss":0.0,"gold_gain":0.0,"event_name":"Scrap Ooze","player_choice":"Success","floor":5.0,"gold_loss":0.0,"damage_taken":12.0,"relics_obtained":["SumBook"]},{"damage_healed":0.0,"max_hp_gain":0.0,"max_hp_loss":0.0,"gold_gain":0.0,"event_name":"Cursed Tome","player_choice":"Obtained Book","floor":22.0,"gold_loss":0.0,"damage_taken":16.0},{"damage_healed":0.0,"max_hp_gain":0.0,"max_hp_loss":0.0,"gold_gain":0.0,"event_name":"Colosseum","player_choice":"Fight","floor":28.0,"gold_loss":0.0,"damage_taken":0.0},{"damage_healed":0.0,"max_hp_gain":0.0,"max_hp_loss":0.0,"gold_gain":0.0,"event_name":"Colosseum","player_choice":"Fought Nobs","floor":28.0,"gold_loss":0.0,"damage_taken":0.0},{"damage_healed":0.0,"max_hp_gain":0.0,"max_hp_loss":0.0,"gold_gain":0.0,"event_name":"WeMeetAgain","player_choice":"Gave Potion","floor":36.0,"gold_loss":0.0,"damage_taken":0.0,"relics_obtained":["Akabeko"]}],"is_beta":false,"boss_relics":[{"not_picked":["AddBug","NightmareShop"],"picked":"HaiYi:Twilight"},{"not_picked":["PatriotShield","Runic Dome"],"picked":"JellyFishMachine"}],"items_purged_floors":[38,48],"is_endless":false,"potions_floor_spawned":[8,16,20,27,28,31,33,37,40,44,46,47],"ascension_level":1}}