{"host":"mqhvlr3kpxebko0t","time":1608734667,"event":{"mods":["AchievementEnabler","BaseMod","Colored Map","Keyboard Shortcuts","Minty Spire (QoL Compilation)","StSLib","SuperFastMode"],"gold_per_floor":[114,129,143,157,157,157,82,110,136,156,156,181,202,217,217,316,316,336,350,166,166,189,189,189],"floor_reached":23,"playtime":442,"items_purged":["Strike_R","Strike_R"],"score":398,"play_id":"ca30ab41-76e2-4723-9821-39fc769018d8","local_time":"20201223234427","is_ascension_mode":true,"campfire_choices":[{"data":"Inflame","floor":6,"key":"SMITH"},{"data":"Armaments","floor":15,"key":"SMITH"}],"circlet_count":0,"master_deck":["AscendersBane","Strike_R","Strike_R","Strike_R","Defend_R","Defend_R","Defend_R","Defend_R","Bash","Evolve","Body Slam","Inflame+1","Immolate","Wild Strike","Ghostly Armor","Armaments+1","Bludgeon","Carnage","Power Through"],"relics":["Burning Blood","FossilizedHelix","Ancient Tea Set","Golden Idol","Coffee Dripper","Omamori"],"acts_visited":["Exordium","TheCity"],"potions_floor_usage":[5,8,13,19],"damage_taken":[{"damage":7.0,"enemies":"Cultist","floor":1.0,"turns":4.0},{"damage":23.0,"enemies":"Small Slimes","floor":2.0,"turns":4.0},{"damage":4.0,"enemies":"2 Louse","floor":3.0,"turns":4.0},{"damage":17.0,"enemies":"2 Fungi Beasts","floor":4.0,"turns":4.0},{"damage":0,"enemies":"Looter","floor":5,"turns":1},{"damage":42,"enemies":"Lagavulin","floor":8,"turns":8},{"damage":0,"enemies":"Large Slime","floor":10,"turns":4},{"damage":0,"enemies":"2 Fungi Beasts","floor":12,"turns":2},{"damage":0,"enemies":"Blue Slaver","floor":13,"turns":2},{"damage":4,"enemies":"Large Slime","floor":14,"turns":4},{"damage":33,"enemies":"Slime Boss","floor":16,"turns":9},{"damage":21,"enemies":"Shell Parasite","floor":18,"turns":5},{"damage":9,"enemies":"Chosen","floor":19,"turns":4},{"damage":27,"enemies":"Snake Plant","floor":22,"turns":4},{"damage":16,"enemies":"Book of Stabbing","floor":23,"turns":3}],"seed_played":"-2024010276348322635","potions_obtained":[{"floor":1.0,"key":"SmokeBomb"},{"floor":2.0,"key":"BlessingOfTheForge"},{"floor":8,"key":"Ancient Potion"},{"floor":10,"key":"SpeedPotion"},{"floor":12,"key":"Fire Potion"},{"floor":13,"key":"DuplicationPotion"}],"is_trial":false,"path_per_floor":["M","M","M","M","M","R","$","E","T","M","?","M","M","M","R","B",null,"M","M","$","?","M","E"],"character_chosen":"IRONCLAD","items_purchased":["Carnage"],"campfire_rested":0,"item_purchase_floors":[20],"current_hp_per_floor":[74,57,59,48,54,54,54,18,18,24,24,30,36,38,38,11,58,43,40,40,40,19,3,3],"gold":189,"neow_bonus":"TEN_PERCENT_HP_BONUS","is_daily":false,"chose_seed":false,"campfire_upgraded":2,"win_rate":0.0,"timestamp":1608734667,"path_taken":["M","M","M","?","M","R","$","E","T","?","?","M","M","M","R","BOSS","M","M","$","?","?","E"],"items_purchased_type":["Card"],"build_version":"2020-12-22","purchased_purges":2,"victory":false,"max_hp_per_floor":[82,82,82,82,82,82,82,82,82,82,74,74,74,74,74,74,74,74,74,74,74,74,74,74],"card_choices":[{"not_picked":["Infernal Blade","Body Slam"],"picked":"Evolve","floor":1.0},{"not_picked":["Heavy Blade","Headbutt"],"picked":"Body Slam","floor":2.0},{"not_picked":["Clothesline","Clash"],"picked":"Inflame","floor":3.0},{"not_picked":["Searing Blow","Cleave"],"picked":"Immolate","floor":4.0},{"not_picked":["Body Slam","Havoc"],"picked":"Wild Strike","floor":8},{"not_picked":["Sword Boomerang","Clothesline","True Grit"],"picked":"SKIP","floor":10},{"not_picked":["Inflame","Havoc","Twin Strike"],"picked":"SKIP","floor":12},{"not_picked":["Heavy Blade","Seeing Red"],"picked":"Ghostly Armor","floor":13},{"not_picked":["Iron Wave","Headbutt"],"picked":"Armaments","floor":14},{"not_picked":["Exhume","Brutality"],"picked":"Bludgeon","floor":16},{"not_picked":["Twin Strike","Rampage","Flex"],"picked":"SKIP","floor":18},{"not_picked":["Anger","Clash","Combust"],"picked":"SKIP","floor":19},{"not_picked":["Searing Blow","Sword Boomerang"],"picked":"Power Through","floor":22}],"player_experience":679583,"relics_obtained":[{"floor":8,"key":"FossilizedHelix"},{"floor":9,"key":"Ancient Tea Set"},{"floor":21,"key":"Omamori"}],"event_choices":[{"damage_healed":0,"gold_gain":0,"player_choice":"Lose Max HP","damage_taken":0,"relics_obtained":["Golden Idol"],"max_hp_gain":0,"max_hp_loss":8,"event_name":"Golden Idol","floor":11,"gold_loss":0},{"damage_healed":0,"gold_gain":0,"player_choice":"Relic","damage_taken":0,"max_hp_gain":0,"max_hp_loss":0,"event_name":"Wheel of Change","floor":21,"gold_loss":0}],"is_beta":false,"boss_relics":[{"not_picked":["Calling Bell","SlaversCollar"],"picked":"Coffee Dripper"}],"items_purged_floors":[7,20],"is_endless":false,"potions_floor_spawned":[1,2,8,10,12,13,16,18],"killed_by":"Book of Stabbing","ascension_level":20}}