{"host":"z7h0k8blg7jrnodm","time":1608746323,"event":{"mods":["BaseMod","Challenge The Spire","Colored Map","Colored Powertips","Custom Start","Downfall","Key Reminder","Minty Spire (QoL Compilation)","Quick Restart","Random Character Button","Relic Stats","StSLib","SuperFastMode","Unceasing Turn Reminder"],"gold_per_floor":[99,117,117,567,582,613,649,761,784,811,823,835,847,885,913,1021,1033,1045,1076,1088,596,611,631,655,655,666,298,298,298,298],"floor_reached":28,"playtime":1229,"items_purged":["Slimebound:Icky","Slimebound:Icky"],"score":253,"play_id":"6ab0ffd2-77c6-4747-89c7-fc9b2c0084b2","local_time":"20201223195843","is_ascension_mode":false,"campfire_choices":[{"data":"hexamod:Sear","floor":1.0,"key":"SMITH"},{"floor":12.0,"key":"REST"},{"data":"hexamod:HexaLevel","floor":18.0,"key":"SMITH"},{"data":"hexamod:AdvancingGuard","floor":25.0,"key":"SMITH"}],"circlet_count":0,"master_deck":["hexamod:Strike","hexamod:Strike","hexamod:Strike","hexamod:Defend","hexamod:Defend","hexamod:Defend","hexamod:Defend","hexamod:Sear+1","hexamod:Float","hexamod:ChargedBarrage","Slimebound:Icky","hexamod:BurningTouch","hexamod:AdvancingGuard+1","hexamod:Firestarter","hexamod:ExtraCrispy","hexamod:StepThrough","hexamod:TimeOfNeed","hexamod:HexaLevel+1","hexamod:PhantomFireball","hexamod:Hexaguard","hexamod:BacktrackSmack+1","hexamod:CrushingStance"],"relics":["hexamod:SpiritBrand","MawBank","Boot","hexamod:MatchstickCase","downfall:BrokenWingStatue","CaptainsWheel","hexamod:IceCube","FossilizedHelix","Bag of Preparation","Membership Card","Anchor"],"acts_visited":["Exordium","TheCity"],"potions_floor_usage":[28,28,28],"damage_taken":[{"damage":1.0,"enemies":"Jaw Worm","floor":2.0,"turns":4.0},{"damage":4.0,"enemies":"Small Slimes","floor":5.0,"turns":3.0},{"damage":34.0,"enemies":"Lagavulin","floor":6.0,"turns":7.0},{"damage":0.0,"enemies":"2 Louse","floor":9.0,"turns":3.0},{"damage":5.0,"enemies":"Large Slime","floor":10.0,"turns":6.0},{"damage":17.0,"enemies":"3 Sentries","floor":14.0,"turns":9.0},{"damage":1.0,"enemies":"2 Fungi Beasts","floor":15.0,"turns":4.0},{"damage":14.0,"enemies":"downfall:Ironclad","floor":16.0,"turns":10.0},{"damage":0.0,"enemies":"Shell Parasite","floor":19.0,"turns":4.0},{"damage":0.0,"enemies":"downfall:FleeingMerchant","floor":21.0,"turns":4.0},{"damage":19.0,"enemies":"3 Byrds","floor":22.0,"turns":5.0},{"damage":6.0,"enemies":"Sentry and Sphere","floor":23.0,"turns":6.0},{"damage":7.0,"enemies":"Snake Plant","floor":26.0,"turns":4.0},{"damage":3.0,"enemies":"downfall:FleeingMerchant","floor":27.0,"turns":4.0},{"damage":42,"enemies":"Gremlin Leader","floor":28,"turns":4}],"seed_played":"-6407961856100934815","potions_obtained":[{"floor":2.0,"key":"AttackPotion"},{"floor":5.0,"key":"SpeedPotion"},{"floor":10.0,"key":"Ancient Potion"},{"floor":14.0,"key":"SkillPotion"},{"floor":15.0,"key":"Fire Potion"},{"floor":23.0,"key":"Ancient Potion"},{"floor":26.0,"key":"SpeedPotion"}],"is_trial":false,"path_per_floor":["R","M","?","?","M","E","T","?","M","M","?","R","?","E","M","B",null,"R","M","?","$","M","M","T","R","M","$","E"],"character_chosen":"THE_SPIRIT","items_purchased":["FossilizedHelix","hexamod:PhantomFireball","hexamod:Hexaguard","Membership Card","Anchor","hexamod:CrushingStance"],"campfire_rested":1,"item_purchase_floors":[21,21,21,27,27,27],"current_hp_per_floor":[77,76,76,76,72,38,38,38,38,33,26,49,49,32,31,17,77,77,77,77,77,58,52,52,52,45,42,0,0,0],"gold":298,"neow_bonus":"TEN_PERCENT_HP_BONUS","is_daily":false,"chose_seed":false,"campfire_upgraded":3,"win_rate":0.0,"timestamp":1608746323,"path_taken":["R","M","?","?","M","E","T","?","M","M","?","R","?","E","M","BOSS","R","M","?","$","M","M","T","R","M","$","E"],"items_purchased_type":["Relic","Card","Card","Relic","Relic","Card"],"build_version":"2020-12-22","purchased_purges":2,"victory":false,"max_hp_per_floor":[77,77,77,77,77,77,77,77,77,77,77,77,77,77,77,77,77,77,77,77,77,77,77,77,77,77,77,77,77,77],"relic_stats":{"counters":[15,77],"Bag of Preparation":[6],"MawBank":180,"Boot":[22],"obtain_stats":[{"CaptainsWheel":14,"Anchor":27,"downfall:BrokenWingStatue":13,"Bag of Preparation":24,"Membership Card":27,"MawBank":6,"Boot":7,"hexamod:SpiritBrand":0,"hexamod:IceCube":17,"FossilizedHelix":21,"hexamod:MatchstickCase":11},{"CaptainsWheel":6,"Anchor":14,"downfall:BrokenWingStatue":5,"Bag of Preparation":12,"Membership Card":14,"MawBank":3,"Boot":3,"hexamod:SpiritBrand":0,"hexamod:IceCube":8,"FossilizedHelix":10,"hexamod:MatchstickCase":5},{"CaptainsWheel":32,"Anchor":73,"downfall:BrokenWingStatue":23,"Bag of Preparation":65,"Membership Card":73,"MawBank":14,"Boot":14,"hexamod:SpiritBrand":0,"hexamod:IceCube":46,"FossilizedHelix":54,"hexamod:MatchstickCase":23}]},"card_choices":[{"not_picked":["hexamod:RetreatToShadows","hexamod:InspiringFlames"],"picked":"hexamod:ChargedBarrage","floor":2.0},{"not_picked":["hexamod:FourthSeal","hexamod:NightmareStrike"],"picked":"hexamod:BurningTouch","floor":5.0},{"not_picked":["hexamod:FourthSeal","hexamod:ThermalTransfer"],"picked":"hexamod:AdvancingGuard","floor":6.0},{"not_picked":["hexamod:FastForward","hexamod:RetreatToShadows"],"picked":"hexamod:Firestarter","floor":9.0},{"not_picked":["hexamod:GhostShield","hexamod:GhostOfSpirePast"],"picked":"hexamod:ExtraCrispy","floor":10.0},{"not_picked":["hexamod:PhantomCloak","hexamod:GhostflameBarrier"],"picked":"hexamod:StepThrough","floor":14.0},{"not_picked":["hexamod:NightmareStrike","hexamod:InspiringFlames"],"picked":"hexamod:TimeOfNeed","floor":15.0},{"not_picked":["hexamod:TimeWarp","hexamod:UnleashSpirits"],"picked":"hexamod:HexaLevel","floor":16.0},{"not_picked":["hexamod:GhostShield","hexamod:NightmareGuise","hexamod:GhostOfSpirePresent"],"picked":"SKIP","floor":19.0},{"not_picked":["hexamod:Firestarter+1","hexamod:BurningTouch","hexamod:SwordOfDarkness"],"picked":"SKIP","floor":21.0},{"not_picked":["hexamod:GhostShield","hexamod:NightmareGuise","hexamod:BurningTouch"],"picked":"SKIP","floor":22.0},{"not_picked":["hexamod:RainOfEmbers","hexamod:AdvancingGuard","hexamod:GhostLash"],"picked":"SKIP","floor":23.0},{"not_picked":["hexamod:HauntingEcho","hexamod:ThirdSeal"],"picked":"hexamod:BacktrackSmack+1","floor":26.0},{"not_picked":["hexamod:FastForward+1","hexamod:NightmareStrike","hexamod:TimeOfNeed"],"picked":"SKIP","floor":27.0}],"player_experience":296421,"relics_obtained":[{"floor":6.0,"key":"MawBank"},{"floor":7.0,"key":"Boot"},{"floor":14.0,"key":"CaptainsWheel"},{"floor":24.0,"key":"Bag of Preparation"}],"event_choices":[{"cards_removed":["hexamod:Strike"],"damage_healed":0.0,"max_hp_gain":0.0,"max_hp_loss":0.0,"gold_gain":0.0,"event_name":"The Cleric","player_choice":"Card Removal","floor":3.0,"gold_loss":0.0,"damage_taken":0.0},{"damage_healed":0.0,"max_hp_gain":0.0,"max_hp_loss":0.0,"gold_gain":0.0,"event_name":"Scrap Ooze","player_choice":"Success","floor":11.0,"gold_loss":0.0,"damage_taken":7.0,"relics_obtained":["hexamod:MatchstickCase"]},{"damage_healed":0.0,"max_hp_gain":0.0,"max_hp_loss":0.0,"gold_gain":0.0,"event_name":"Vampires","player_choice":"Ignored","floor":20.0,"gold_loss":0.0,"damage_taken":0.0}],"is_beta":false,"boss_relics":[{"not_picked":["SacredBark","Fusion Hammer"],"picked":"hexamod:IceCube"}],"items_purged_floors":[21,27],"is_endless":false,"potions_floor_spawned":[2,5,10,14,15,23,26],"killed_by":"Gremlin Leader","ascension_level":0}}