{"host":"newqdrzxfhh2im9e","time":1608753306,"event":{"mods":["AchievementEnabler","BaseMod","BetterRewards","Block Reminder","Colored Map","Jorbs\u0027s Wanderer Trilogy","Minty Spire (QoL Compilation)","Rare Cards Sparkle","Shop Mod","StSLib"],"gold_per_floor":[115,128,148,3,14,14,33,33,33,33,18,18,18,18,18,18,18],"floor_reached":16,"playtime":312,"items_purged":[],"score":103,"play_id":"cbbf79db-5133-48db-a772-7bfb0f879183","local_time":"20201223115506","is_ascension_mode":true,"campfire_choices":[{"floor":6,"key":"REST"},{"floor":12,"key":"REST"},{"floor":15,"key":"REST"}],"circlet_count":0,"master_deck":["Strike_B","Strike_B","Strike_B","Strike_B+1","Defend_B","Defend_B","Defend_B","Defend_B+1","Zap","Dualcast+1","Sweeping Beam","Capacitor","Ball Lightning","Skim","All For One","Gash","Loop","Hello World"],"relics":["Cracked Core","Orrery","Smiling Mask"],"acts_visited":["Exordium"],"potions_floor_usage":[5,11,14,16],"damage_taken":[{"damage":6,"enemies":"Cultist","floor":1,"turns":3},{"damage":12,"enemies":"Jaw Worm","floor":2,"turns":2},{"damage":10,"enemies":"Small Slimes","floor":3,"turns":3},{"damage":13,"enemies":"Exordium Thugs","floor":5,"turns":3},{"damage":26,"enemies":"Exordium Wildlife","floor":7,"turns":4},{"damage":0,"enemies":"Looter","floor":11,"turns":2},{"damage":0,"enemies":"3 Louse","floor":14,"turns":1},{"damage":59,"enemies":"The Guardian","floor":16,"turns":6}],"seed_played":"-3523732286297591088","potions_obtained":[{"floor":2,"key":"SmokeBomb"},{"floor":3,"key":"ColorlessPotion"},{"floor":7,"key":"Ancient Potion"},{"floor":10,"key":"SmokeBomb"}],"is_trial":false,"path_per_floor":["M","M","M","$","M","R","M","?","T","?","M","R","$","M","R","B"],"character_chosen":"DEFECT","items_purchased":["Orrery"],"campfire_rested":3,"item_purchase_floors":[4],"current_hp_per_floor":[69,57,47,47,34,56,30,15,15,15,15,37,37,37,59,0,0],"gold":18,"neow_bonus":"UPGRADE_CARD","is_daily":false,"chose_seed":false,"campfire_upgraded":0,"win_rate":0.0,"timestamp":1608753306,"path_taken":["M","?","M","$","M","R","M","?","T","?","?","R","?","M","R","BOSS"],"items_purchased_type":["Relic"],"build_version":"2020-12-22","purchased_purges":0,"victory":false,"max_hp_per_floor":[75,75,75,75,75,75,75,75,75,75,75,75,75,75,75,75,75],"card_choices":[{"not_picked":["Leap","Turbo"],"picked":"Sweeping Beam","floor":1},{"not_picked":["Leap","Redo"],"picked":"Capacitor","floor":2},{"not_picked":["Gash","Cold Snap","Streamline"],"picked":"SKIP","floor":3},{"not_picked":["Barrage","Compile Driver"],"picked":"Ball Lightning","floor":4},{"not_picked":["Ball Lightning","Cold Snap"],"picked":"Skim","floor":4},{"not_picked":["Stack","Gash"],"picked":"All For One","floor":4},{"not_picked":["Stack","Hologram"],"picked":"Gash","floor":4},{"not_picked":["Redo","Conserve Battery"],"picked":"Loop","floor":4},{"not_picked":["Reprogram","Scrape"],"picked":"Hello World","floor":5},{"not_picked":["Cold Snap","Turbo","Redo"],"picked":"SKIP","floor":7}],"player_experience":636085,"relics_obtained":[{"floor":9,"key":"Smiling Mask"}],"event_choices":[{"damage_healed":0,"gold_gain":0,"player_choice":"Entered Light","damage_taken":15,"max_hp_gain":0,"max_hp_loss":0,"event_name":"Shining Light","floor":8,"gold_loss":0,"cards_upgraded":["Strike_B","Defend_B"]},{"damage_healed":0,"gold_gain":0,"player_choice":"Got Potions","damage_taken":0,"max_hp_gain":0,"max_hp_loss":0,"event_name":"Lab","floor":10,"gold_loss":0}],"is_beta":false,"boss_relics":[],"items_purged_floors":[],"is_endless":false,"potions_floor_spawned":[2,3,7,11],"killed_by":"The Guardian","ascension_level":2}}