{"host":"agbyy69nq62afhwx","time":1608696537,"event":{"mods":["BaseMod","Colored Map","Highlight Path","Keyboard Shortcuts","Minty Spire (QoL Compilation)","Quick Restart","StSLib","SuperFastMode","everything is the same but u backflip on backflip"],"gold_per_floor":[109,125,125,56,82,94,131,143,179,224,236,248,285,297,309,445,457,484,30,30,50,50,50,84,84,84,9,33,46,46,59,59,183,183,199,199,212,233,233,233,273,273,273,126,140,140,40,103,103,103],"floor_reached":51,"playtime":1810,"items_purged":["Darkness","Coolheaded"],"score":955,"play_id":"3fe8a655-b119-4bb9-8f61-51dbc5306fd3","local_time":"20201223130857","is_ascension_mode":true,"campfire_choices":[{"data":"Skim","floor":6.0,"key":"SMITH"},{"data":"Dualcast","floor":8.0,"key":"SMITH"},{"floor":12.0,"key":"REST"},{"floor":15.0,"key":"REST"},{"floor":23.0,"key":"REST"},{"floor":25.0,"key":"REST"},{"data":"Double Energy","floor":30.0,"key":"SMITH"},{"floor":32.0,"key":"REST"},{"floor":40.0,"key":"REST"},{"data":"Creative AI","floor":42.0,"key":"SMITH"},{"data":"Hologram","floor":46.0,"key":"SMITH"},{"data":"Defragment","floor":49.0,"key":"SMITH"}],"circlet_count":0,"master_deck":["Dualcast+1","FTL","Gash","Skim+1","Reinforced Body+1","Core Surge","Reboot","Creative AI+1","Core Surge","Ball Lightning","Machine Learning","Conserve Battery","Double Energy+1","Defragment+1","Redo+1","Seek+1","Hologram+1","Coolheaded+1","Double Energy+1"],"relics":["Cracked Core","NeowsBlessing","MawBank","Oddly Smooth Stone","Bag of Preparation","Peace Pipe","Golden Idol","Odd Mushroom","Pandora\u0027s Box","Sundial","Chemical X","Enchiridion","Letter Opener","Bottled Flame","Black Star","Bag of Marbles","MealTicket","Singing Bowl","War Paint","Torii"],"acts_visited":["Exordium","TheCity","TheBeyond"],"potions_floor_usage":[50,50],"damage_taken":[{"damage":0.0,"enemies":"2 Louse","floor":1.0,"turns":1.0},{"damage":0.0,"enemies":"Small Slimes","floor":2.0,"turns":1.0},{"damage":0.0,"enemies":"Cultist","floor":5.0,"turns":1.0},{"damage":26.0,"enemies":"Gremlin Nob","floor":7.0,"turns":4.0},{"damage":34.0,"enemies":"Lagavulin","floor":10.0,"turns":4.0},{"damage":0.0,"enemies":"The Mushroom Lair","floor":13.0,"turns":4.0},{"damage":21.0,"enemies":"The Guardian","floor":16.0,"turns":14.0},{"damage":38.0,"enemies":"Shell Parasite","floor":18.0,"turns":5.0},{"damage":1.0,"enemies":"Spheric Guardian","floor":21.0,"turns":3.0},{"damage":23.0,"enemies":"Book of Stabbing","floor":24.0,"turns":5.0},{"damage":0.0,"enemies":"Snecko","floor":28.0,"turns":3.0},{"damage":0.0,"enemies":"Centurion and Healer","floor":29.0,"turns":5.0},{"damage":4.0,"enemies":"3 Cultists","floor":31.0,"turns":4.0},{"damage":0.0,"enemies":"Champ","floor":33.0,"turns":9.0},{"damage":7.0,"enemies":"Orb Walker","floor":35.0,"turns":3.0},{"damage":8.0,"enemies":"3 Shapes","floor":37.0,"turns":3.0},{"damage":23.0,"enemies":"Jaw Worm Horde","floor":38.0,"turns":3.0},{"damage":0.0,"enemies":"Reptomancer","floor":41.0,"turns":6.0},{"damage":0.0,"enemies":"Sphere and 2 Shapes","floor":45.0,"turns":3.0},{"damage":4.0,"enemies":"Mind Bloom Boss Battle","floor":48.0,"turns":8.0},{"damage":2,"enemies":"Donu and Deca","floor":50,"turns":8}],"seed_played":"-4039334675782480024","potions_obtained":[{"floor":1.0,"key":"ColorlessPotion"},{"floor":5.0,"key":"Block Potion"},{"floor":13.0,"key":"PowerPotion"},{"floor":24.0,"key":"Ancient Potion"},{"floor":39.0,"key":"SmokeBomb"}],"is_trial":false,"path_per_floor":["M","M","?","?","M","R","E","R","T","E","?","R","?","?","R","B",null,"M","$","?","M","?","R","E","R","T","?","M","M","R","M","R","B",null,"M","?","M","M","?","R","E","R","T","$","M","R","$","?","R","B",null],"character_chosen":"DEFECT","items_purchased":["Sundial","Chemical X","War Paint"],"campfire_rested":6,"item_purchase_floors":[19,19,44],"current_hp_per_floor":[75,75,68,68,68,68,42,42,42,8,8,28,28,33,55,34,64,26,26,10,9,9,31,8,30,30,30,30,30,30,26,48,48,68,61,61,53,30,30,52,52,52,52,67,67,67,74,70,70,68],"gold":103,"neow_bonus":"THREE_ENEMY_KILL","is_daily":false,"chose_seed":false,"campfire_upgraded":6,"win_rate":0.0,"timestamp":1608696537,"path_taken":["M","M","?","?","?","R","E","R","T","E","?","R","?","?","R","BOSS","M","$","?","M","?","R","E","R","T","?","M","M","R","M","R","BOSS","M","?","M","?","?","R","E","R","T","?","M","R","$","?","R","BOSS"],"items_purchased_type":["Relic","Relic","Relic"],"build_version":"2020-12-13","purchased_purges":2,"victory":true,"max_hp_per_floor":[75,75,75,75,75,75,75,75,75,75,69,69,69,74,74,74,74,74,74,74,74,74,74,74,74,74,74,74,74,74,74,74,74,74,74,74,74,74,74,74,74,74,74,74,74,74,74,74,74,74],"card_choices":[{"not_picked":["Cold Snap","Heatsinks"],"picked":"FTL","floor":1.0},{"not_picked":["Chaos","Beam Cell"],"picked":"Gash","floor":2.0},{"not_picked":["Barrage","Lockon"],"picked":"Skim","floor":5.0},{"not_picked":["Streamline","Blizzard"],"picked":"Reinforced Body","floor":7.0},{"not_picked":["Sunder","Static Discharge"],"picked":"Core Surge","floor":10.0},{"not_picked":["Stack","Turbo"],"picked":"Coolheaded","floor":13.0},{"not_picked":["Buffer","Multi-Cast"],"picked":"Reboot","floor":16.0},{"not_picked":["Steam","Hologram"],"picked":"Conserve Battery","floor":18.0},{"not_picked":["Hologram","Coolheaded","Amplify"],"picked":"SKIP","floor":21.0},{"not_picked":["Heatsinks","Static Discharge+1","Chill+1"],"picked":"SKIP","floor":24.0},{"not_picked":["Heatsinks","Streamline+1","Melter"],"picked":"SKIP","floor":28.0},{"not_picked":["Doom and Gloom+1","Ball Lightning"],"picked":"Redo+1","floor":29.0},{"not_picked":["Compile Driver","Scrape","Genetic Algorithm+1"],"picked":"SKIP","floor":31.0},{"not_picked":["Thunder Strike","Electrodynamics"],"picked":"Seek","floor":33.0},{"not_picked":["Redo","Doom and Gloom","Cold Snap"],"picked":"SKIP","floor":35.0},{"not_picked":["Doom and Gloom","Scrape+1"],"picked":"Hologram","floor":37.0},{"not_picked":["Steam","Go for the Eyes","Barrage"],"picked":"SKIP","floor":38.0},{"not_picked":["Compile Driver+1","Rebound","FTL"],"picked":"SKIP","floor":41.0},{"not_picked":["Hologram","Defragment+1"],"picked":"Coolheaded+1","floor":45.0},{"not_picked":["Streamline+1","Reprogram"],"picked":"Double Energy+1","floor":48.0}],"player_experience":353434,"relics_obtained":[{"floor":7.0,"key":"Oddly Smooth Stone"},{"floor":9.0,"key":"Bag of Preparation"},{"floor":10.0,"key":"Peace Pipe"},{"floor":13.0,"key":"Odd Mushroom"},{"floor":20.0,"key":"Enchiridion"},{"floor":24.0,"key":"Letter Opener"},{"floor":26.0,"key":"Bottled Flame"},{"floor":41.0,"key":"Bag of Marbles"},{"floor":41.0,"key":"MealTicket"},{"floor":43.0,"key":"Singing Bowl"},{"floor":48.0,"key":"Torii"}],"event_choices":[{"cards_removed":["Strike_B"],"damage_healed":0.0,"max_hp_gain":0.0,"max_hp_loss":0.0,"gold_gain":0.0,"event_name":"Golden Wing","player_choice":"Card Removal","floor":3.0,"gold_loss":0.0,"damage_taken":7.0},{"damage_healed":0.0,"max_hp_gain":0.0,"max_hp_loss":0.0,"gold_gain":0.0,"event_name":"WeMeetAgain","player_choice":"Paid Gold","floor":4.0,"gold_loss":69.0,"damage_taken":0.0,"relics_obtained":["MawBank"]},{"damage_healed":0.0,"max_hp_gain":0.0,"max_hp_loss":6.0,"gold_gain":0.0,"event_name":"Golden Idol","player_choice":"Lose Max HP","floor":11.0,"gold_loss":0.0,"damage_taken":0.0,"relics_obtained":["Golden Idol"]},{"damage_healed":0.0,"max_hp_gain":0.0,"max_hp_loss":0.0,"gold_gain":0.0,"event_name":"Mushrooms","player_choice":"Fought Mushrooms","floor":13.0,"gold_loss":0.0,"damage_taken":0.0},{"damage_healed":0.0,"max_hp_gain":5.0,"max_hp_loss":0.0,"gold_gain":0.0,"event_name":"Big Fish","player_choice":"Donut","floor":14.0,"gold_loss":0.0,"damage_taken":0.0},{"damage_healed":0.0,"max_hp_gain":0.0,"max_hp_loss":0.0,"gold_gain":0.0,"event_name":"Cursed Tome","player_choice":"Obtained Book","floor":20.0,"gold_loss":0.0,"damage_taken":16.0},{"damage_healed":0.0,"max_hp_gain":0.0,"max_hp_loss":0.0,"gold_gain":0.0,"cards_transformed":["Barrage","Steam"],"event_name":"Drug Dealer","player_choice":"Became Test Subject","floor":22.0,"gold_loss":0.0,"damage_taken":0.0,"cards_obtained":["Double Energy","Defragment"]},{"cards_removed":["Zap"],"damage_healed":0.0,"max_hp_gain":0.0,"max_hp_loss":0.0,"gold_gain":0.0,"event_name":"Beggar","player_choice":"Gave Gold","floor":27.0,"gold_loss":75.0,"damage_taken":0.0},{"damage_healed":0.0,"max_hp_gain":0.0,"max_hp_loss":0.0,"gold_gain":0.0,"event_name":"The Woman in Blue","player_choice":"Bought 0 Potions","floor":36.0,"gold_loss":0.0,"damage_taken":0.0},{"damage_healed":0.0,"max_hp_gain":0.0,"max_hp_loss":0.0,"gold_gain":0.0,"event_name":"Lab","player_choice":"Got Potions","floor":39.0,"gold_loss":0.0,"damage_taken":0.0},{"damage_healed":0.0,"max_hp_gain":0.0,"max_hp_loss":0.0,"gold_gain":0.0,"event_name":"MindBloom","player_choice":"Fight","floor":48.0,"gold_loss":0.0,"damage_taken":0.0}],"is_beta":false,"boss_relics":[{"not_picked":["Snecko Eye","SacredBark"],"picked":"Pandora\u0027s Box"},{"not_picked":["Fusion Hammer","Velvet Choker"],"picked":"Black Star"}],"items_purged_floors":[19,47],"is_endless":false,"potions_floor_spawned":[1,5,13,24,29,37,45],"ascension_level":5}}