{"host":"050ensmz1fh1c58u","time":1608747754,"event":{"mods":["BaseMod","Downfall","Gremlin Mod","Minty Spire (QoL Compilation)","READ ME - Guardian Mod","StSLib","The Animator","The Bug Knight","The Cursed","The Disciple","The Servant 0.9.4"],"gold_per_floor":[99,99,4,4,24,59,59,86,103,120,45,80,5,31,42,141,141,141,161,178,163,175,205,205,205,205,190,244,271,471,490,505,600,600,525,535,547,216,216,271,271,289,318,337,364,364,377,405,425,425,425,454,70,70,70],"floor_reached":56,"playtime":4484,"items_purged":[],"score":3080,"play_id":"30eccd7a-7f28-49c0-8290-b8dbff22fb3e","local_time":"20201223192234","daily_mods":["SealedDeck","Vintage","Heirloom","DeadlyEvents","Elite Swarm","Binary"],"is_ascension_mode":false,"campfire_choices":[{"data":"champ:FlashCut","floor":1,"key":"SMITH"},{"floor":11,"key":"RECALL"},{"data":"champ:BladeFlurry","floor":13,"key":"SMITH"},{"data":"champ:SkillfulDodge","floor":18,"key":"SMITH"},{"data":"champ:IronFortress","floor":26,"key":"SMITH"},{"floor":35,"key":"REST"},{"data":"1","floor":54,"key":"LIFT"}],"circlet_count":0,"master_deck":["champ:Circumvent+1","champ:BringItOn+1","champ:FlashCut+1","champ:Circumvent","champ:BladeFlurry+1","champ:DefensiveShout+1","champ:Balance+1","champ:RapidStrikes+1","champ:IronFortress+1","champ:SkillfulDodge+1","expansioncontent:DecasProtection+1","champ:TornadoPunch+1","champ:TornadoPunch+1","expansioncontent:CaCaw"],"relics":["champ:ChampionCrown","Busted Crown","Incense Burner","Potion Belt","PreservedInsect","Toxic Egg 2","MealTicket","War Paint","Tiny Chest","downfall:HeartBlessingBlue","Eternal Feather","downfall:HeartBlessingRed","Mummified Hand","Sundial","Empty Cage","Ornamental Fan","Torii","Gremlin Horn","Toy Ornithopter","Turnip","Strawberry","champ:DeflectingBracers","Art of War","Singing Bowl","Fusion Hammer","downfall:HeartBlessingGreen","Happy Flower","Omamori","Bronze Scales","Whetstone","Guardian:GemstoneGun","HornCleat","HollowMod:LifeEnderRelic","Bottled Tornado","InkBottle","Girya","Orichalcum","White Beast Statue","champ:FightingForDummies","Lizard Tail","TungstenRod"],"acts_visited":["Exordium","TheCity","TheBeyond","TheEnding"],"potions_floor_usage":[23,23,29,29,47,50,50,55,55,55],"damage_taken":[{"damage":0,"enemies":"downfall:FleeingMerchant","floor":3,"turns":4},{"damage":1,"enemies":"Jaw Worm","floor":5,"turns":2},{"damage":9,"enemies":"HollowMod:MossKnight","floor":6,"turns":4},{"damage":3,"enemies":"3 Sentries","floor":8,"turns":4},{"damage":1,"enemies":"Small Slimes","floor":9,"turns":1},{"damage":2,"enemies":"Cultist","floor":10,"turns":2},{"damage":6,"enemies":"Gremlin Nob","floor":12,"turns":3},{"damage":0,"enemies":"3 Sentries","floor":14,"turns":3},{"damage":3,"enemies":"Large Slime","floor":15,"turns":3},{"damage":18,"enemies":"downfall:Defect","floor":16,"turns":6},{"damage":0,"enemies":"Shell Parasite","floor":19,"turns":3},{"damage":0,"enemies":"Shelled Parasite and Fungi","floor":20,"turns":4},{"damage":0,"enemies":"downfall:FleeingMerchant","floor":21,"turns":4},{"damage":1,"enemies":"Cultist and Chosen","floor":22,"turns":5},{"damage":7,"enemies":"HollowMod:Nosk","floor":23,"turns":3},{"damage":1,"enemies":"downfall:FleeingMerchant","floor":27,"turns":4},{"damage":0,"enemies":"Gremlin Leader","floor":29,"turns":4},{"damage":2,"enemies":"downfall:FleeingMerchant","floor":30,"turns":3},{"damage":0,"enemies":"Snecko","floor":31,"turns":3},{"damage":0,"enemies":"Snake Plant","floor":32,"turns":3},{"damage":3,"enemies":"downfall:Watcher","floor":33,"turns":4},{"damage":0,"enemies":"Orb Walker","floor":36,"turns":3},{"damage":0,"enemies":"3 Shapes","floor":37,"turns":4},{"damage":0,"enemies":"2 Orb Walkers","floor":40,"turns":2},{"damage":7,"enemies":"Transient","floor":42,"turns":5},{"damage":0,"enemies":"Reptomancer","floor":43,"turns":2},{"damage":0,"enemies":"Maw","floor":44,"turns":5},{"damage":0,"enemies":"HollowMod:StalkingDevout","floor":45,"turns":4},{"damage":0,"enemies":"Jaw Worm Horde","floor":47,"turns":2},{"damage":0,"enemies":"Nemesis","floor":48,"turns":3},{"damage":0,"enemies":"Spire Growth","floor":49,"turns":3},{"damage":20,"enemies":"downfall:Silent","floor":50,"turns":4},{"damage":0,"enemies":"downfall:CharBossMerchant","floor":52,"turns":5},{"damage":12,"enemies":"downfall:NeowBoss","floor":55,"turns":23}],"seed_played":"9151992332568218148","potions_obtained":[{"floor":6,"key":"CultistPotion"},{"floor":10,"key":"AttackPotion"},{"floor":14,"key":"Block Potion"},{"floor":15,"key":"Fire Potion"},{"floor":20,"key":"FairyPotion"},{"floor":22,"key":"Strength Potion"},{"floor":23,"key":"Dexterity Potion"},{"floor":31,"key":"Weak Potion"},{"floor":43,"key":"Block Potion"},{"floor":45,"key":"PowerPotion"},{"floor":47,"key":"sneckomod:MuddlingPotion"},{"floor":49,"key":"champ:OpenerPotion"},{"floor":52,"key":"PowerPotion"}],"is_trial":true,"path_per_floor":["R","?","$","?","M","E","T","E","M","M","R","E","R","E","M","B",null,"R","M","M","$","M","E","T","?","R","$","T","E","$","M","M","B",null,"R","M","M","$","?","?","T","M","E","M","E","$","M","E","M","B",null,"E","$","R","B",null],"character_chosen":"THE_CHAMP","items_purchased":["champ:SkillfulDodge","expansioncontent:DecasProtection+1","champ:TornadoPunch","Bronze Scales","champ:TornadoPunch","Whetstone","expansioncontent:CaCaw","TungstenRod"],"campfire_rested":1,"item_purchase_floors":[3,30,30,38,38,38,53,53],"current_hp_per_floor":[90,78,78,78,77,68,68,65,64,62,72,66,72,72,69,51,100,100,100,100,100,99,92,92,92,98,99,106,107,105,105,105,105,107,107,107,107,107,107,107,107,100,100,100,100,107,107,107,107,87,107,107,107,107,95],"gold":70,"neow_bonus":"","is_daily":false,"chose_seed":false,"campfire_upgraded":4,"win_rate":0.0,"timestamp":1608747754,"path_taken":["R","?","$","?","M","E","T","E","M","M","R","?","R","E","M","BOSS","R","M","M","$","M","E","T","?","R","?","?","E","$","M","M","BOSS","R","M","M","$","?","?","T","M","?","M","E","$","M","E","M","BOSS","E","$","R","BOSS"],"items_purchased_type":["Card","Card","Card","Relic","Card","Relic","Card","Relic"],"build_version":"2020-12-22","purchased_purges":0,"victory":true,"max_hp_per_floor":[90,90,90,90,90,90,90,90,90,90,100,100,100,100,100,100,100,100,100,100,100,100,100,100,100,100,100,107,107,107,107,107,107,107,107,107,107,107,107,107,107,107,107,107,107,107,107,107,107,107,107,107,107,107,107],"card_choices":[],"player_experience":1555872,"relics_obtained":[{"floor":5,"key":"PreservedInsect"},{"floor":6,"key":"Toxic Egg 2"},{"floor":8,"key":"MealTicket"},{"floor":9,"key":"War Paint"},{"floor":10,"key":"Tiny Chest"},{"floor":12,"key":"Eternal Feather"},{"floor":14,"key":"Mummified Hand"},{"floor":15,"key":"Sundial"},{"floor":19,"key":"Ornamental Fan"},{"floor":20,"key":"Torii"},{"floor":22,"key":"Gremlin Horn"},{"floor":23,"key":"Toy Ornithopter"},{"floor":24,"key":"Turnip"},{"floor":28,"key":"Strawberry"},{"floor":29,"key":"champ:DeflectingBracers"},{"floor":31,"key":"Art of War"},{"floor":32,"key":"Singing Bowl"},{"floor":36,"key":"Happy Flower"},{"floor":37,"key":"Omamori"},{"floor":40,"key":"Guardian:GemstoneGun"},{"floor":41,"key":"HornCleat"},{"floor":42,"key":"HollowMod:LifeEnderRelic"},{"floor":43,"key":"Bottled Tornado"},{"floor":44,"key":"InkBottle"},{"floor":45,"key":"Girya"},{"floor":47,"key":"Orichalcum"},{"floor":48,"key":"White Beast Statue"},{"floor":49,"key":"champ:FightingForDummies"},{"floor":52,"key":"Lizard Tail"}],"event_choices":[{"damage_healed":0,"gold_gain":0,"player_choice":"Success","damage_taken":12,"relics_obtained":["Potion Belt"],"max_hp_gain":0,"max_hp_loss":0,"event_name":"Scrap Ooze","floor":2,"gold_loss":0},{"damage_healed":0,"gold_gain":0,"player_choice":"Fight","damage_taken":0,"max_hp_gain":0,"max_hp_loss":0,"event_name":"Mysterious Sphere","floor":40,"gold_loss":0}],"is_beta":false,"boss_relics":[{"not_picked":["SlaversCollar","downfall:Hecktoplasm"],"picked":"Empty Cage"},{"not_picked":["Tiny House","Calling Bell"],"picked":"Fusion Hammer"}],"items_purged_floors":[],"is_endless":false,"potions_floor_spawned":[6,10,14,15,20,22,23,31,43,45,47,49,52],"ascension_level":0}}