{"host":"4gpocmiyl6swb7z6","time":1608757951,"event":{"mods":["AchievementEnabler","BaseMod","Colored Map","Colored Powertips","Minty Spire (QoL Compilation)","Rare Cards Sparkle"],"gold_per_floor":[111,121,196,196,206,206,231,249,249,263,263,21,21,49,49,49,49],"floor_reached":16,"playtime":1367,"items_purged":[],"score":100,"play_id":"a19d4c8c-afa2-40d4-a03a-1bec2a884f3f","local_time":"20201223221231","is_ascension_mode":false,"campfire_choices":[{"data":"Crippling Poison","floor":6,"key":"SMITH"},{"data":"Metamorphosis","floor":13,"key":"SMITH"},{"data":"Flechettes","floor":15,"key":"SMITH"}],"circlet_count":0,"master_deck":["Strike_G","Strike_G","Strike_G","Strike_G","Strike_G","Defend_G","Defend_G","Defend_G","Defend_G","Survivor","Neutralize","Backflip","Flying Knee","Flechettes+1","Crippling Poison+1","Reflex","PiercingWail","Bullet Time","Metamorphosis+1","Eviscerate"],"relics":["Ring of the Snake","Eternal Feather","HornCleat","Membership Card","Odd Mushroom"],"acts_visited":["Exordium"],"potions_floor_usage":[],"damage_taken":[{"damage":0,"enemies":"2 Louse","floor":1,"turns":3},{"damage":4,"enemies":"Cultist","floor":2,"turns":4},{"damage":1,"enemies":"Jaw Worm","floor":5,"turns":3},{"damage":21,"enemies":"Gremlin Nob","floor":7,"turns":5},{"damage":16,"enemies":"Gremlin Gang","floor":8,"turns":4},{"damage":4,"enemies":"Blue Slaver","floor":10,"turns":3},{"damage":7,"enemies":"The Mushroom Lair","floor":14,"turns":3},{"damage":30,"enemies":"Hexaghost","floor":16,"turns":9}],"seed_played":"-3494947655484535770","potions_obtained":[{"floor":7,"key":"LiquidMemories"},{"floor":10,"key":"SteroidPotion"},{"floor":14,"key":"BlessingOfTheForge"}],"is_trial":false,"path_per_floor":["M","M","?","?","M","R","E","M","T","M","?","$","R","?","R","B"],"character_chosen":"THE_SILENT","items_purchased":["Membership Card","Metamorphosis"],"campfire_rested":0,"item_purchase_floors":[12,12],"current_hp_per_floor":[77,73,62,62,61,61,40,24,24,20,13,13,22,15,27,0,0],"gold":49,"neow_bonus":"TEN_PERCENT_HP_BONUS","is_daily":false,"chose_seed":false,"campfire_upgraded":3,"win_rate":0.0,"timestamp":1608757951,"path_taken":["M","M","?","?","?","R","E","M","T","?","?","$","R","?","R","BOSS"],"items_purchased_type":["Relic","Card"],"build_version":"2020-12-22","purchased_purges":0,"victory":false,"max_hp_per_floor":[77,77,77,77,77,77,77,77,77,77,77,77,77,77,77,77,77],"card_choices":[{"not_picked":["Slice","Outmaneuver"],"picked":"Backflip","floor":1},{"not_picked":["Riddle With Holes","Blur"],"picked":"Flying Knee","floor":2},{"not_picked":["Predator","Acrobatics"],"picked":"Crippling Poison","floor":5},{"not_picked":["Footwork","Deadly Poison"],"picked":"Reflex","floor":7},{"not_picked":["Dodge and Roll","Footwork"],"picked":"PiercingWail","floor":8},{"not_picked":["Riddle With Holes","All Out Attack"],"picked":"Bullet Time","floor":10},{"not_picked":["Sucker Punch","PiercingWail"],"picked":"Eviscerate","floor":14}],"player_experience":7553,"relics_obtained":[{"floor":7,"key":"Eternal Feather"},{"floor":9,"key":"HornCleat"},{"floor":14,"key":"Odd Mushroom"}],"event_choices":[{"damage_healed":0,"gold_gain":75,"player_choice":"Gather Gold","damage_taken":11,"max_hp_gain":0,"max_hp_loss":0,"event_name":"World of Goop","floor":3,"gold_loss":0},{"damage_healed":0,"gold_gain":0,"player_choice":"1 cards matched","damage_taken":0,"max_hp_gain":0,"max_hp_loss":0,"event_name":"Match and Keep!","floor":4,"gold_loss":0,"cards_obtained":["Flechettes"]},{"cards_removed":["Defend_G"],"damage_healed":0,"gold_gain":0,"player_choice":"Card Removal","damage_taken":7,"max_hp_gain":0,"max_hp_loss":0,"event_name":"Golden Wing","floor":11,"gold_loss":0},{"damage_healed":0,"gold_gain":0,"player_choice":"Fought Mushrooms","damage_taken":0,"max_hp_gain":0,"max_hp_loss":0,"event_name":"Mushrooms","floor":14,"gold_loss":0}],"is_beta":false,"boss_relics":[],"items_purged_floors":[],"is_endless":false,"potions_floor_spawned":[7,10,14],"killed_by":"Hexaghost","ascension_level":0}}