{"host":"Melcetto","time":1608690731,"event":{"mods":["AlwaysNeverKeys","BaseMod","Better Vampires","Colored Map","Colored Powertips","DeckTracker","Emptier Cage","Minty Spire (QoL Compilation)","Permanent Neow","Quick Restart","Random Character Button","Rare Cards Sparkle","Relic Sorter","Relic Stats","StSLib","Transform Curses"],"gold_per_floor":[368,81,6,21,21,21,46,46,46,73,73,91,125,7,7,81,81,101,101,101,115,127,127,158,19,19,19,30,56,56,87,87,161,161,175,185,510,530,530,558,570,614,626,656,696,708,734,325,325,325,325,325,325,18,48,48],"floor_reached":57,"playtime":5939,"items_purged":["Strike_R","Strike_R"],"score":3253,"play_id":"8af9ebde-b345-407c-be75-bdfd9460fc69","local_time":"20201222213211","is_ascension_mode":true,"campfire_choices":[{"data":"Bash","floor":6,"key":"SMITH"},{"data":"Pommel Strike","floor":8,"key":"SMITH"},{"data":"Uppercut","floor":15,"key":"SMITH"},{"data":"Body Slam","floor":23,"key":"SMITH"},{"data":"Impervious","floor":27,"key":"SMITH"},{"data":"Fire Breathing","floor":30,"key":"SMITH"},{"floor":32,"key":"REST"},{"data":"Impervious","floor":46,"key":"SMITH"},{"data":"Barricade","floor":49,"key":"SMITH"},{"data":"Power Through","floor":53,"key":"SMITH"}],"circlet_count":0,"master_deck":["AscendersBane","Defend_R","Defend_R","Defend_R","Defend_R","Bash+1","Pommel Strike+1","Blood for Blood+1","Barricade+1","Body Slam+1","Power Through+1","Uppercut+1","Impervious+1","Burning Pact+1","Fire Breathing+1","Battle Trance+1","Impervious+1","Body Slam+1","Pommel Strike+1","Secret Technique","Disarm","Exhume+1","Dark Shackles+1","Sentinel+1","Battle Trance+1"],"relics":["Burning Blood","Nunchaku","Bag of Preparation","Meat on the Bone","Gremlin Horn","PreservedInsect","Velvet Choker","Dream Catcher","Shuriken","Bottled Tornado","Lantern","Coffee Dripper","Old Coin","MawBank","Toxic Egg 2","Kunai","Du-Vu Doll","Gambling Chip","War Paint","TheAbacus","Happy Flower"],"acts_visited":["TheCity","TheBeyond","TheEnding"],"potions_floor_usage":[10,18,24,29,40,56,56],"damage_taken":[{"damage":2,"enemies":"Cultist","floor":1,"turns":4},{"damage":7,"enemies":"Small Slimes","floor":4,"turns":3},{"damage":34,"enemies":"Lagavulin","floor":7,"turns":6},{"damage":25,"enemies":"3 Sentries","floor":10,"turns":11},{"damage":7,"enemies":"Jaw Worm","floor":12,"turns":3},{"damage":10,"enemies":"Gremlin Nob","floor":13,"turns":3},{"damage":29,"enemies":"The Guardian","floor":16,"turns":9},{"damage":14,"enemies":"2 Thieves","floor":18,"turns":4},{"damage":0,"enemies":"Chosen","floor":21,"turns":4},{"damage":21,"enemies":"Shelled Parasite and Fungi","floor":22,"turns":6},{"damage":0,"enemies":"Gremlin Leader","floor":24,"turns":4},{"damage":2,"enemies":"Chosen and Byrds","floor":28,"turns":5},{"damage":10,"enemies":"Slavers","floor":29,"turns":4},{"damage":10,"enemies":"Book of Stabbing","floor":31,"turns":3},{"damage":3,"enemies":"Collector","floor":33,"turns":9},{"damage":0,"enemies":"Orb Walker","floor":35,"turns":3},{"damage":0,"enemies":"3 Shapes","floor":36,"turns":2},{"damage":0,"enemies":"Mind Bloom Boss Battle","floor":37,"turns":3},{"damage":0,"enemies":"Sphere and 2 Shapes","floor":38,"turns":5},{"damage":0,"enemies":"Giant Head","floor":40,"turns":4},{"damage":0,"enemies":"Nemesis","floor":42,"turns":5},{"damage":0,"enemies":"3 Darklings","floor":44,"turns":3},{"damage":0,"enemies":"Reptomancer","floor":45,"turns":4},{"damage":0,"enemies":"Maw","floor":47,"turns":6},{"damage":0,"enemies":"Awakened One","floor":50,"turns":10},{"damage":0,"enemies":"Time Eater","floor":51,"turns":6},{"damage":0,"enemies":"Shield and Spear","floor":55,"turns":5},{"damage":52,"enemies":"The Heart","floor":56,"turns":7}],"seed_played":"451344818877890153","potions_obtained":[{"floor":10,"key":"LiquidBronze"},{"floor":13,"key":"ElixirPotion"},{"floor":16,"key":"Regen Potion"},{"floor":18,"key":"DuplicationPotion"},{"floor":28,"key":"Block Potion"},{"floor":29,"key":"BloodPotion"},{"floor":40,"key":"Block Potion"}],"is_trial":false,"path_per_floor":["M","$","?","M","?","R","E","R","T","E","?","M","E","$","R","B",null,"M","?","?","M","M","R","E","$","T","R","M","E","R","E","R","B",null,"M","M","?","M","?","E","T","E","T","M","E","R","M","$","R","B","B",null,"R","$","E","B",null],"character_chosen":"IRONCLAD","items_purchased":["Nunchaku","Fire Potion","Power Through","Uppercut","Battle Trance","Exhume+1","Dark Shackles+1","War Paint","Sentinel+1","CultistPotion","TheAbacus"],"campfire_rested":1,"item_purchase_floors":[2,2,14,14,25,48,48,48,54,54,54],"current_hp_per_floor":[68,68,68,67,67,67,39,39,39,32,32,43,51,51,51,40,61,65,65,78,78,63,63,69,69,69,69,73,69,69,65,78,78,78,78,78,78,78,68,78,78,78,78,78,78,78,78,78,78,78,78,78,78,78,78,44],"gold":48,"neow_bonus":"TWO_FIFTY_GOLD","is_daily":false,"chose_seed":false,"campfire_upgraded":9,"win_rate":0.0,"timestamp":1608690731,"path_taken":["M","?","?","M","?","R","E","R","T","E","?","M","E","$","R","BOSS","M","?","?","M","M","R","E","$","T","R","?","E","R","E","R","BOSS","M","?","?","M","?","E","?","E","T","?","E","R","M","$","R","BOSS","BOSS","R","$","E","BOSS"],"items_purchased_type":["Relic","Potion","Card","Card","Card","Card","Card","Relic","Card","Potion","Relic"],"build_version":"2020-12-18","purchased_purges":2,"victory":true,"max_hp_per_floor":[68,68,68,68,68,68,68,68,68,68,68,68,68,68,68,68,68,68,68,78,78,78,78,78,78,78,78,78,78,78,78,78,78,78,78,78,78,78,78,78,78,78,78,78,78,78,78,78,78,78,78,78,78,78,78,78],"relic_stats":{"Gremlin Horn":[21,26],"Happy Flower":[2],"counters":[28,141],"PreservedInsect":449,"Bag of Preparation":[50],"War Paint":["Burning Pact","Battle Trance"],"MawBank":96,"Burning Blood":89,"Nunchaku":[25],"Dream Catcher":1,"TheAbacus":[24],"Shuriken":[28],"Gambling Chip":[19],"Kunai":[15],"obtain_stats":[{"Lantern":31,"Gremlin Horn":10,"Happy Flower":55,"Velvet Choker":17,"PreservedInsect":13,"Bag of Preparation":7,"Bottled Tornado":29,"War Paint":48,"MawBank":40,"Burning Blood":0,"Old Coin":37,"Du-Vu Doll":43,"Nunchaku":2,"Dream Catcher":24,"TheAbacus":54,"Shuriken":26,"Gambling Chip":45,"Coffee Dripper":34,"Kunai":42,"Toxic Egg 2":41,"Meat on the Bone":9},{"Lantern":14,"Gremlin Horn":4,"Happy Flower":27,"Velvet Choker":7,"PreservedInsect":6,"Bag of Preparation":3,"Bottled Tornado":13,"War Paint":24,"MawBank":20,"Burning Blood":0,"Old Coin":18,"Du-Vu Doll":21,"Nunchaku":1,"Dream Catcher":11,"TheAbacus":26,"Shuriken":11,"Gambling Chip":23,"Coffee Dripper":15,"Kunai":21,"Toxic Egg 2":20,"Meat on the Bone":3},{"Lantern":69,"Gremlin Horn":24,"Happy Flower":134,"Velvet Choker":39,"PreservedInsect":30,"Bag of Preparation":13,"Bottled Tornado":66,"War Paint":113,"MawBank":95,"Burning Blood":0,"Old Coin":86,"Du-Vu Doll":100,"Nunchaku":4,"Dream Catcher":57,"TheAbacus":129,"Shuriken":57,"Gambling Chip":107,"Coffee Dripper":78,"Kunai":100,"Toxic Egg 2":95,"Meat on the Bone":13}],"Meat on the Bone":60},"card_choices":[{"not_picked":["Flex","Shrug It Off"],"picked":"Pommel Strike","floor":1},{"not_picked":["Headbutt","Cleave"],"picked":"Brutality","floor":4},{"not_picked":["Pummel","True Grit","Flex"],"picked":"SKIP","floor":7},{"not_picked":["Clash","Heavy Blade"],"picked":"Blood for Blood","floor":10},{"not_picked":["Combust","Bloodletting"],"picked":"Barricade","floor":12},{"not_picked":["Warcry","Dark Embrace","Body Slam"],"picked":"SKIP","floor":13},{"not_picked":["Warcry","Dark Embrace"],"picked":"Body Slam","floor":13},{"not_picked":["Iron Wave","Warcry","Heavy Blade"],"picked":"SKIP","floor":18},{"not_picked":["Twin Strike","Headbutt","Sword Boomerang"],"picked":"SKIP","floor":21},{"not_picked":["Infernal Blade","Juggernaut"],"picked":"Fire Breathing","floor":22},{"not_picked":["Sword Boomerang","Armaments","Twin Strike"],"picked":"SKIP","floor":24},{"not_picked":["Iron Wave","Carnage","Havoc"],"picked":"SKIP","floor":28},{"not_picked":["Combust","Thunderclap","Sever Soul"],"picked":"SKIP","floor":29},{"not_picked":["Limit Break","Anger+1","Flex+1"],"picked":"SKIP","floor":31},{"not_picked":["Feed","Immolate"],"picked":"Impervious","floor":33},{"not_picked":["Headbutt","Dropkick"],"picked":"Body Slam+1","floor":35},{"not_picked":["Twin Strike+1","Rampage","Uppercut"],"picked":"SKIP","floor":36},{"not_picked":["Inflame","Burning Pact"],"picked":"Pommel Strike+1","floor":38},{"not_picked":["Sadistic Nature","Mayhem"],"picked":"Secret Technique","floor":39},{"not_picked":["Cleave+1","Pummel"],"picked":"Disarm","floor":40},{"not_picked":["Havoc+1","Sword Boomerang","Bloodletting+1"],"picked":"SKIP","floor":42},{"not_picked":["Anger","Thunderclap","Havoc+1"],"picked":"SKIP","floor":44},{"not_picked":["Dark Embrace","Thunderclap","Cleave"],"picked":"SKIP","floor":45},{"not_picked":["Double Tap+1","Heavy Blade","Anger"],"picked":"SKIP","floor":47},{"not_picked":["Dual Wield+1","Havoc+1"],"picked":"Battle Trance+1","floor":55}],"player_experience":18701242,"relics_obtained":[{"floor":7,"key":"Bag of Preparation"},{"floor":9,"key":"Meat on the Bone"},{"floor":10,"key":"Gremlin Horn"},{"floor":13,"key":"PreservedInsect"},{"floor":24,"key":"Dream Catcher"},{"floor":26,"key":"Shuriken"},{"floor":29,"key":"Bottled Tornado"},{"floor":31,"key":"Lantern"},{"floor":37,"key":"Old Coin"},{"floor":40,"key":"MawBank"},{"floor":41,"key":"Toxic Egg 2"},{"floor":42,"key":"Kunai"},{"floor":43,"key":"Du-Vu Doll"},{"floor":45,"key":"Gambling Chip"},{"floor":55,"key":"Happy Flower"}],"event_choices":[{"cards_removed":["Strike_R"],"damage_healed":0,"gold_gain":0,"player_choice":"Card Removal","damage_taken":0,"max_hp_gain":0,"max_hp_loss":0,"event_name":"The Cleric","floor":3,"gold_loss":75},{"damage_healed":0,"gold_gain":0,"player_choice":"Ignored","damage_taken":0,"max_hp_gain":0,"max_hp_loss":0,"event_name":"Liars Game","floor":5,"gold_loss":0},{"damage_healed":0,"gold_gain":0,"player_choice":"Grow","damage_taken":0,"max_hp_gain":0,"max_hp_loss":0,"event_name":"Living Wall","floor":11,"gold_loss":0,"cards_upgraded":["Blood for Blood"]},{"damage_healed":0,"gold_gain":0,"cards_transformed":["Strike_R","Strike_R"],"player_choice":"Became Test Subject","damage_taken":0,"max_hp_gain":0,"max_hp_loss":0,"event_name":"Drug Dealer","floor":19,"gold_loss":0,"cards_obtained":["Impervious","Burning Pact"]},{"cards_removed":["Brutality"],"damage_healed":3,"gold_gain":0,"player_choice":"Offered Rare","damage_taken":0,"max_hp_gain":10,"max_hp_loss":0,"event_name":"Bonfire Elementals","floor":20,"gold_loss":0},{"damage_healed":0,"gold_gain":0,"player_choice":"Fight","damage_taken":0,"max_hp_gain":0,"max_hp_loss":0,"event_name":"MindBloom","floor":37,"gold_loss":0},{"damage_healed":0,"gold_gain":0,"player_choice":"Memory 3","damage_taken":10,"max_hp_gain":0,"max_hp_loss":0,"event_name":"SensoryStone","floor":39,"gold_loss":0}],"is_beta":true,"boss_relics":[{"not_picked":["Empty Cage","SacredBark"],"picked":"Velvet Choker"},{"not_picked":["Black Star","Cursed Key"],"picked":"Coffee Dripper"}],"items_purged_floors":[2,25],"is_endless":false,"potions_floor_spawned":[10,13,16,18,22,28,29,40,42,47],"ascension_level":20}}