{"host":"nox","time":1608726778,"event":{"mods":["Aspiration","BaseMod","Better Third Choice","Colored Powertips","Conspire","Hubris","Infinite Spire","Minty Spire (QoL Compilation)","Quick Restart","Rare Cards Sparkle","Replay The Spire","Shop Mod","Spikes Relics","StSLib","SuperFastMode","The Alterego","vexMod"],"gold_per_floor":[119,142,162,178,178,178,189,189,189,218,56,75,85,114,114,218,218,230,230,230,10,27,27,46,78,78,78,94,125,125,125,125,222,222,235,245,263,277,277,306,306,335,358,358,358,387,407,435,435,440,440,440,242,282,287,287],"floor_reached":55,"playtime":2589,"items_purged":["Strike_G","Strike_G","Strike_G","Strike_G","Strike_G","Defend_G"],"score":1250,"play_id":"d38d952e-687b-4032-bdba-4d05c4a808bf","local_time":"20201223193258","is_ascension_mode":true,"campfire_choices":[{"data":"infinitespire:SevenWalls","floor":6.0,"key":"SMITH"},{"floor":8.0,"key":"REST"},{"floor":15.0,"key":"RECALL"},{"data":"J.A.X.","floor":23.0,"key":"SMITH"},{"data":"Neutralize","floor":27.0,"key":"SMITH"},{"data":"Defend_G","floor":30.0,"key":"SMITH"},{"floor":32.0,"key":"REST"},{"data":"alterego_mod:BrynhildrRomantia","floor":41.0,"key":"SMITH"},{"floor":44.0,"key":"REST"},{"data":"Burst","floor":49.0,"key":"SMITH"},{"floor":52.0,"key":"REST"}],"circlet_count":0,"master_deck":["Defend_G+1","Survivor","Neutralize+1","Flying Knee","infinitespire:SevenWalls+1","Burst+1","PlatinumSkin","Flying Knee","Dagger Throw","J.A.X.+1","Blade Dance","alterego_mod:BrynhildrRomantia+1","Massacre+1","CrushJoints+1","conspire:Banana","Sword Boomerang+1","Dark Shackles+1","alterego_mod:Belle+1","Footwork"],"relics":["Ring of the Snake","infinitespire:DarkRift","hubris:KleinBottle","conspire:DeflatedDodgeball","Bag of Marbles","vexMod:PlasmaPancake","MerchantsRug","Blue Candle","hubris:TenFootPole","Ice Cream","PrismaticShard","Sandwich","Art of War","Pantograph","Vajra","Incense Burner","MealTicket","infinitespire:Beetle Shell","aspiration:HiddenCompartment"],"acts_visited":["Exordium","TheCity","TheBeyond","TheEnding"],"potions_floor_usage":[55],"damage_taken":[{"damage":0.0,"enemies":"Cultist","floor":1.0,"turns":4.0},{"damage":10.0,"enemies":"Small Slimes","floor":3.0,"turns":3.0},{"damage":3.0,"enemies":"Jaw Worm","floor":4.0,"turns":5.0},{"damage":0.0,"enemies":"Exordium Wildlife","floor":7.0,"turns":5.0},{"damage":0.0,"enemies":"Gremlin Nob","floor":10.0,"turns":6.0},{"damage":0.0,"enemies":"Large Slime","floor":12.0,"turns":7.0},{"damage":3.0,"enemies":"Blue Slaver","floor":13.0,"turns":2.0},{"damage":7.0,"enemies":"Lagavulin","floor":14.0,"turns":4.0},{"damage":0.0,"enemies":"Slime Boss","floor":16.0,"turns":13.0},{"damage":0.0,"enemies":"Spheric Guardian","floor":18.0,"turns":3.0},{"damage":0.0,"enemies":"conspire:FuzzyDice","floor":22.0,"turns":2.0},{"damage":3.0,"enemies":"Centurion and Healer","floor":24.0,"turns":5.0},{"damage":5.0,"enemies":"conspire:Head Lice","floor":25.0,"turns":3.0},{"damage":6.0,"enemies":"3 Cultists","floor":28.0,"turns":4.0},{"damage":11.0,"enemies":"Slavers","floor":29.0,"turns":5.0},{"damage":34.0,"enemies":"Automaton","floor":33.0,"turns":7.0},{"damage":17.0,"enemies":"3 Shapes","floor":35.0,"turns":5.0},{"damage":0.0,"enemies":"Orb Walker","floor":36.0,"turns":2.0},{"damage":3.0,"enemies":"Maw","floor":37.0,"turns":6.0},{"damage":14.0,"enemies":"Jaw Worm Horde","floor":38.0,"turns":3.0},{"damage":31.0,"enemies":"R_Hoarder","floor":40.0,"turns":7.0},{"damage":24.0,"enemies":"Giant Head","floor":42.0,"turns":6.0},{"damage":3.0,"enemies":"Nemesis","floor":46.0,"turns":3.0},{"damage":26.0,"enemies":"3 Darklings","floor":47.0,"turns":3.0},{"damage":0.0,"enemies":"Reptomancer","floor":48.0,"turns":5.0},{"damage":67.0,"enemies":"Awakened One","floor":50.0,"turns":8.0},{"damage":73.0,"enemies":"Shield and Spear","floor":54.0,"turns":5.0},{"damage":63,"enemies":"The Heart","floor":55,"turns":2}],"seed_played":"4069243277844771944","potions_obtained":[{"floor":3.0,"key":"Strength Potion"},{"floor":10.0,"key":"Poison Potion"},{"floor":12.0,"key":"Languid Potion"},{"floor":14.0,"key":"Weak Potion"},{"floor":18.0,"key":"Reflective Coating"},{"floor":33.0,"key":"Explosive Potion"}],"is_trial":false,"path_per_floor":["M","T","M","M","$","R","M","R","T","E","$","M","M","E","R","B",null,"M","AVR","?","$","M","R","M","E","T","R","M","E","R","?","R","B",null,"M","M","M","M","?","E","R","E","T","R","AVR","E","M","E","R","B",null,"R","$","E","B"],"character_chosen":"THE_SILENT","items_purchased":["hubris:KleinBottle","PlatinumSkin","MerchantsRug","Blue Candle","Footwork","Venom Potion","ColorlessPotion"],"campfire_rested":4,"item_purchase_floors":[5,11,21,21,53,53,53],"current_hp_per_floor":[70,77,67,64,13,13,13,36,36,36,36,36,33,26,26,26,64,64,70,70,70,70,70,67,62,62,62,56,45,45,41,65,31,70,80,90,87,92,92,62,62,39,39,67,67,65,61,90,90,46,88,102,102,30,0,0],"gold":287,"neow_bonus":"NOSTALGIA","is_daily":false,"chose_seed":false,"campfire_upgraded":6,"win_rate":0.0,"timestamp":1608726778,"path_taken":["M","?","?","M","?","R","M","R","T","E","$","M","M","E","R","BOSS","M","AVR","?","$","M","R","M","E","T","R","M","E","R","?","R","BOSS","M","M","M","M","?","E","R","E","T","R","AVR","E","M","E","R","BOSS","R","$","E","BOSS"],"items_purchased_type":["Relic","Card","Relic","Relic","Card","Potion","Potion"],"build_version":"2020-11-17","purchased_purges":6,"victory":false,"max_hp_per_floor":[70,77,77,77,77,77,77,77,77,77,77,77,77,77,77,77,77,77,83,83,83,83,83,83,83,83,83,83,83,83,83,83,83,83,88,91,91,92,92,93,93,94,94,94,94,95,96,97,97,102,102,102,102,103,103,103],"card_choices":[{"not_picked":["ReplayTheSpireMod:The Works","Dash"],"picked":"Flying Knee","floor":1.0},{"not_picked":["Cloak And Dagger","ReplayTheSpireMod:The Works","Bane"],"picked":"SKIP","floor":3.0},{"not_picked":["ReplayTheSpireMod:The Works","Dash","Deadly Poison"],"picked":"SKIP","floor":4.0},{"not_picked":["infinitespire:FutureSight","infinitespire:Fortify"],"picked":"infinitespire:SevenWalls","floor":5.0},{"not_picked":["Deflect","Hidden Blade","Underhanded Strike"],"picked":"SKIP","floor":7.0},{"not_picked":["Accuracy","Expertise"],"picked":"Burst","floor":10.0},{"not_picked":["Eviscerate","Toxin Wave","Dash"],"picked":"SKIP","floor":12.0},{"not_picked":["Quick Slash","Dagger Throw"],"picked":"Flying Knee","floor":13.0},{"not_picked":["hubris:SlightOfHand","Distraction","Eviscerate"],"picked":"SKIP","floor":14.0},{"not_picked":["Deadly Poison","Expertise","Backstab+1"],"picked":"SKIP","floor":18.0},{"not_picked":["Flying Knee","Cloak And Dagger","Deflect"],"picked":"SKIP","floor":22.0},{"not_picked":["All Out Attack+1","Deflect","Backflip"],"picked":"SKIP","floor":24.0},{"not_picked":["Corpse Explosion","Deflect","Slice+1"],"picked":"SKIP","floor":25.0},{"not_picked":["Escape Plan","Dodge and Roll","Flechettes"],"picked":"SKIP","floor":28.0},{"not_picked":["Poisoned Stab","Blade Dance","Quick Slash"],"picked":"SKIP","floor":29.0},{"not_picked":["Hidden Blade","Underhanded Strike"],"picked":"Blade Dance","floor":31.0},{"not_picked":["alterego_mod:InsideBaseball","Secret Technique"],"picked":"alterego_mod:BrynhildrRomantia","floor":33.0},{"not_picked":["hubris:Ssssneak","Redo","Infinite Blades+1"],"picked":"SKIP","floor":35.0},{"not_picked":["Wild Strike+1","Replay:AtTheReady+1"],"picked":"Massacre+1","floor":36.0},{"not_picked":["Blade Dance+1","alterego_mod:Collar+1"],"picked":"CrushJoints+1","floor":37.0},{"not_picked":["Steam Power","Dagger Spray","Bane"],"picked":"SKIP","floor":38.0},{"not_picked":["vexMod:StairwayStrike","Replay:Parry"],"picked":"conspire:Banana","floor":39.0},{"not_picked":["ReplayTheSpireMod:Tripwire+1","Flash of Steel","Impatience+1"],"picked":"SKIP","floor":40.0},{"not_picked":["Mind Blast","ReplayTheSpireMod:The Works+1"],"picked":"Sword Boomerang+1","floor":42.0},{"not_picked":["FlurryOfBlows+1","Go for the Eyes+1"],"picked":"Dark Shackles+1","floor":46.0},{"not_picked":["alterego_mod:SakuraFive","alterego_mod:DustData","Coolheaded"],"picked":"SKIP","floor":47.0},{"not_picked":["Cloak And Dagger+1","alterego_mod:Exercise"],"picked":"alterego_mod:Belle+1","floor":48.0},{"not_picked":["True Grit","Rampage","hubris:TrickCloak"],"picked":"SKIP","floor":54.0}],"player_experience":244816,"relics_obtained":[{"floor":2.0,"key":"Strawberry"},{"floor":9.0,"key":"conspire:DeflatedDodgeball"},{"floor":10.0,"key":"Replay:PocketPolymizer"},{"floor":14.0,"key":"Bag of Marbles"},{"floor":25.0,"key":"hubris:TenFootPole"},{"floor":29.0,"key":"Ice Cream"},{"floor":31.0,"key":"PrismaticShard"},{"floor":40.0,"key":"Art of War"},{"floor":42.0,"key":"Pantograph"},{"floor":43.0,"key":"Vajra"},{"floor":46.0,"key":"MealTicket"},{"floor":48.0,"key":"infinitespire:Beetle Shell"},{"floor":54.0,"key":"aspiration:HiddenCompartment"}],"event_choices":[{"damage_healed":0.0,"max_hp_gain":0.0,"max_hp_loss":0.0,"gold_gain":0.0,"event_name":"Drug Dealer","player_choice":"Obtain J.A.X.","floor":20.0,"gold_loss":0.0,"damage_taken":0.0,"cards_obtained":["J.A.X."]},{"damage_healed":0.0,"max_hp_gain":0.0,"max_hp_loss":0.0,"gold_gain":0.0,"event_name":"SensoryStone","player_choice":"Memory 1","floor":39.0,"gold_loss":0.0,"damage_taken":0.0}],"is_beta":true,"boss_relics":[{"not_picked":["vexMod:CursedCompass","hubris:TerracottaHorce"],"picked":"Empty Cage"},{"not_picked":["Replay:Ancient Bell","Runic Dome"],"picked":"Sandwich"}],"items_purged_floors":[5,5,5,5,11,19],"is_endless":false,"potions_floor_spawned":[3,10,12,13,14,18,24,33,36,37,42,48],"killed_by":"The Heart","ascension_level":5}}