{"host":"gfr9dk7hxbf4u708","time":1608744864,"event":{"mods":["AchievementEnabler","BaseMod","Better Third Choice","Colored Map","Downfall","Googly Eyes","Hermit","Hubris","Infinite Spire","Minty Spire (QoL Compilation)","Permanent Neow","Quick Restart","Random Character Button","Replay The Spire","Shade Mod","StSLib","The Bug Knight","The Factory","The Hierophant","The Jungle","The Runesmith","TheVacant"],"gold_per_floor":[151,167,167,187,287,298,323,358,358,370,401,412,129,147,160,260,260,260,252,252,275,323,323,348,386,386,401,401,424,424,11,29,136,136,136,164,164,207,207,230,130,159,186,186,186,134,149,149],"floor_reached":49,"playtime":4336,"items_purged":["hexamod:Strike","hexamod:Haunt","hexamod:Defend"],"score":811,"play_id":"bf6b2e16-e562-4138-af21-a449526939b3","local_time":"20201223193424","is_ascension_mode":true,"campfire_choices":[{"floor":9,"key":"REST"},{"data":"hexamod:SuperheatedStrike","floor":18,"key":"SMITH"},{"data":"hexamod:RecurringNightmare","floor":23,"key":"SMITH"},{"data":"hexamod:AdvancingGuard","floor":28,"key":"SMITH"},{"data":"hexamod:UnleashSpirits","floor":35,"key":"SMITH"},{"data":"hexamod:AdvancingGuard","floor":45,"key":"SMITH"}],"circlet_count":0,"master_deck":["hexamod:Defend","hexamod:Defend+1","hexamod:Float+1","hexamod:EtherealExpedition+1","hexamod:GhostLash+1","hexamod:FastForward","hexamod:AdvancingGuard+1","hexamod:RecurringNightmare+1","hexamod:NightmareStrike+1","hexamod:NightmareGuise+1","hexamod:SuperheatedStrike+1","Replay:SS_fish_2","hexamod:RadiantFlame+1","hexamod:Hexaguard+1","hexamod:SixthSeal","hexamod:SecondSeal","hexamod:PowerFromBeyond","hexamod:NightmareGuise+1","Slimebound:Tackle+1","Slimebound:Tackle+1","hexamod:FastForward+1","hexamod:GhostShield","hexamod:GhostflameBarrier+1","hexamod:AdvancingGuard+1","hexamod:UnleashSpirits+1","hexamod:GhostShield","hexamod:FlamesFromBeyond+1","hexamod:FastForward+1","hexamod:GhostLash","hexamod:RadiantFlame+1","hexamod:Haunt","hexamod:FastForward"],"relics":["hexamod:SpiritBrand","Potion Belt","hubris:OldNail","Bronze Scales","Tiny Chest","Honey Jar","MealTicket","hexamod:MatchstickCase","Kunai","Enchiridion","CaptainsWheel","ChewingGum","downfall:TeleportStone","hubris:CuriousFeather","infinitespire:WardingShard","ReplayTheSpireMod:TigerMarble","Eternal Feather","infinitespire:Beetle Shell"],"acts_visited":["Exordium","TheCity","TheBeyond"],"potions_floor_usage":[8,8,8,11,11,16,16,25,48,48,48],"damage_taken":[{"damage":0,"enemies":"Jaw Worm","floor":2,"turns":3},{"damage":1,"enemies":"Small Slimes","floor":4,"turns":3},{"damage":64,"enemies":"downfall:LadyInBlue","floor":5,"turns":12},{"damage":0,"enemies":"Cultist","floor":6,"turns":3},{"damage":1,"enemies":"Lagavulin","floor":8,"turns":4},{"damage":0,"enemies":"Blue Slaver","floor":10,"turns":3},{"damage":12,"enemies":"Gremlin Nob","floor":11,"turns":4},{"damage":1,"enemies":"Large Slime","floor":12,"turns":3},{"damage":0,"enemies":"downfall:FleeingMerchant","floor":13,"turns":4},{"damage":0,"enemies":"2 Fungi Beasts","floor":14,"turns":4},{"damage":6,"enemies":"Blue Slaver","floor":15,"turns":2},{"damage":18,"enemies":"downfall:Defect","floor":16,"turns":6},{"damage":0,"enemies":"Chosen","floor":21,"turns":4},{"damage":25,"enemies":"Book of Stabbing","floor":25,"turns":5},{"damage":2,"enemies":"Spheric Guardian","floor":27,"turns":4},{"damage":5,"enemies":"Shelled Parasite and Fungi","floor":29,"turns":4},{"damage":0,"enemies":"downfall:FleeingMerchant","floor":31,"turns":4},{"damage":2,"enemies":"Cultist and Chosen","floor":32,"turns":6},{"damage":54,"enemies":"downfall:Ironclad","floor":33,"turns":10},{"damage":0,"enemies":"3 Darklings","floor":36,"turns":4},{"damage":12,"enemies":"Nemesis","floor":38,"turns":5},{"damage":0,"enemies":"3 Shapes","floor":40,"turns":5},{"damage":12,"enemies":"R_Hoarder","floor":42,"turns":4},{"damage":0,"enemies":"Spire Growth","floor":43,"turns":3},{"damage":0,"enemies":"downfall:FleeingMerchant","floor":46,"turns":3},{"damage":0,"enemies":"Writhing Mass","floor":47,"turns":3},{"damage":0,"enemies":"downfall:Watcher","floor":48,"turns":6}],"seed_played":"8142465567141073083","potions_obtained":[{"floor":5,"key":"Elixir"},{"floor":5,"key":"LiquidMemories"},{"floor":5,"key":"Guardian:BlockOnCardUsePotion"},{"floor":6,"key":"DistilledChaos"},{"floor":8,"key":"SneckoOil"},{"floor":10,"key":"CultistPotion"},{"floor":11,"key":"FearPotion"},{"floor":14,"key":"Swift Potion"},{"floor":15,"key":"FearPotion"},{"floor":21,"key":"SteroidPotion"},{"floor":27,"key":"Doom Potion"},{"floor":29,"key":"Venom Potion"},{"floor":40,"key":"FearPotion"},{"floor":42,"key":"AttackPotion"}],"is_trial":false,"path_per_floor":["R_BF","M","?","M","?","M","T","E","R","M","E","M","$","M","M","B",null,"R","?","?","M","T","R","T","E","?","M","R","M","?","$","M","B",null,"R","M","?","E","T","M","NS","E","M","T","R","$","M","B",null],"character_chosen":"THE_SPIRIT","items_purchased":["hexamod:Haunt","Replay:SS_fish_2","Guardian:BlockOnCardUsePotion","CaptainsWheel","Slimebound:ThreeZeroPotion","infinitespire:Beetle Shell"],"campfire_rested":1,"item_purchase_floors":[13,13,13,31,46,46],"current_hp_per_floor":[70,70,70,69,5,5,5,4,25,25,13,12,12,20,14,4,70,70,70,70,70,70,70,70,52,52,58,58,61,45,68,66,16,70,70,70,70,58,58,58,58,46,46,46,64,70,70,70],"gold":149,"neow_bonus":"THREE_CARDS","is_daily":false,"chose_seed":false,"campfire_upgraded":5,"win_rate":0.0,"timestamp":1608744864,"path_taken":["R_BF","M","?","M","?","M","T","E","R","M","E","?","$","M","M","BOSS","R","?","?","M","?","R","T","E","?","M","R","M","?","$","M","BOSS","R","M","?","E","T","M","NS","E","M","?","R","$","M","BOSS"],"items_purchased_type":["Card","Card","Potion","Relic","Potion","Relic"],"build_version":"2020-12-22","purchased_purges":3,"victory":true,"max_hp_per_floor":[70,70,70,70,70,70,70,70,70,70,70,70,70,70,70,70,70,70,70,70,70,70,70,70,70,70,70,70,70,70,70,70,70,70,70,70,70,70,70,70,70,70,70,70,70,70,70,70],"card_choices":[{"not_picked":["hexamod:NightmareGuise","hexamod:HauntingEcho"],"picked":"hexamod:EtherealExpedition","floor":0},{"not_picked":["hexamod:RainOfEmbers","hexamod:ThermalTransfer"],"picked":"hexamod:GhostLash","floor":2},{"not_picked":["hexamod:ThermalTransfer","hexamod:DynamicBlow"],"picked":"hexamod:FastForward","floor":4},{"not_picked":["hexamod:BacktrackSmack","hexamod:Firestarter"],"picked":"hexamod:AdvancingGuard","floor":6},{"not_picked":["hexamod:NecessarySacrifice","hexamod:FastForward"],"picked":"hexamod:RecurringNightmare","floor":8},{"not_picked":["hexamod:BurningTouch","hexamod:SkipABeat"],"picked":"hexamod:NightmareStrike","floor":10},{"not_picked":["hexamod:BurningTouch","hexamod:ApocalypseNow","hexamod:EmpoweredFlame"],"picked":"SKIP","floor":11},{"not_picked":["hexamod:BurningTouch","hexamod:InspiringFlames"],"picked":"hexamod:NightmareGuise","floor":12},{"not_picked":["hexamod:RetreatToShadows","hexamod:SwordOfDarkness"],"picked":"hexamod:SuperheatedStrike","floor":13},{"not_picked":["hexamod:ThermalTransfer","hexamod:SpectersWail"],"picked":"hexamod:RadiantFlame","floor":14},{"not_picked":["hexamod:HeatShield","hexamod:PowerFromBeyond"],"picked":"hexamod:Hexaguard","floor":15},{"not_picked":["hexamod:EmpoweringStance","hexamod:ApocalypticArmor"],"picked":"hexamod:SixthSeal","floor":16},{"not_picked":["hexamod:HauntingEcho+1","hexamod:HeatMetal","hexamod:SwordOfDarkness"],"picked":"hexamod:PowerFromBeyond","floor":21},{"not_picked":["hexamod:BacktrackSmack","hexamod:BurningTouch","hexamod:HeatCrush+1"],"picked":"hexamod:NightmareGuise","floor":25},{"not_picked":["hexamod:RainOfEmbers","hexamod:NightmareGuise+1","hexamod:AdvancingGuard"],"picked":"hexamod:FastForward+1","floor":27},{"not_picked":["hexamod:PhantomCloak","hexamod:ThermalTransfer","hexamod:Incineration+1"],"picked":"hexamod:GhostShield","floor":29},{"not_picked":["hexamod:RainOfEmbers","hexamod:Firestarter+1","hexamod:GhostShield"],"picked":"hexamod:GhostflameBarrier+1","floor":31},{"not_picked":["hexamod:SwordOfDarkness","hexamod:InspiringFlames","hexamod:BurningTouch"],"picked":"hexamod:AdvancingGuard","floor":32},{"not_picked":["hexamod:TimeWarp","hexamod:SixthSeal","hexamod:TimeOfNeed"],"picked":"hexamod:UnleashSpirits","floor":33},{"not_picked":["hexamod:NightmareGuise+1","hexamod:BurningTouch+1","hexamod:ExtraCrispy"],"picked":"hexamod:GhostShield","floor":36},{"not_picked":["hexamod:HauntingEcho","hexamod:SwordOfDarkness+1","hexamod:BurningTouch"],"picked":"hexamod:FlamesFromBeyond+1","floor":38},{"not_picked":["hexamod:GhostLash","hexamod:SpectersWail","hexamod:AdvancingGuard"],"picked":"hexamod:FastForward+1","floor":40},{"not_picked":["hexamod:SecondSeal","hexamod:ExtraCrispy+1","hexamod:UnlimitedPower"],"picked":"hexamod:GhostLash","floor":42},{"not_picked":["hexamod:SpectralAdrenaline","hexamod:Rewind","hexamod:RainOfEmbers"],"picked":"hexamod:RadiantFlame+1","floor":43},{"not_picked":["hexamod:ThermalTransfer","hexamod:NightmareGuise+1","hexamod:HeatCrush"],"picked":"hexamod:Haunt","floor":46},{"not_picked":["hexamod:GhostOfSpireFuture+1","hexamod:CatchUp","hexamod:NightmareStrike"],"picked":"hexamod:FastForward","floor":47}],"player_experience":304091,"relics_obtained":[{"floor":5,"key":"Potion Belt"},{"floor":7,"key":"hubris:OldNail"},{"floor":8,"key":"Bronze Scales"},{"floor":11,"key":"Tiny Chest"},{"floor":22,"key":"MealTicket"},{"floor":24,"key":"hexamod:MatchstickCase"},{"floor":25,"key":"Kunai"},{"floor":30,"key":"Enchiridion"},{"floor":38,"key":"hubris:CuriousFeather"},{"floor":39,"key":"infinitespire:WardingShard"},{"floor":42,"key":"ReplayTheSpireMod:TigerMarble"},{"floor":44,"key":"Eternal Feather"}],"event_choices":[],"is_beta":false,"boss_relics":[{"not_picked":["Ring of Chaos","hubris:TerracottaHorce"],"picked":"Honey Jar"},{"not_picked":["Astrolabe","Sozu"],"picked":"ChewingGum"}],"items_purged_floors":[13,31,46],"is_endless":false,"potions_floor_spawned":[6,8,10,11,14,15,21,27,29,40,42],"ascension_level":1}}