{"host":"zksvs3x2ysy9npnz","time":1608762821,"event":{"mods":["Aspiration","BaseMod","Beaked The Cultist","BetterRewards","CatGirl Mod","Clockwork Mod","Conspire","Downfall","Energized Spire","Fiend Mod","Friendly Minions","Halation","Hermit","Highlight Path","Hubris","Hunter ??","Infinite Spire","Jedi Mod","Minty Spire (QoL Compilation)","Permanent Neow","Quick Restart","Relic Stats","Replay The Spire","Shop Mod","StSLib","SuperFastMode","The Blackbeard","The Bladedancer","The Construct"],"gold_per_floor":[126,149,161,188,218,230,257,269,329,373,385,297,309,332,344,461,473,503,515,527,25,40,66,66,99,99,114,130,130,130,148,148,252,252,267,320,7,57,57,82,82,30,106,126,126,153,53,79,79,79,79,79,79,107,107],"floor_reached":56,"playtime":4261,"items_purged":["Fiend:FiendDemonicContract","Fiend:FiendRam"],"score":2032,"play_id":"b223f045-72b3-416c-9693-16252ed5db70","local_time":"20201223233341","is_ascension_mode":true,"campfire_choices":[{"floor":6.0,"key":"REST"},{"floor":8.0,"key":"REST"},{"data":"Fiend:FiendBloodstone+1","floor":13.0,"key":"SMITH"},{"data":"Fiend:FiendBloodstone+2","floor":15.0,"key":"SMITH"},{"floor":24.0,"key":"REST"},{"floor":29.0,"key":"RECALL"},{"data":"Fiend:FiendConsume","floor":32.0,"key":"SMITH"},{"floor":41,"key":"REST"},{"data":"Ghostly","floor":41,"key":"SMITH"},{"data":"Fiend:FiendBloodstone+3","floor":45,"key":"SMITH"},{"data":"blademaster:Havoc","floor":49,"key":"SMITH"},{"data":"Fiend:FiendBloodstone+4","floor":52,"key":"SMITH"}],"circlet_count":0,"master_deck":["AscendersBane","Fiend:FiendDemonSlash+1","Fiend:FiendDemonSlash+1","Fiend:FiendDemonSlash+1","Fiend:FiendDemonSlash+1","Fiend:FiendFortify","Fiend:FiendFortify","Fiend:FiendFortify","Fiend:FiendFortify","Fiend:FiendConsume+1","Fiend:FiendMeditate","Fiend:FiendMeatShield","Fiend:FiendExecute","Fiend:FiendFiendishCharge","Fiend:FiendFiendishCharge","Fiend:FiendBloodstone+5","Ghostly+1","Fiend:FiendDeepenWound","Fiend:FiendMeditate+1","Sadistic Nature","Fiend:FiendFiendishCharge","Fiend:FiendFlay","Fiend:FiendFiendishCharge+1","Fiend:FiendMeatShield","Fiend:FiendMeditate+1","Fiend:FiendDeepenWound","Fiend:FiendGreaterDemonSlash+1","Fiend:FiendFeast","Fiend:FiendMutativeArms","Fiend:FiendSalvage+1","Fiend:FiendMeditate","blademaster:Havoc+1","Fiend:FiendSalvage+1"],"relics":["Fiend:FiendTotem","MawBank","halation:StarCompass","FossilizedHelix","Black Star","Replay:Rubber Ducky","aspiration:HiddenCompartment","Du-Vu Doll","Unceasing Top","conspire:TopHat","Art of War","hubris:CrystalStatue","conspire:RoyalGoblet","infinitespire:Magic Flask","halation:Trompette","Fiend:SootheBell","Calipers","Omamori","Replay:Bottled Eggs","aspiration:EmptySkull","conspire:BottledYoYo","hubris:DisguiseKit","Girya","Potion Belt","Regal Pillow","halation:PromiseList","infinitespire:WardingShard","jedi:crownofsimplicity"],"acts_visited":["Exordium","TheCity","TheBeyond","TheEnding"],"potions_floor_usage":[36,36,38,40,46,55],"damage_taken":[{"damage":11.0,"enemies":"Jaw Worm","floor":1.0,"turns":4.0},{"damage":8.0,"enemies":"2 Louse","floor":2.0,"turns":2.0},{"damage":6.0,"enemies":"Small Slimes","floor":4.0,"turns":5.0},{"damage":10.0,"enemies":"3 Louse","floor":5.0,"turns":4.0},{"damage":7.0,"enemies":"2 Fungi Beasts","floor":7.0,"turns":4.0},{"damage":24.0,"enemies":"3 Sentries","floor":10.0,"turns":8.0},{"damage":0.0,"enemies":"Exordium Wildlife","floor":14.0,"turns":5.0},{"damage":12.0,"enemies":"The Guardian","floor":16.0,"turns":14.0},{"damage":16.0,"enemies":"Shell Parasite","floor":18.0,"turns":6.0},{"damage":7.0,"enemies":"Chosen","floor":22.0,"turns":5.0},{"damage":45.0,"enemies":"Nightmare","floor":23.0,"turns":11.0},{"damage":50.0,"enemies":"Book of Stabbing","floor":25.0,"turns":3.0},{"damage":0.0,"enemies":"3 Cultists","floor":27.0,"turns":5.0},{"damage":0.0,"enemies":"Centurion and Healer","floor":28.0,"turns":6.0},{"damage":0.0,"enemies":"Shelled Parasite and Fungi","floor":31.0,"turns":4.0},{"damage":36.0,"enemies":"Automaton","floor":33.0,"turns":7.0},{"damage":12.0,"enemies":"3 Shapes","floor":35.0,"turns":9.0},{"damage":18,"enemies":"2 Orb Walkers","floor":36,"turns":5},{"damage":0,"enemies":"Mind Bloom Boss Battle","floor":38,"turns":3},{"damage":0,"enemies":"Giant Head","floor":40,"turns":4},{"damage":0,"enemies":"3 Darklings","floor":44,"turns":2},{"damage":0,"enemies":"Reptomancer","floor":46,"turns":3},{"damage":0,"enemies":"Nemesis","floor":48,"turns":3},{"damage":3,"enemies":"infinitespire:MassOfShapes","floor":50,"turns":8},{"damage":0,"enemies":"Shield and Spear","floor":54,"turns":3},{"damage":101,"enemies":"The Heart","floor":55,"turns":8}],"seed_played":"-7953987284830202978","potions_obtained":[{"floor":2.0,"key":"DuplicationPotion"},{"floor":4.0,"key":"Regen Potion"},{"floor":7.0,"key":"Swift Potion"},{"floor":14.0,"key":"DistilledChaos"},{"floor":27.0,"key":"Energy Potion"},{"floor":28.0,"key":"Swift Potion"},{"floor":33.0,"key":"PowerPotion"},{"floor":35.0,"key":"Strength Potion"},{"floor":36,"key":"Dexterity Potion"},{"floor":44,"key":"Toxic Potion"},{"floor":54,"key":"Dexterity Potion"}],"is_trial":false,"path_per_floor":["M","M","?","M","M","R","M","R","T","E","?","?","R","M","R","B",null,"M","?","?","$","M","NM","R","E","T","M","M","R","?","M","R","B",null,"M","?","$","?","$","E","R","$","T","M","R","E","$","E","R","B",null,"R","$","E","B",null],"character_chosen":"THE_FIEND","items_purchased":["Sadistic Nature","Fiend:FiendFiendishCharge","Replay:Rubber Ducky","aspiration:HiddenCompartment","Fiend:FiendFeast","Fiend:FiendMutativeArms","Fiend:SootheBell","Calipers","Omamori","Replay:Bottled Eggs","Fiend:FiendMeditate"],"campfire_rested":4,"item_purchase_floors":[21,21,21,21,37,37,39,39,39,39,42],"current_hp_per_floor":[52,44,44,38,28,49,42,63,63,57,57,57,57,63,63,58,69,61,61,61,61,68,36,61,17,17,29,44,44,44,54,54,44,83,95,100,100,100,44,79,102,102,102,102,102,104,104,106,106,108,108,108,108,110,63],"gold":107,"neow_bonus":"RANDOM_COMMON_RELIC","is_daily":false,"chose_seed":false,"campfire_upgraded":7,"win_rate":0.0,"timestamp":1608762821,"path_taken":["M","M","?","M","M","R","M","R","T","E","?","?","R","M","R","BOSS","M","?","?","$","M","NM","R","E","T","M","M","R","?","M","R","BOSS","M","?","?","?","?","E","R","$","T","M","R","E","$","E","R","BOSS","R","$","E","BOSS"],"items_purchased_type":["Card","Card","Relic","Relic","Card","Card","Relic","Relic","Relic","Relic","Card"],"build_version":"2020-12-22","purchased_purges":2,"victory":true,"max_hp_per_floor":[70,70,70,70,70,70,70,70,70,71,71,71,71,72,72,73,73,77,77,77,77,81,85,85,91,91,92,93,93,93,94,94,96,96,98,100,100,100,100,102,102,102,102,102,102,104,104,106,106,108,108,108,108,110,112],"relic_stats":{"Regal Pillow":0,"counters":[26,141],"Black Star":6,"Art of War":[5],"MawBank":252,"obtain_stats":[{"Regal Pillow":48,"hubris:CrystalStatue":26,"Calipers":39,"conspire:RoyalGoblet":34,"halation:StarCompass":3,"conspire:TopHat":25,"Replay:Rubber Ducky":21,"Fiend:SootheBell":39,"halation:PromiseList":48,"Replay:Bottled Eggs":39,"Potion Belt":46,"hubris:DisguiseKit":43,"Girya":46,"Omamori":39,"infinitespire:Magic Flask":36,"jedi:crownofsimplicity":54,"Fiend:FiendTotem":0,"MawBank":0,"aspiration:HiddenCompartment":21,"Du-Vu Doll":23,"aspiration:EmptySkull":40,"infinitespire:WardingShard":54,"Black Star":17,"Art of War":25,"conspire:BottledYoYo":40,"FossilizedHelix":10,"Unceasing Top":23,"halation:Trompette":38},{"Regal Pillow":23,"hubris:CrystalStatue":12,"Calipers":19,"conspire:RoyalGoblet":16,"halation:StarCompass":2,"conspire:TopHat":12,"Replay:Rubber Ducky":9,"Fiend:SootheBell":19,"halation:PromiseList":23,"Replay:Bottled Eggs":19,"Potion Belt":22,"hubris:DisguiseKit":20,"Girya":22,"Omamori":19,"infinitespire:Magic Flask":18,"jedi:crownofsimplicity":25,"Fiend:FiendTotem":0,"MawBank":0,"aspiration:HiddenCompartment":9,"Du-Vu Doll":11,"aspiration:EmptySkull":20,"infinitespire:WardingShard":25,"Black Star":8,"Art of War":12,"conspire:BottledYoYo":20,"FossilizedHelix":6,"Unceasing Top":11,"halation:Trompette":19},{"Regal Pillow":122,"hubris:CrystalStatue":71,"Calipers":110,"conspire:RoyalGoblet":93,"halation:StarCompass":6,"conspire:TopHat":71,"Replay:Rubber Ducky":52,"Fiend:SootheBell":110,"halation:PromiseList":122,"Replay:Bottled Eggs":110,"Potion Belt":119,"hubris:DisguiseKit":114,"Girya":119,"Omamori":110,"infinitespire:Magic Flask":107,"jedi:crownofsimplicity":133,"Fiend:FiendTotem":0,"MawBank":0,"aspiration:HiddenCompartment":52,"Du-Vu Doll":68,"aspiration:EmptySkull":114,"infinitespire:WardingShard":133,"Black Star":46,"Art of War":71,"conspire:BottledYoYo":114,"FossilizedHelix":27,"Unceasing Top":68,"halation:Trompette":110}],"Unceasing Top":[160]},"card_choices":[{"not_picked":["Fiend:FiendFiendishCharge","Fiend:FiendBloodlust"],"picked":"Fiend:FiendMeditate","floor":1.0},{"not_picked":["Fiend:FiendBackFromHell","Fiend:FiendHarden"],"picked":"Fiend:FiendMeatShield","floor":2.0},{"not_picked":["Fiend:FiendVaccine","Fiend:FiendDemonicContract"],"picked":"Fiend:FiendExecute","floor":4.0},{"not_picked":["Fiend:FiendSplat","Fiend:FiendFiendishCharge"],"picked":"Fiend:FiendDemonicContract","floor":5.0},{"not_picked":["Fiend:FiendMeatPaste","Fiend:FiendSiphon"],"picked":"Fiend:FiendFiendishCharge","floor":7.0},{"not_picked":["Fiend:FiendLeech","Fiend:FiendBloodPrice"],"picked":"Fiend:FiendFiendishCharge","floor":10.0},{"not_picked":["Fiend:FiendSplat","Fiend:FiendBloodPrice"],"picked":"Fiend:FiendDeepenWound","floor":14.0},{"not_picked":["Fiend:FiendAja","Fiend:FiendIronBlood"],"picked":"Fiend:FiendMasochism","floor":16.0},{"not_picked":["Fiend:FiendRadiation","Fiend:FiendBloodlust"],"picked":"Fiend:FiendMeditate+1","floor":18.0},{"not_picked":["Fiend:FiendDemonWhip","Fiend:FiendMeatPaste"],"picked":"Fiend:FiendFlay","floor":22.0},{"not_picked":["Fiend:FiendSplat","Fiend:FiendUnstableCells"],"picked":"Fiend:FiendFiendishCharge+1","floor":23.0},{"not_picked":["Fiend:FiendBlackMarket+1","Fiend:FiendDemonWhip"],"picked":"Fiend:FiendMeatShield","floor":25.0},{"not_picked":["Fiend:FiendRage","Fiend:FiendRadiation"],"picked":"Fiend:FiendRam","floor":27.0},{"not_picked":["Fiend:FiendConserve+1","Fiend:FiendSplat","Fiend:FiendInjection+1"],"picked":"SKIP","floor":28.0},{"not_picked":["Fiend:FiendRage","Fiend:FiendBloodlust"],"picked":"Fiend:FiendMeditate+1","floor":31.0},{"not_picked":["Fiend:FiendCancer+1","Fiend:FiendBloodlust"],"picked":"Fiend:FiendDeepenWound","floor":35.0},{"not_picked":["Fiend:FiendBloodlust","Fiend:FiendFiendishCharge+1"],"picked":"Fiend:FiendGreaterDemonSlash+1","floor":36},{"not_picked":["Fiend:FiendDemonWhip","Fiend:FiendRadiation"],"picked":"Fiend:FiendSalvage+1","floor":40},{"not_picked":["Fiend:FiendMeatPaste","Fiend:FiendRage","Fiend:FiendConserve+1","blademaster:DaggerAndCloak"],"picked":"SKIP","floor":44},{"not_picked":["Fiend:FiendDeepenWound","Fiend:FiendHarden+1","Fiend:FiendAbomination"],"picked":"blademaster:Havoc","floor":46},{"not_picked":["Fiend:FiendAbomination+1","Fiend:FiendSplat+1","blademaster:ParryingStrike"],"picked":"Fiend:FiendSalvage+1","floor":48},{"not_picked":["Fiend:FiendAlchemeat+1","Fiend:FiendCurse","Fiend:FiendAbomination+1","blademaster:DragonStrike"],"picked":"SKIP","floor":54}],"player_experience":1912211,"relics_obtained":[{"floor":10.0,"key":"FossilizedHelix"},{"floor":23.0,"key":"Du-Vu Doll"},{"floor":23.0,"key":"Unceasing Top"},{"floor":25.0,"key":"conspire:TopHat"},{"floor":25.0,"key":"Art of War"},{"floor":26.0,"key":"hubris:CrystalStatue"},{"floor":36,"key":"infinitespire:Magic Flask"},{"floor":38,"key":"halation:Trompette"},{"floor":40,"key":"aspiration:EmptySkull"},{"floor":40,"key":"conspire:BottledYoYo"},{"floor":43,"key":"hubris:DisguiseKit"},{"floor":46,"key":"Girya"},{"floor":46,"key":"Potion Belt"},{"floor":48,"key":"Regal Pillow"},{"floor":48,"key":"halation:PromiseList"},{"floor":54,"key":"infinitespire:WardingShard"},{"floor":54,"key":"jedi:crownofsimplicity"}],"event_choices":[{"damage_healed":0.0,"max_hp_gain":0.0,"max_hp_loss":0.0,"gold_gain":0.0,"event_name":"conspire:LoneGhost","player_choice":"Argue","floor":12.0,"gold_loss":0.0,"damage_taken":0.0},{"damage_healed":0.0,"max_hp_gain":0.0,"max_hp_loss":0.0,"gold_gain":0.0,"event_name":"conspire:Investor","player_choice":"Leave","floor":20.0,"gold_loss":0.0,"damage_taken":0.0},{"cards_removed":["Fiend:FiendMasochism"],"damage_healed":0.0,"max_hp_gain":0.0,"max_hp_loss":0.0,"gold_gain":0.0,"event_name":"Back to Basics","player_choice":"Elegance","floor":30.0,"gold_loss":0.0,"damage_taken":0.0},{"damage_healed":0,"gold_gain":0,"player_choice":"Fight","damage_taken":0,"max_hp_gain":0,"max_hp_loss":0,"event_name":"Mysterious Sphere","floor":36,"gold_loss":0},{"damage_healed":0,"gold_gain":0,"player_choice":"Fight","damage_taken":0,"max_hp_gain":0,"max_hp_loss":0,"event_name":"MindBloom","floor":38,"gold_loss":0}],"is_beta":false,"boss_relics":[{"not_picked":["halation:Yufonium","hubris:VirtuousBlindfold"],"picked":"Black Star"},{"not_picked":["Replay:Drink Me","energizedSpire:NeverEndingSparkler"],"picked":"conspire:RoyalGoblet"}],"items_purged_floors":[37,47],"is_endless":false,"potions_floor_spawned":[2,4,7,14,27,28,31,33,35,36,44,54],"ascension_level":10}}