{"host":"pf9sh7nh6rpu9sau","time":1608745247,"event":{"mods":["2.2 Compatiblity","BaseMod","BetterRewards","Downfall","Hermit","Hubris","Mad Scientist","Minty Spire (QoL Compilation)","Permanent Neow","Quick Restart","Replay The Spire","Somnambulant","StSLib","The Clintock","The Cursed","The Disciple","The Hierophant","The Necromancer","The Runesmith","The Servant 0.9.4","TheVacant"],"gold_per_floor":[99,115,115,24,124,143,143,143,4,15,15,15,15],"floor_reached":11,"playtime":1804,"items_purged":[],"score":61,"play_id":"324b9a9a-7654-4d49-9a92-7464b3352473","local_time":"20201223124047","is_ascension_mode":false,"campfire_choices":[{"data":"champ:Execute","floor":1,"key":"SMITH"},{"floor":8,"key":"REST"}],"circlet_count":0,"master_deck":["champ:Strike","champ:Strike","champ:Defend","champ:Defend","champ:Defend","champ:Defend","champ:Execute+1","champ:Taunt+1","champ:ShieldSlam","champ:FalseCounter","champ:FanOfKnives","champ:VampiricStrike","champ:GladiatorStyle","champ:BringItOn","champ:Haymaker","champ:DeathBlow","champ:GladiatorStyle"],"relics":["champ:ChampionCrown","downfall:GremlinWheel","Ancient Tea Set"],"acts_visited":["Exordium"],"potions_floor_usage":[6,9],"damage_taken":[{"damage":6,"enemies":"2 Louse","floor":2,"turns":3},{"damage":18,"enemies":"downfall:FleeingMerchant","floor":4,"turns":4},{"damage":67,"enemies":"downfall:FleeingMerchant","floor":5,"turns":6},{"damage":13,"enemies":"Jaw Worm","floor":6,"turns":4},{"damage":8,"enemies":"downfall:FleeingMerchant","floor":9,"turns":4},{"damage":11,"enemies":"Cultist","floor":10,"turns":4},{"damage":42,"enemies":"Gremlin Nob","floor":11,"turns":4}],"seed_played":"-7646198576980546700","potions_obtained":[{"floor":5,"key":"AttackPotion"},{"floor":6,"key":"Energy Potion"}],"is_trial":false,"path_per_floor":["R","M","?","$","?","M","T","R","$","M","E"],"character_chosen":"THE_CHAMP","items_purchased":["champ:GladiatorStyle","champ:Haymaker","champ:DeathBlow"],"campfire_rested":1,"item_purchase_floors":[4,9,9],"current_hp_per_floor":[63,62,62,57,7,4,4,31,41,40,0,0,0],"gold":15,"neow_bonus":"TRANSFORM_TWO_CARDS","is_daily":false,"chose_seed":false,"campfire_upgraded":1,"win_rate":0.0,"timestamp":1608745247,"path_taken":["R","M","?","$","?","M","T","R","$","M","E"],"items_purchased_type":["Card","Card","Card"],"build_version":"2020-12-22","purchased_purges":0,"victory":false,"max_hp_per_floor":[90,90,90,90,90,90,90,90,90,90,90,90,90],"card_choices":[{"not_picked":["champ:CrookedStrike","champ:PerfectedStrike"],"picked":"champ:FanOfKnives","floor":2},{"not_picked":["champ:RisingSlash","champ:FocusedBerserking"],"picked":"champ:VampiricStrike","floor":4},{"not_picked":["champ:BerserkersShout","champ:Shatter"],"picked":"champ:BringItOn","floor":6},{"not_picked":["champ:BringItOn","champ:GutPunch","champ:FocusedBerserking"],"picked":"SKIP","floor":9},{"not_picked":["champ:BerserkersShout","champ:Haymaker"],"picked":"champ:GladiatorStyle","floor":10}],"player_experience":749172,"relics_obtained":[{"floor":5,"key":"downfall:GremlinWheel"},{"floor":7,"key":"Ancient Tea Set"}],"event_choices":[],"is_beta":false,"boss_relics":[],"items_purged_floors":[],"is_endless":false,"potions_floor_spawned":[5,6],"killed_by":"Gremlin Nob","ascension_level":0}}