{"host":"684z1xpuwaoqmmh1","time":1608732826,"event":{"mods":["BaseMod","Downfall","Hermit","Jorbs\u0027s Wanderer Trilogy","Marisa????????","Minty Spire (QoL Compilation)","StSLib","The Hierophant","The Mystic"],"gold_per_floor":[119,48,58,69,96,96,107,140,198,244,256,296,338,420,432,618,630,677,689,689],"floor_reached":19,"playtime":891,"items_purged":[],"score":275,"play_id":"af1be122-81b8-48d7-a6a8-d25da5b2a233","local_time":"20201223161346","is_ascension_mode":true,"campfire_choices":[{"data":"hermit:Dive","floor":6.0,"key":"SMITH"},{"floor":11,"key":"REST"},{"data":"hermit:Brawl","floor":15,"key":"SMITH"}],"circlet_count":0,"master_deck":["AscendersBane","hermit:Strike_Hermit","hermit:Strike_Hermit","hermit:Strike_Hermit","hermit:Strike_Hermit","hermit:Defend_Hermit","hermit:Defend_Hermit","hermit:Defend_Hermit","hermit:Defend_Hermit","hermit:Snapshot","hermit:Covet","expansioncontent:FaceSlap","hermit:Brawl+1","hermit:ShadowCloak","hermit:DeadOrAlive","hermit:Dive+1","hermit:Ricochet","hermit:Manifest","hermit:Desperado","hermit:Misfire","hermit:HeroicBravado","hermit:BigShot","hermit:RoundhouseKick","hermit:Dive"],"relics":["hermit:ClaspedLocket","MawBank","Boot","Sundial"],"acts_visited":["Exordium","TheCity"],"potions_floor_usage":[8,12,18,18],"damage_taken":[{"damage":0.0,"enemies":"Small Slimes","floor":1.0,"turns":3.0},{"damage":1.0,"enemies":"Cultist","floor":3.0,"turns":3.0},{"damage":9.0,"enemies":"2 Louse","floor":4.0,"turns":3.0},{"damage":2.0,"enemies":"2 Fungi Beasts","floor":5.0,"turns":4.0},{"damage":13.0,"enemies":"Exordium Thugs","floor":7.0,"turns":5.0},{"damage":6,"enemies":"Gremlin Nob","floor":8,"turns":3},{"damage":9,"enemies":"Blue Slaver","floor":10,"turns":4},{"damage":3,"enemies":"Large Slime","floor":12,"turns":6},{"damage":10,"enemies":"Lots of Slimes","floor":13,"turns":5},{"damage":2,"enemies":"Lagavulin","floor":14,"turns":7},{"damage":32,"enemies":"The Guardian","floor":16,"turns":13},{"damage":28,"enemies":"Shell Parasite","floor":18,"turns":7},{"damage":37,"enemies":"3 Byrds","floor":19,"turns":3}],"seed_played":"7210813173288558895","potions_obtained":[{"floor":5.0,"key":"Fire Potion"},{"floor":7.0,"key":"ColorlessPotion"},{"floor":10,"key":"Block Potion"},{"floor":12,"key":"SteroidPotion"},{"floor":16,"key":"ColorlessPotion"}],"is_trial":false,"path_per_floor":["M","$","M","M","M","R","M","E","T","M","R","M","M","E","R","B",null,"M","M"],"character_chosen":"HERMIT","items_purchased":["hermit:ShadowCloak"],"campfire_rested":1,"item_purchase_floors":[2],"current_hp_per_floor":[68,68,67,58,56,56,43,37,37,28,50,47,37,35,35,3,57,29,0,0],"gold":689,"neow_bonus":"RANDOM_COLORLESS","is_daily":false,"chose_seed":false,"campfire_upgraded":2,"win_rate":0.0,"timestamp":1608732826,"path_taken":["M","$","M","M","M","R","M","E","T","M","R","M","M","E","R","BOSS","M","M"],"items_purchased_type":["Card"],"build_version":"2020-12-22","purchased_purges":0,"victory":false,"max_hp_per_floor":[75,75,75,75,75,75,75,75,75,75,75,75,75,75,75,75,75,75,75,75],"card_choices":[{"not_picked":["Deep Breath","Bandage Up"],"picked":"expansioncontent:FaceSlap","floor":0.0},{"not_picked":["hermit:Misfire","hermit:Horror"],"picked":"hermit:Brawl","floor":1.0},{"not_picked":["hermit:Roulette","hermit:HoleUp","hermit:Combo"],"picked":"SKIP","floor":3.0},{"not_picked":["hermit:Quickdraw","hermit:Snipe"],"picked":"hermit:DeadOrAlive","floor":4.0},{"not_picked":["hermit:Coalescence","hermit:HighCaliber"],"picked":"hermit:Dive","floor":5.0},{"not_picked":["hermit:DeadMansHand","hermit:LoneWolf"],"picked":"hermit:Ricochet","floor":7.0},{"not_picked":["hermit:EyeOfTheStorm","hermit:Grudge"],"picked":"hermit:Manifest","floor":8},{"not_picked":["hermit:HighCaliber","hermit:TrackingShot"],"picked":"hermit:Desperado","floor":10},{"not_picked":["hermit:Coalescence","hermit:Cheat"],"picked":"hermit:Misfire","floor":12},{"not_picked":["hermit:LowProfile","hermit:Ricochet"],"picked":"hermit:HeroicBravado","floor":13},{"not_picked":["hermit:Headshot","hermit:Scavenge"],"picked":"hermit:BigShot","floor":14},{"not_picked":["hermit:Magnum","hermit:Gambit"],"picked":"hermit:RoundhouseKick","floor":16},{"not_picked":["hermit:Malice","hermit:Horror"],"picked":"hermit:Dive","floor":18}],"player_experience":2383715,"relics_obtained":[{"floor":8,"key":"MawBank"},{"floor":9,"key":"Boot"},{"floor":14,"key":"Sundial"}],"event_choices":[],"is_beta":false,"boss_relics":[{"not_picked":["Philosopher\u0027s Stone","Fusion Hammer"],"picked":"hermit:ClaspedLocket"}],"items_purged_floors":[],"is_endless":false,"potions_floor_spawned":[5,7,10,12,16],"killed_by":"3 Byrds","ascension_level":10}}