{"host":"5fasz840ryq7obdf","time":1608692507,"event":{"mods":["AchievementEnabler","BaseMod","Bestiary","Better Altar","Better Skull","Better Third Choice","BetterRewards","Block Reminder","Colored Powertips","Curses Come First","Minty Spire (QoL Compilation)","Quick Restart","Relic Stats","Shop Mod","Spicy Shops","StSLib"],"gold_per_floor":[139,139,139,9,9,75,128,209,302,314,416,521,533,545,557,669,681,726,738,750,812,824,902,914,975,987,999,1011,1207,1244,1296,1308,1443,1455,1496,1508,1563,1575,299,351,351,395,395,443,461,481,505,5,5,5,5,5,5,53,53],"floor_reached":56,"playtime":8888,"items_purged":["Clumsy","Regret","EmptyMind"],"score":2784,"play_id":"dcbee51e-265c-41c5-952f-a0727d09c936","local_time":"20201223030147","is_ascension_mode":true,"campfire_choices":[{"data":"CrushJoints","floor":13.0,"key":"SMITH"},{"floor":15.0,"key":"REST"},{"floor":24.0,"key":"REST"},{"data":"Eruption","floor":28.0,"key":"SMITH"},{"floor":32.0,"key":"REST"},{"data":"Secret Weapon","floor":41.0,"key":"SMITH"},{"floor":49.0,"key":"RECALL"},{"data":"HandOfGreed+1","floor":52.0,"key":"PURGE"}],"circlet_count":0,"master_deck":["AscendersBane","Vigilance+1","Crescendo","Worship+1","Indignation+1","CrushJoints+1","Panache+1","Adaptation","Evaluate+1","Sanctity+1","JustLucky+1","Sanctity+1","Wireheading","EmptyMind+1","CutThroughFate+1","EmptyBody+1","Consecrate+1","LessonLearned+1","Vault+1","CrushJoints+1","JustLucky+1","CutThroughFate+1","ThirdEye+1","WaveOfTheHand+1","Vault+1","SashWhip+1","JustLucky+1","Secret Weapon+1","The Bomb+1","Deep Breath","Swift Strike+1","Trip","Finesse","Swift Strike+1","Prostrate+1","Blasphemy+1","Nirvana+1","DeusExMachina","MentalFortress","Crescendo+1","Ragnarok+1","ThirdEye","Wireheading","Vault"],"relics":["PureWater","Orrery","Pantograph","InkBottle","Ancient Tea Set","Molten Egg 2","GoldenEye","Lee\u0027s Waffle","Golden Idol","Smiling Mask","MawBank","The Courier","CeramicFish","Odd Mushroom","VioletLotus","Potion Belt","HornCleat","Mango","Peace Pipe","Sundial","Whetstone","Runic Pyramid","TheAbacus","Gremlin Horn","Pen Nib","Happy Flower","StrikeDummy","Turnip","Pear","Shuriken","Cauldron","Oddly Smooth Stone"],"acts_visited":["Exordium","TheCity","TheBeyond","TheEnding"],"potions_floor_usage":[55,55],"damage_taken":[{"damage":0.0,"enemies":"Jaw Worm","floor":1.0,"turns":3.0},{"damage":0.0,"enemies":"Lagavulin","floor":6.0,"turns":3.0},{"damage":3.0,"enemies":"Small Slimes","floor":7.0,"turns":4.0},{"damage":3.0,"enemies":"2 Louse","floor":8.0,"turns":3.0},{"damage":11.0,"enemies":"3 Sentries","floor":11.0,"turns":8.0},{"damage":24.0,"enemies":"The Mushroom Lair","floor":12.0,"turns":5.0},{"damage":29.0,"enemies":"Hexaghost","floor":16.0,"turns":9.0},{"damage":15.0,"enemies":"Spheric Guardian","floor":18.0,"turns":7.0},{"damage":39.0,"enemies":"Slavers","floor":23.0,"turns":4.0},{"damage":6.0,"enemies":"Book of Stabbing","floor":25.0,"turns":4.0},{"damage":5.0,"enemies":"Colosseum Slavers","floor":29.0,"turns":4.0},{"damage":14.0,"enemies":"Colosseum Nobs","floor":29.0,"turns":5.0},{"damage":12.0,"enemies":"Shell Parasite","floor":30.0,"turns":5.0},{"damage":4.0,"enemies":"Slavers","floor":31.0,"turns":3.0},{"damage":8.0,"enemies":"Automaton","floor":33.0,"turns":6.0},{"damage":5.0,"enemies":"Orb Walker","floor":35.0,"turns":3.0},{"damage":0.0,"enemies":"3 Shapes","floor":37.0,"turns":6.0},{"damage":11.0,"enemies":"Giant Head","floor":40.0,"turns":6.0},{"damage":0.0,"enemies":"Nemesis","floor":42.0,"turns":5.0},{"damage":18.0,"enemies":"Reptomancer","floor":44.0,"turns":5.0},{"damage":0.0,"enemies":"3 Darklings","floor":46.0,"turns":5.0},{"damage":0.0,"enemies":"Sphere and 2 Shapes","floor":47.0,"turns":2.0},{"damage":51.0,"enemies":"Time Eater","floor":50.0,"turns":9.0},{"damage":30.0,"enemies":"Shield and Spear","floor":54.0,"turns":7.0},{"damage":34,"enemies":"The Heart","floor":55,"turns":12}],"seed_played":"147298709221528505","potions_obtained":[{"floor":6.0,"key":"FairyPotion"},{"floor":11.0,"key":"Fruit Juice"},{"floor":16.0,"key":"DuplicationPotion"},{"floor":25.0,"key":"BottledMiracle"},{"floor":31.0,"key":"DistilledChaos"},{"floor":33.0,"key":"FearPotion"},{"floor":35.0,"key":"EssenceOfSteel"},{"floor":42.0,"key":"FairyPotion"},{"floor":44.0,"key":"Ambrosia"},{"floor":48.0,"key":"DuplicationPotion"},{"floor":48.0,"key":"DuplicationPotion"}],"is_trial":false,"path_per_floor":["M","?","?","$","?","E","M","M","T","$","E","?","R","?","R","B",null,"M","?","?","?","$","E","R","E","T","$","R","?","M","E","R","B",null,"M","?","M","?","$","E","R","E","T","E","?","M","M","$","R","B",null,"R","$","E","B",null],"character_chosen":"WATCHER","items_purchased":["Orrery","Panache","Adaptation","Evaluate","Pantograph","InkBottle","Ancient Tea Set","Molten Egg 2","HandOfGreed+1","GoldenEye","Lee\u0027s Waffle","Sanctity","JustLucky+1","Wireheading","TheAbacus","Gremlin Horn","Pen Nib","Happy Flower","JustLucky+1","Secret Weapon","The Bomb","Deep Breath","Swift Strike+1","Trip","Finesse","Swift Strike+1","Shuriken","Ragnarok+1","ThirdEye","Wireheading","Cauldron"],"campfire_rested":3,"item_purchase_floors":[0,0,0,0,0,0,0,0,0,0,0,0,0,4,39,39,39,39,39,39,39,39,39,39,39,39,48,48,48,48,48],"current_hp_per_floor":[75,68,68,68,61,61,58,55,55,55,44,25,25,25,46,42,65,50,50,50,50,50,11,32,26,40,40,40,21,9,5,31,48,77,72,72,72,72,72,61,61,61,61,53,53,53,53,53,53,27,80,80,80,50,41],"gold":53,"neow_bonus":"","is_daily":false,"chose_seed":false,"campfire_upgraded":3,"win_rate":0.0,"timestamp":1608692507,"path_taken":["M","?","?","$","?","E","M","M","T","$","E","?","R","?","R","BOSS","M","?","?","?","?","E","R","E","T","$","R","?","M","E","R","BOSS","M","?","M","?","$","E","R","E","T","E","?","M","M","$","R","BOSS","R","$","E","BOSS"],"items_purchased_type":["Relic","Card","Card","Card","Relic","Relic","Relic","Relic","Card","Relic","Relic","Card","Card","Card","Relic","Relic","Relic","Relic","Card","Card","Card","Card","Card","Card","Card","Card","Relic","Card","Card","Card","Relic"],"build_version":"2020-12-13","purchased_purges":3,"victory":true,"max_hp_per_floor":[75,68,68,68,68,68,68,68,68,68,68,73,73,73,73,73,73,73,73,73,73,73,73,73,73,87,87,87,87,87,87,87,87,87,87,87,87,87,87,87,87,87,87,97,97,97,97,97,97,97,97,97,97,97,97],"relic_stats":{"Lee\u0027s Waffle":56,"Gremlin Horn":[7,7],"Happy Flower":[59],"counters":[309,1350],"Golden Idol":204,"CeramicFish":252,"Pen Nib":[11],"Whetstone":[],"GoldenEye":[384],"Smiling Mask":100,"MawBank":768,"Peace Pipe":1,"TheAbacus":[84],"Sundial":[14],"Shuriken":[10],"Pantograph":100,"VioletLotus":[19],"Turnip":[2],"obtain_stats":[{"Whetstone":31,"Ginger":23,"Bottled Tornado":47,"Boot":47,"Sling":5,"Old Coin":5,"Blood Vial":24,"Sundial":42,"MealTicket":11,"HandDrill":0,"Kunai":0,"Pear":54,"Blue Candle":31,"Velvet Choker":17,"Eternal Feather":8,"Pen Nib":6,"Akabeko":9,"SlaversCollar":17,"Bird Faced Urn":0,"StrikeDummy":40,"Unceasing Top":23,"Regal Pillow":25,"Lantern":9,"Singing Bowl":23,"Torii":12,"StoneCalendar":0,"Bag of Preparation":47,"Ancient Tea Set":20,"Smiling Mask":40,"Shovel":17,"Matryoshka":0,"Toolbox":0,"WingedGreaves":36,"InkBottle":31,"Potion Belt":0,"Lee\u0027s Waffle":0,"NeowsBlessing":0,"Golden Idol":10,"Damaru":22,"Thread and Needle":6,"PreservedInsect":47,"betterThird:NestCultRelic":19,"The Courier":41,"Omamori":40,"Frozen Egg 2":48,"MawBank":28,"GoldenEye":0,"Ornamental Fan":28,"Bloody Idol":21,"Orrery":0,"Turnip":40,"Art of War":26,"Bottled Lightning":43,"Toy Ornithopter":11,"Ice Cream":47,"Calipers":0,"Gremlin Horn":0,"CeramicFish":34,"Vajra":43,"Sozu":34,"Centennial Puzzle":39,"Lizard Tail":36,"HornCleat":43,"DollysMirror":36,"Strawberry":24,"Philosopher\u0027s Stone":34,"Prayer Wheel":31,"VioletLotus":17,"Toxic Egg 2":8,"Girya":47,"Happy Flower":38,"Astrolabe":17,"Dead Branch":14,"Oddly Smooth Stone":6,"Letter Opener":6,"War Paint":44,"Question Card":17,"Du-Vu Doll":27,"OrangePellets":0,"Bottled Flame":47,"Shuriken":0,"Bronze Scales":37,"Molten Egg 2":14,"Black Star":17,"Meat on the Bone":0,"Pocketwatch":17,"Darkstone Periapt":25,"Melange":45,"Mango":43,"Yang":0,"Incense Burner":17,"Juzu Bracelet":23,"TeardropLocket":42,"Empty Cage":17,"Frozen Eye":0,"Nunchaku":4,"Dream Catcher":29,"TheAbacus":20,"Mummified Hand":26,"Gambling Chip":8,"Pantograph":34,"Tiny Chest":8,"Red Mask":44,"Runic Pyramid":17,"Orichalcum":9,"Odd Mushroom":12,"White Beast Statue":9,"Mercury Hourglass":28,"Calling Bell":34,"Peace Pipe":21,"Cauldron":2,"Strange Spoon":5,"Anchor":22,"CaptainsWheel":48,"HolyWater":34,"Bag of Marbles":46,"Membership Card":0,"PureWater":0,"TungstenRod":0,"FossilizedHelix":48},{"Whetstone":62,"Ginger":253,"Bottled Tornado":186,"Boot":71,"Sling":76,"Old Coin":105,"Blood Vial":35,"Sundial":70,"MealTicket":30,"HandDrill":23,"Kunai":47,"Pear":189,"Blue Candle":15,"Velvet Choker":250,"Eternal Feather":52,"Pen Nib":27,"Akabeko":4,"SlaversCollar":171,"Bird Faced Urn":23,"StrikeDummy":302,"Unceasing Top":85,"Regal Pillow":36,"Lantern":52,"Singing Bowl":35,"Torii":249,"StoneCalendar":130,"Bag of Preparation":71,"Ancient Tea Set":112,"Smiling Mask":182,"Shovel":223,"Matryoshka":241,"Toolbox":73,"WingedGreaves":153,"InkBottle":231,"Potion Belt":23,"Lee\u0027s Waffle":102,"NeowsBlessing":0,"Golden Idol":167,"Damaru":34,"Thread and Needle":136,"PreservedInsect":21,"betterThird:NestCultRelic":112,"The Courier":122,"Omamori":20,"Frozen Egg 2":158,"MawBank":60,"GoldenEye":284,"Ornamental Fan":87,"Bloody Idol":57,"Orrery":130,"Turnip":43,"Art of War":36,"Bottled Lightning":237,"Toy Ornithopter":53,"Ice Cream":71,"Calipers":130,"Gremlin Horn":102,"CeramicFish":40,"Vajra":70,"Sozu":151,"Centennial Puzzle":42,"Lizard Tail":120,"HornCleat":44,"DollysMirror":41,"Strawberry":12,"Philosopher\u0027s Stone":16,"Prayer Wheel":89,"VioletLotus":291,"Toxic Egg 2":29,"Girya":127,"Happy Flower":18,"Astrolabe":32,"Dead Branch":198,"Oddly Smooth Stone":77,"Letter Opener":3,"War Paint":45,"Question Card":55,"Du-Vu Doll":147,"OrangePellets":130,"Bottled Flame":186,"Shuriken":130,"Bronze Scales":92,"Molten Egg 2":6,"Black Star":82,"Meat on the Bone":23,"Pocketwatch":142,"Darkstone Periapt":59,"Melange":282,"Mango":20,"Yang":73,"Incense Burner":55,"Juzu Bracelet":202,"TeardropLocket":156,"Empty Cage":7,"Frozen Eye":259,"Nunchaku":1,"Dream Catcher":38,"TheAbacus":57,"Mummified Hand":12,"Gambling Chip":4,"Pantograph":40,"Tiny Chest":107,"Red Mask":20,"Runic Pyramid":111,"Orichalcum":29,"Odd Mushroom":290,"White Beast Statue":167,"Mercury Hourglass":14,"Calling Bell":40,"Peace Pipe":225,"Cauldron":133,"Strange Spoon":165,"Anchor":57,"CaptainsWheel":214,"HolyWater":63,"Bag of Marbles":71,"Membership Card":23,"PureWater":0,"TungstenRod":47,"FossilizedHelix":283},{"Whetstone":265,"Ginger":1069,"Bottled Tornado":809,"Boot":312,"Sling":329,"Old Coin":452,"Blood Vial":136,"Sundial":307,"MealTicket":111,"HandDrill":89,"Kunai":199,"Pear":824,"Blue Candle":52,"Velvet Choker":1056,"Eternal Feather":215,"Pen Nib":100,"Akabeko":12,"SlaversCollar":748,"Bird Faced Urn":89,"StrikeDummy":1305,"Unceasing Top":360,"Regal Pillow":142,"Lantern":215,"Singing Bowl":136,"Torii":1051,"StoneCalendar":563,"Bag of Preparation":312,"Ancient Tea Set":476,"Smiling Mask":791,"Shovel":945,"Matryoshka":1028,"Toolbox":320,"WingedGreaves":664,"InkBottle":977,"Potion Belt":89,"Lee\u0027s Waffle":444,"NeowsBlessing":0,"Golden Idol":731,"Damaru":133,"Thread and Needle":577,"PreservedInsect":82,"betterThird:NestCultRelic":476,"The Courier":517,"Omamori":77,"Frozen Egg 2":694,"MawBank":250,"GoldenEye":1217,"Ornamental Fan":368,"Bloody Idol":235,"Orrery":563,"Turnip":176,"Art of War":142,"Bottled Lightning":1007,"Toy Ornithopter":219,"Ice Cream":312,"Calipers":563,"Gremlin Horn":444,"CeramicFish":163,"Vajra":307,"Sozu":655,"Centennial Puzzle":171,"Lizard Tail":507,"HornCleat":183,"DollysMirror":168,"Strawberry":43,"Philosopher\u0027s Stone":59,"Prayer Wheel":377,"VioletLotus":1252,"Toxic Egg 2":107,"Girya":541,"Happy Flower":65,"Astrolabe":123,"Dead Branch":868,"Oddly Smooth Stone":333,"Letter Opener":3,"War Paint":188,"Question Card":227,"Du-Vu Doll":628,"OrangePellets":563,"Bottled Flame":809,"Shuriken":563,"Bronze Scales":392,"Molten Egg 2":20,"Black Star":347,"Meat on the Bone":89,"Pocketwatch":600,"Darkstone Periapt":245,"Melange":1205,"Mango":77,"Yang":320,"Incense Burner":227,"Juzu Bracelet":890,"TeardropLocket":683,"Empty Cage":27,"Frozen Eye":1093,"Nunchaku":1,"Dream Catcher":152,"TheAbacus":235,"Mummified Hand":43,"Gambling Chip":12,"Pantograph":163,"Tiny Chest":459,"Red Mask":77,"Runic Pyramid":473,"Orichalcum":107,"Odd Mushroom":1243,"White Beast Statue":731,"Mercury Hourglass":50,"Calling Bell":163,"Peace Pipe":951,"Cauldron":569,"Strange Spoon":725,"Anchor":235,"CaptainsWheel":911,"HolyWater":272,"Bag of Marbles":312,"Membership Card":89,"PureWater":0,"TungstenRod":199,"FossilizedHelix":1211}],"InkBottle":[67]},"card_choices":[{"not_picked":["CutThroughFate","FlyingSleeves"],"picked":"Crescendo","floor":0.0},{"not_picked":["Prostrate","EmptyBody"],"picked":"Worship","floor":0.0},{"not_picked":["LikeWater","EmptyFist"],"picked":"EmptyMind","floor":0.0},{"not_picked":["CrushJoints","Weave"],"picked":"Indignation","floor":0.0},{"not_picked":["Halt","Study"],"picked":"CrushJoints","floor":0.0},{"not_picked":["Vengeance","PathToVictory"],"picked":"Sanctity","floor":1.0},{"not_picked":["Halt","Wallop+1"],"picked":"EmptyMind","floor":6.0},{"not_picked":["LikeWater","Study"],"picked":"CutThroughFate+1","floor":7.0},{"not_picked":["FlyingSleeves+1","Swivel"],"picked":"EmptyBody","floor":8.0},{"not_picked":["ReachHeaven+1","Halt"],"picked":"Consecrate+1","floor":11.0},{"not_picked":["EmptyFist+1","Nirvana"],"picked":"LessonLearned+1","floor":12.0},{"not_picked":["ConjureBlade","Alpha"],"picked":"Vault","floor":16.0},{"not_picked":["WreathOfFlame","Consecrate+1"],"picked":"CrushJoints+1","floor":18.0},{"not_picked":["FlyingSleeves+1","Indignation+1","BowlingBash+1"],"picked":"SKIP","floor":23.0},{"not_picked":["Crescendo","SignatureMove+1"],"picked":"JustLucky+1","floor":25.0},{"not_picked":["Collect","FlurryOfBlows+1"],"picked":"CutThroughFate+1","floor":29.0},{"not_picked":["Halt","CrushJoints+1"],"picked":"ThirdEye+1","floor":30.0},{"not_picked":["ClearTheMind+1","FearNoEvil+1"],"picked":"WaveOfTheHand+1","floor":31.0},{"not_picked":["Omniscience","Scrawl"],"picked":"Vault","floor":33.0},{"not_picked":["Crescendo","Adaptation"],"picked":"SashWhip+1","floor":35.0},{"not_picked":["SashWhip+1","CarveReality+1","InnerPeace"],"picked":"SKIP","floor":37.0},{"not_picked":["SashWhip+1","Evaluate"],"picked":"Prostrate+1","floor":40.0},{"not_picked":["Protect","ReachHeaven+1"],"picked":"Blasphemy","floor":42.0},{"not_picked":["Indignation","Adaptation"],"picked":"Nirvana+1","floor":44.0},{"not_picked":["Fasting2","SignatureMove+1","WaveOfTheHand+1"],"picked":"SKIP","floor":46.0},{"not_picked":["SandsOfTime+1","EmptyBody"],"picked":"Crescendo+1","floor":47.0},{"not_picked":["Crescendo+1","PathToVictory+1"],"picked":"Vault","floor":54.0}],"player_experience":968591,"relics_obtained":[{"floor":6.0,"key":"MawBank"},{"floor":9.0,"key":"The Courier"},{"floor":11.0,"key":"CeramicFish"},{"floor":12.0,"key":"Odd Mushroom"},{"floor":23.0,"key":"Potion Belt"},{"floor":25.0,"key":"HornCleat"},{"floor":26.0,"key":"Mango"},{"floor":29.0,"key":"Peace Pipe"},{"floor":29.0,"key":"Sundial"},{"floor":31.0,"key":"Whetstone"},{"floor":40.0,"key":"StrikeDummy"},{"floor":42.0,"key":"Turnip"},{"floor":44.0,"key":"Pear"},{"floor":54.0,"key":"Oddly Smooth Stone"}],"event_choices":[{"damage_healed":0.0,"max_hp_gain":0.0,"max_hp_loss":7.0,"gold_gain":0.0,"event_name":"Golden Idol","player_choice":"Lose Max HP","floor":2.0,"gold_loss":0.0,"damage_taken":0.0,"relics_obtained":["Golden Idol"]},{"damage_healed":0.0,"max_hp_gain":0.0,"max_hp_loss":0.0,"gold_gain":0.0,"event_name":"Big Fish","player_choice":"Box","floor":3.0,"gold_loss":0.0,"damage_taken":0.0,"relics_obtained":["Smiling Mask"],"cards_obtained":["Regret"]},{"cards_removed":["Defend_P"],"damage_healed":0.0,"max_hp_gain":0.0,"max_hp_loss":0.0,"gold_gain":0.0,"event_name":"Golden Wing","player_choice":"Card Removal","floor":5.0,"gold_loss":0.0,"damage_taken":7.0},{"damage_healed":0.0,"max_hp_gain":0.0,"max_hp_loss":0.0,"gold_gain":0.0,"event_name":"Mushrooms","player_choice":"Fought Mushrooms","floor":12.0,"gold_loss":0.0,"damage_taken":0.0},{"damage_healed":25.0,"max_hp_gain":0.0,"max_hp_loss":73.0,"gold_gain":0.0,"event_name":"betterThird:BetterShining","player_choice":"Leave","floor":14.0,"gold_loss":0.0,"damage_taken":0.0},{"damage_healed":0.0,"max_hp_gain":0.0,"max_hp_loss":7.0,"gold_gain":0.0,"event_name":"betterThird:BetterWriting","player_choice":"Materialism","floor":19.0,"gold_loss":0.0,"damage_taken":0.0},{"damage_healed":0.0,"max_hp_gain":0.0,"max_hp_loss":0.0,"gold_gain":0.0,"event_name":"Vampires","player_choice":"Ignored","floor":20.0,"gold_loss":0.0,"damage_taken":0.0},{"damage_healed":0.0,"max_hp_gain":0.0,"max_hp_loss":0.0,"gold_gain":50.0,"event_name":"betterThird:BetterNest","player_choice":"Steal","floor":21.0,"gold_loss":0.0,"damage_taken":0.0},{"damage_healed":0.0,"max_hp_gain":0.0,"max_hp_loss":0.0,"gold_gain":0.0,"event_name":"Colosseum","player_choice":"Fight","floor":29.0,"gold_loss":0.0,"damage_taken":0.0},{"damage_healed":0.0,"max_hp_gain":0.0,"max_hp_loss":0.0,"gold_gain":0.0,"event_name":"Colosseum","player_choice":"Fought Nobs","floor":29.0,"gold_loss":0.0,"damage_taken":0.0},{"cards_removed":["Eruption"],"damage_healed":0.0,"max_hp_gain":0.0,"max_hp_loss":0.0,"gold_gain":0.0,"event_name":"Falling","player_choice":"Removed Attack","floor":36.0,"gold_loss":0.0,"damage_taken":0.0},{"damage_healed":0.0,"max_hp_gain":0.0,"max_hp_loss":0.0,"gold_gain":0.0,"event_name":"Tomb of Lord Red Mask","player_choice":"Ignored","floor":38.0,"gold_loss":0.0,"damage_taken":0.0},{"damage_healed":0.0,"max_hp_gain":0.0,"max_hp_loss":0.0,"gold_gain":0.0,"event_name":"Match and Keep!","player_choice":"2 cards matched","floor":45.0,"gold_loss":0.0,"damage_taken":0.0,"cards_obtained":["DeusExMachina","MentalFortress"]},{"damage_healed":0.0,"max_hp_gain":0.0,"max_hp_loss":0.0,"gold_gain":0.0,"event_name":"Match and Keep!","player_choice":"2 cards matched","floor":45.0,"gold_loss":0.0,"damage_taken":0.0,"cards_obtained":["DeusExMachina","MentalFortress"]}],"is_beta":false,"boss_relics":[{"not_picked":["Astrolabe","Sozu"],"picked":"VioletLotus"},{"not_picked":["Empty Cage","Pandora\u0027s Box"],"picked":"Runic Pyramid"}],"items_purged_floors":[0,4,39],"is_endless":false,"potions_floor_spawned":[6,11,16,25,29,31,33,35,42,44],"ascension_level":18}}