{"host":"m6e09adb7fik7oct","time":1608751496,"event":{"mods":["AchievementEnabler","BaseMod","Better Altar","Better Note","Better Sensory Stone","Better Skull","Better Third Choice","Block Reminder","Colored Map","Displayed Cursed Tome","Ironclad Rager","Key Reminder","Mad Scientist","Minty Spire (QoL Compilation)","Permanent Neow","Quick Restart","RNG Fix","Relic Stats","Reorder Act Four","StSLib","Transform Curses","Unceasing Turn Reminder","everything is the same but u backflip on backflip"],"gold_per_floor":[114,33,48,63,78,108,108,123,123,138,138,168,168,198,198,298,298,313,328,343,93,108,108,123,7,57,57,87,87,87,87,87,187,187,202,217,217,232,34,34,49,49,49,64,79,79,94,94,94],"floor_reached":48,"playtime":6996,"items_purged":[],"score":476,"play_id":"57200387-f95e-4577-b6d3-5cda6ed14a10","local_time":"20201223142456","daily_mods":["SealedDeck","Red Cards","Night Terrors"],"is_ascension_mode":false,"campfire_choices":[{"floor":7.0,"key":"REST"},{"data":"Dual Wield","floor":11.0,"key":"SMITH"},{"data":"Storm of Steel","floor":13.0,"key":"SMITH"},{"floor":15.0,"key":"REST"},{"floor":23.0,"key":"REST"},{"floor":29.0,"key":"REST"},{"data":"Anger","floor":32.0,"key":"SMITH"},{"floor":40.0,"key":"REST"},{"floor":42.0,"key":"REST"}],"circlet_count":0,"master_deck":["Searing Blow","Cleave","Sever Soul","Twin Strike","Sword Boomerang","Pommel Strike","Backflip","Searing Blow","All Out Attack","Dual Wield+1","Bandage Up+1","Cloak And Dagger","Prepared","Shrug It Off","Warcry+1","Storm of Steel+1","Iron Wave","Power Through","Feed","Pummel","Anger+1","Carnage","Riddle With Holes","Swift Strike","Infernal Blade","Writhe","Insight","Exhume","Well Laid Plans+1","Clothesline","Parasite","Havoc","Exhume","Acrobatics+1"],"relics":["Ring of the Snake","Letter Opener","Gremlin Horn","Snake Skull","War Paint","WristBlade","Kunai","Bronze Scales","Ornamental Fan","Unceasing Top","Busted Crown","Blood Vial","The Specimen"],"acts_visited":["Exordium","TheCity","TheBeyond"],"potions_floor_usage":[],"damage_taken":[{"damage":7.0,"enemies":"2 Louse","floor":1.0,"turns":2.0},{"damage":13.0,"enemies":"Jaw Worm","floor":3.0,"turns":3.0},{"damage":1.0,"enemies":"Cultist","floor":4.0,"turns":3.0},{"damage":4.0,"enemies":"2 Fungi Beasts","floor":5.0,"turns":3.0},{"damage":47.0,"enemies":"Lagavulin","floor":6.0,"turns":7.0},{"damage":15.0,"enemies":"Large Slime","floor":8.0,"turns":6.0},{"damage":0.0,"enemies":"3 Louse","floor":10.0,"turns":1.0},{"damage":8.0,"enemies":"3 Sentries","floor":12.0,"turns":4.0},{"damage":25.0,"enemies":"Gremlin Nob","floor":14.0,"turns":4.0},{"damage":57.0,"enemies":"Hexaghost","floor":16.0,"turns":13.0},{"damage":0.0,"enemies":"3 Byrds","floor":18.0,"turns":6.0},{"damage":23.0,"enemies":"Chosen","floor":19.0,"turns":6.0},{"damage":28.0,"enemies":"Centurion and Healer","floor":20.0,"turns":5.0},{"damage":19.0,"enemies":"Chosen and Byrds","floor":22.0,"turns":5.0},{"damage":21.0,"enemies":"Shelled Parasite and Fungi","floor":24.0,"turns":7.0},{"damage":45.0,"enemies":"Slavers","floor":28.0,"turns":4.0},{"damage":22.0,"enemies":"Collector","floor":33.0,"turns":11.0},{"damage":7.0,"enemies":"3 Shapes","floor":35.0,"turns":3.0},{"damage":20.0,"enemies":"3 Darklings","floor":36.0,"turns":3.0},{"damage":36.0,"enemies":"Maw","floor":38.0,"turns":8.0},{"damage":43.0,"enemies":"Writhing Mass","floor":41.0,"turns":6.0},{"damage":2.0,"enemies":"Sphere and 2 Shapes","floor":44.0,"turns":2.0},{"damage":9,"enemies":"Maw","floor":45,"turns":7},{"damage":53,"enemies":"Transient","floor":47,"turns":5},{"damage":33,"enemies":"4 Shapes","floor":48,"turns":4}],"seed_played":"4926568582952100995","potions_obtained":[{"floor":1.0,"key":"Weak Potion"},{"floor":4.0,"key":"Block Potion"},{"floor":8.0,"key":"SpeedPotion"},{"floor":12.0,"key":"Strength Potion"},{"floor":14.0,"key":"AttackPotion"},{"floor":20.0,"key":"Explosive Potion"},{"floor":33.0,"key":"SneckoOil"},{"floor":38.0,"key":"LiquidMemories"},{"floor":44.0,"key":"GhostInAJar"}],"is_trial":false,"path_per_floor":["M","$","M","M","M","E","R","M","T","M","R","E","R","E","R","B",null,"M","M","M","$","M","R","M","$","T","?","E","R","?","?","R","B",null,"M","M","?","M","$","R","M","R","T","M","M","?","M","M"],"character_chosen":"THE_SILENT","items_purchased":["Bandage Up","Kunai","Riddle With Holes","Swift Strike","Blood Vial","Clothesline"],"campfire_rested":6,"item_purchase_floors":[2,21,25,25,39,39],"current_hp_per_floor":[63,63,54,57,57,14,65,54,54,58,58,54,54,33,60,9,60,63,40,21,21,8,61,40,40,40,61,19,59,59,59,59,43,59,52,38,38,17,17,57,14,52,52,50,49,49,10,0,0],"gold":94,"neow_bonus":"","is_daily":true,"chose_seed":false,"campfire_upgraded":3,"win_rate":0.0,"timestamp":1608751496,"path_taken":["M","$","M","M","M","E","R","M","T","M","R","E","R","E","R","BOSS","M","M","?","$","M","R","M","$","T","?","E","R","?","?","R","BOSS","M","M","?","M","$","R","M","R","T","M","M","?","M","M"],"items_purchased_type":["Card","Relic","Card","Card","Relic","Card"],"build_version":"2020-12-22","purchased_purges":0,"victory":false,"max_hp_per_floor":[70,70,70,70,70,70,65,65,65,65,65,65,65,65,60,60,60,63,63,66,66,66,61,61,61,61,61,64,59,59,59,59,59,59,59,59,59,62,62,57,57,52,52,52,52,52,52,55,55],"relic_stats":{"Gremlin Horn":[25,25],"counters":[25,128],"Snake Skull":[0],"Letter Opener":[233],"War Paint":["Bandage Up","Warcry"],"Blood Vial":6,"Busted Crown":14,"Ornamental Fan":[164],"Bronze Scales":[130],"Kunai":[51],"obtain_stats":[{"Gremlin Horn":9,"The Specimen":43,"Snake Skull":12,"Letter Opener":6,"War Paint":14,"Blood Vial":39,"Busted Crown":34,"WristBlade":17,"Ornamental Fan":28,"Bronze Scales":26,"Kunai":21,"Unceasing Top":30,"Ring of the Snake":0},{"Gremlin Horn":6,"The Specimen":21,"Snake Skull":8,"Letter Opener":5,"War Paint":9,"Blood Vial":20,"Busted Crown":17,"WristBlade":10,"Ornamental Fan":16,"Bronze Scales":15,"Kunai":13,"Unceasing Top":16,"Ring of the Snake":0},{"Gremlin Horn":24,"The Specimen":110,"Snake Skull":29,"Letter Opener":18,"War Paint":33,"Blood Vial":104,"Busted Crown":90,"WristBlade":46,"Ornamental Fan":79,"Bronze Scales":75,"Kunai":63,"Unceasing Top":79,"Ring of the Snake":0}],"Unceasing Top":[16],"Ring of the Snake":[50]},"card_choices":[{"not_picked":["Bane","Cleave","Body Slam"],"picked":"SKIP","floor":1.0},{"not_picked":["Armaments","Eviscerate"],"picked":"Cloak And Dagger","floor":3.0},{"not_picked":["Pommel Strike","Sword Boomerang"],"picked":"Prepared","floor":4.0},{"not_picked":["Slice","Underhanded Strike"],"picked":"Shrug It Off","floor":5.0},{"not_picked":["Slice","Disarm"],"picked":"Warcry","floor":6.0},{"not_picked":["Entrench","Sucker Punch"],"picked":"Storm of Steel","floor":8.0},{"not_picked":["Inflame","Havoc"],"picked":"Eviscerate","floor":10.0},{"not_picked":["Flying Knee","Shrug It Off"],"picked":"Iron Wave","floor":12.0},{"not_picked":["Prepared","Pommel Strike"],"picked":"Power Through","floor":14.0},{"not_picked":["Malaise","Adrenaline"],"picked":"Feed","floor":16.0},{"not_picked":["Disarm+1","Flechettes"],"picked":"Pummel","floor":18.0},{"not_picked":["Body Slam+1","Sucker Punch","Armaments+1"],"picked":"SKIP","floor":19.0},{"not_picked":["Uppercut","Shockwave"],"picked":"Anger","floor":20.0},{"not_picked":["Armaments+1","Ghostly Armor"],"picked":"Carnage","floor":22.0},{"not_picked":["Evolve","Concentrate+1"],"picked":"Underhanded Strike","floor":24.0},{"not_picked":["Dodge and Roll","Slice+1"],"picked":"Infernal Blade","floor":28.0},{"not_picked":["Envenom","A Thousand Cuts"],"picked":"Exhume","floor":33.0},{"not_picked":[],"picked":"Well Laid Plans+1","floor":35.0},{"not_picked":["Outmaneuver"],"picked":"SKIP","floor":36.0},{"not_picked":["Fire Breathing"],"picked":"SKIP","floor":38.0},{"not_picked":[],"picked":"Havoc","floor":41.0},{"not_picked":["Slice"],"picked":"SKIP","floor":44.0},{"not_picked":["Backflip"],"picked":"SKIP","floor":45},{"not_picked":[],"picked":"Acrobatics+1","floor":47}],"player_experience":165951,"relics_obtained":[{"floor":6.0,"key":"Letter Opener"},{"floor":9.0,"key":"Gremlin Horn"},{"floor":12.0,"key":"Snake Skull"},{"floor":14.0,"key":"War Paint"},{"floor":26.0,"key":"Bronze Scales"},{"floor":28.0,"key":"Ornamental Fan"},{"floor":43.0,"key":"The Specimen"}],"event_choices":[{"cards_removed":["Eviscerate"],"damage_healed":21.0,"max_hp_gain":0.0,"max_hp_loss":0.0,"gold_gain":0.0,"event_name":"Bonfire Elementals","player_choice":"Offered Uncommon","floor":27.0,"gold_loss":0.0,"damage_taken":0.0},{"damage_healed":0.0,"max_hp_gain":0.0,"max_hp_loss":0.0,"gold_gain":0.0,"event_name":"The Mausoleum","player_choice":"Opened","floor":30.0,"gold_loss":0.0,"damage_taken":0.0,"relics_obtained":["Unceasing Top"],"cards_obtained":["Writhe"]},{"damage_healed":0.0,"max_hp_gain":0.0,"max_hp_loss":0.0,"gold_gain":0.0,"event_name":"betterThird:BetterWriting","player_choice":"Insight","floor":31.0,"gold_loss":0.0,"damage_taken":0.0,"cards_obtained":["Insight"]},{"cards_removed":["Underhanded Strike"],"damage_healed":0.0,"max_hp_gain":0.0,"max_hp_loss":0.0,"gold_gain":0.0,"event_name":"Falling","player_choice":"Removed Attack","floor":37.0,"gold_loss":0.0,"damage_taken":0.0},{"damage_healed":0,"gold_gain":0,"player_choice":"Copied","damage_taken":0,"max_hp_gain":0,"max_hp_loss":0,"event_name":"Duplicator","floor":46,"gold_loss":0,"cards_obtained":["Exhume"]}],"is_beta":false,"boss_relics":[{"not_picked":["Runic Dome","SacredBark"],"picked":"WristBlade"},{"not_picked":["Snecko Eye","Astrolabe"],"picked":"Busted Crown"}],"items_purged_floors":[],"is_endless":false,"potions_floor_spawned":[1,4,8,12,14,16,18,20,22,33,38,44,47],"killed_by":"4 Shapes","ascension_level":0}}