{"host":"vvaf77k5q4hdboei","time":1608686191,"event":{"mods":["BaseMod","Block Reminder","Curses Come First","DeckTracker","Hubris","Marisa????????","Minty Spire (QoL Compilation)","Quick Restart","Rare Cards Sparkle","Replay The Spire","Shade Mod","StSLib","The Cursed","The Hierophant","The Marked","The Necromancer","The Servant 0.9.4","The Wild Card"],"gold_per_floor":[116,116,134,134,64,89,89,89,89,102,136,152,178,178,178,279,279,298,314,40,52,72,72,72,92,92,92,124,135,135,148,148,243,243,257,257,277,289,289,323,323,355,381,39,39,51,65,165,165,165],"floor_reached":51,"playtime":5184,"items_purged":[],"score":797,"play_id":"1db9cdad-d9da-4e04-bed4-1ccb8de0b568","local_time":"20201222231631","is_ascension_mode":false,"campfire_choices":[{"data":"theWildCard:Metatron","floor":7.0,"key":"SMITH"},{"data":"Spectral_Walk","floor":15.0,"key":"SMITH"},{"data":"Thousand_Bone_Knives","floor":23.0,"key":"SMITH"},{"data":"Summon_Undead","floor":27.0,"key":"SMITH"},{"floor":30.0,"key":"REST"},{"floor":32.0,"key":"REST"},{"data":"Bone_Bullets","floor":41.0,"key":"SMITH"},{"data":"Bone_Wall","floor":45.0,"key":"SMITH"},{"data":"Requiem","floor":49.0,"key":"SMITH"}],"circlet_count":1,"master_deck":["Strike_W","Strike_W","Strike_W","Strike_W","Defend_W","Defend_W","Defend_W","Negative_Energy_Arrows","Bone_Wall+1","Spectral_Walk+1","theWildCard:Metatron+1","Bone_Armor+1","Death_Knell","Bone_Armor+1","Siphon_Strength","Death_Knell","Bone_Spikes+1","Skeleton_Dragon","CurseOfTheBell","Bone_Armor+1","Summon_Undead+1","Summon_Lich","Bone_Bullets+1","Thousand_Bone_Knives+1","Slay_Living+1","Necronomicurse","Life_Drain+1","Spectral_Walk+1","Summon_Vampire_Lady+1","Crow Ritual","Corrupt","Bone_Armor+1","Madness","Requiem+1","Bone_Spikes+1"],"relics":["Vampire_Amulet","NeowsBlessing","Toy Ornithopter","Replay:Bottled Flurry","Matryoshka","Calipers","Replay:Bottled Steam","Calling Bell","Boot","Kunai","Lizard Tail","Pet Ghost","Necronomicon","Happy Flower","Bottled Lightning","Replay:WaspNest","Painkiller Herb","Whetstone","Ancient Tea Set","Circlet","Blood Vial","Replay:Bottled Eggs"],"acts_visited":["Exordium","TheCity","TheBeyond"],"potions_floor_usage":[50],"damage_taken":[{"damage":0.0,"enemies":"Cultist","floor":1.0,"turns":1.0},{"damage":0.0,"enemies":"Small Slimes","floor":3.0,"turns":1.0},{"damage":0.0,"enemies":"Lagavulin","floor":6.0,"turns":1.0},{"damage":0.0,"enemies":"Jaw Worm","floor":10.0,"turns":5.0},{"damage":10.0,"enemies":"3 Sentries","floor":11.0,"turns":3.0},{"damage":0.0,"enemies":"Lots of Slimes","floor":12.0,"turns":1.0},{"damage":9.0,"enemies":"Gremlin Nob","floor":13.0,"turns":4.0},{"damage":9.0,"enemies":"Slime Boss","floor":16.0,"turns":8.0},{"damage":23.0,"enemies":"Shell Parasite","floor":18.0,"turns":9.0},{"damage":1.0,"enemies":"3 Byrds","floor":19.0,"turns":2.0},{"damage":23.0,"enemies":"Snake Plant","floor":21.0,"turns":5.0},{"damage":9.0,"enemies":"Centurion and Healer","floor":22.0,"turns":6.0},{"damage":10.0,"enemies":"Shelled Parasite and Fungi","floor":25.0,"turns":7.0},{"damage":31.0,"enemies":"Gremlin Leader","floor":28.0,"turns":6.0},{"damage":4.0,"enemies":"Snake Plant","floor":29.0,"turns":4.0},{"damage":11.0,"enemies":"3 Cultists","floor":31.0,"turns":3.0},{"damage":48.0,"enemies":"Champ","floor":33.0,"turns":13.0},{"damage":12.0,"enemies":"3 Darklings","floor":35.0,"turns":3.0},{"damage":8.0,"enemies":"Orb Walker","floor":37.0,"turns":4.0},{"damage":38.0,"enemies":"Transient","floor":38.0,"turns":5.0},{"damage":20.0,"enemies":"Reptomancer","floor":40.0,"turns":4.0},{"damage":26.0,"enemies":"Nemesis","floor":42.0,"turns":7.0},{"damage":3.0,"enemies":"Maw","floor":46.0,"turns":9.0},{"damage":20.0,"enemies":"Sphere and 2 Shapes","floor":47.0,"turns":4.0},{"damage":54,"enemies":"Awakened One","floor":50,"turns":10}],"seed_played":"7705684006208330702","potions_obtained":[{"floor":1.0,"key":"Languid Potion"},{"floor":6.0,"key":"Toxic Potion"},{"floor":11.0,"key":"Energy Potion"},{"floor":14.0,"key":"Adrenaline Potion"},{"floor":14.0,"key":"AttackPotion"},{"floor":16.0,"key":"LifebloodPotion"},{"floor":19.0,"key":"DuplicationPotion"},{"floor":21.0,"key":"Block Potion"},{"floor":28.0,"key":"SteroidPotion"},{"floor":29.0,"key":"Weak Potion"},{"floor":35.0,"key":"Energy Potion"},{"floor":40.0,"key":"DistilledChaos"},{"floor":42.0,"key":"Regen Potion"},{"floor":47.0,"key":"GamblersBrew"}],"is_trial":false,"path_per_floor":["M","?","M","?","$","E","R","T","T","M","E","M","E","?","R","B",null,"M","M","$","M","M","R","?","M","T","R","E","M","R","M","R","B",null,"?","?","?","?","?","E","T","E","T","T","T","?","?","?","T","B",null],"character_chosen":"NECROMANCER","items_purchased":["Death_Knell","Pet Ghost","Summon_Lich","Bone_Bullets","Replay:Bottled Eggs","Madness"],"campfire_rested":2,"item_purchase_floors":[5,20,20,20,44,44],"current_hp_per_floor":[75,75,75,75,75,75,75,75,75,75,71,75,68,68,68,75,75,54,59,59,43,43,43,27,21,21,21,15,19,41,36,58,34,75,68,68,68,43,43,48,48,54,54,54,54,75,67,67,67,40],"gold":165,"neow_bonus":"THREE_ENEMY_KILL","is_daily":false,"chose_seed":false,"campfire_upgraded":7,"win_rate":0.0,"timestamp":1608686191,"path_taken":["M","?","M","?","$","E","R","?","T","?","E","M","E","?","R","BOSS","M","M","$","M","M","R","?","M","T","R","E","M","R","M","R","BOSS","?","?","?","?","?","E","T","E","T","T","T","?","?","?","T","BOSS"],"items_purchased_type":["Card","Relic","Card","Card","Relic","Card"],"build_version":"2020-12-13","purchased_purges":0,"victory":true,"max_hp_per_floor":[75,75,75,75,75,75,75,75,75,75,75,75,75,75,75,75,75,75,75,75,75,75,75,75,75,75,75,75,75,75,75,75,75,75,75,75,75,75,75,75,75,75,75,75,75,75,75,75,75,75],"card_choices":[{"not_picked":["Negative_Energy_Javelin","Bone_Shift"],"picked":"Spectral_Walk","floor":1.0},{"not_picked":["Blood_Shield","Chill_Blood"],"picked":"Bone_Armor","floor":3.0},{"not_picked":["Consume_Illness","Toxic_Smoke_Screen"],"picked":"Bone_Armor","floor":6.0},{"not_picked":["Vampiric_Strike","Toxic_Smoke_Screen"],"picked":"Siphon_Strength","floor":10.0},{"not_picked":["Negative_Energy_Mist","Strike_from_Beyond"],"picked":"Death_Knell","floor":11.0},{"not_picked":["Pandemic","Vampiric_Strike"],"picked":"Bone_Spikes","floor":12.0},{"not_picked":["Blood_Curse","Negative_Energy_Sphere","Shade_Step"],"picked":"SKIP","floor":13.0},{"not_picked":["Grasp_Heart","Negative_Energy_Bomb"],"picked":"Skeleton_Dragon","floor":16.0},{"not_picked":["Negative_Energy_Burst+1","Bone_Spikes"],"picked":"Bone_Armor+1","floor":18.0},{"not_picked":["Toxic_Smoke_Screen","Bone_Prison"],"picked":"Summon_Undead","floor":19.0},{"not_picked":["Bone_Prison","Blood_for_Blood"],"picked":"Thousand_Bone_Knives","floor":21.0},{"not_picked":["Finger_Of_Death","Bone_Shift"],"picked":"Slay_Living","floor":22.0},{"not_picked":["Bone_Shift","Bone_Armory","Shackles_Of_Pain+1"],"picked":"SKIP","floor":25.0},{"not_picked":["Shackles_Of_Pain","Grasp_Heart"],"picked":"Life_Drain+1","floor":28.0},{"not_picked":["Bones_to_Steel","Vampiric_Strike+1","Shackles_Of_Pain"],"picked":"SKIP","floor":29.0},{"not_picked":["Negative_Energy_Mist","Shackles_Of_Pain+1"],"picked":"Spectral_Walk+1","floor":31.0},{"not_picked":["Blood_Wake","Summon_Death_Knight"],"picked":"Summon_Vampire_Lady","floor":33.0},{"not_picked":["Blood_Whip","Vampiric_Strike","Violent_Necrosis+1"],"picked":"SKIP","floor":35.0},{"not_picked":["Mayhem","Panache"],"picked":"Crow Ritual","floor":36.0},{"not_picked":["Shackles_Of_Pain+1","Blood_Whip+1","Bone_Armor"],"picked":"SKIP","floor":37.0},{"not_picked":["Consume_Illness","Death_Knell+1"],"picked":"Corrupt","floor":38.0},{"not_picked":["Flesh_Made_Foul","Shackles_Of_Pain","Consume_Illness"],"picked":"SKIP","floor":40.0},{"not_picked":["Finger_Of_Death+1","Life_Drain+1"],"picked":"Bone_Armor+1","floor":42.0},{"not_picked":["Negative_Energy_Shield+1","Death_March_Dance+1"],"picked":"Requiem","floor":46.0},{"not_picked":["Death_Coil","Bones_to_Steel+1"],"picked":"Bone_Spikes+1","floor":47.0}],"player_experience":9889,"relics_obtained":[{"floor":6.0,"key":"Toy Ornithopter"},{"floor":8.0,"key":"Replay:Bottled Flurry"},{"floor":9.0,"key":"Matryoshka"},{"floor":11.0,"key":"Calipers"},{"floor":13.0,"key":"Replay:Bottled Steam"},{"floor":17.0,"key":"Boot"},{"floor":17.0,"key":"Kunai"},{"floor":17.0,"key":"Lizard Tail"},{"floor":24.0,"key":"Necronomicon"},{"floor":26.0,"key":"Happy Flower"},{"floor":26.0,"key":"Bottled Lightning"},{"floor":28.0,"key":"Replay:WaspNest"},{"floor":40.0,"key":"Whetstone"},{"floor":42.0,"key":"Ancient Tea Set"},{"floor":43.0,"key":"Circlet"},{"floor":43.0,"key":"Blood Vial"}],"event_choices":[{"damage_healed":0.0,"max_hp_gain":0.0,"max_hp_loss":0.0,"gold_gain":0.0,"event_name":"Lab","player_choice":"Got Potions","floor":14.0,"gold_loss":0.0,"damage_taken":0.0},{"damage_healed":0.0,"max_hp_gain":0.0,"max_hp_loss":0.0,"gold_gain":0.0,"event_name":"Cursed Tome","player_choice":"Obtained Book","floor":24.0,"gold_loss":0.0,"damage_taken":16.0},{"damage_healed":0.0,"max_hp_gain":0.0,"max_hp_loss":0.0,"gold_gain":0.0,"event_name":"SensoryStone","player_choice":"Memory 1","floor":36.0,"gold_loss":0.0,"damage_taken":0.0},{"damage_healed":0.0,"max_hp_gain":0.0,"max_hp_loss":0.0,"gold_gain":100.0,"event_name":"Golden Shrine","player_choice":"Pray","floor":48.0,"gold_loss":0.0,"damage_taken":0.0}],"is_beta":false,"boss_relics":[{"not_picked":["Cursed Key","Kintsugi"],"picked":"Calling Bell"},{"not_picked":["Replay:Bronze Core","Philosopher\u0027s Stone"],"picked":"Painkiller Herb"}],"items_purged_floors":[],"is_endless":false,"potions_floor_spawned":[1,6,11,16,19,21,28,29,35,40,42,47],"ascension_level":0}}