{"host":"sum4dy402bbv9y4o","time":1608749326,"event":{"mods":["Aspiration","BaseMod","Conspire","Highlight Path","Minty Spire (QoL Compilation)","StSLib"],"gold_per_floor":[117,131,22,97,108,139,139,139,139,150,178,198,198,198,198,277,277,295,295,141,158,174,174,185,219,219,237,237,263,274,294,294,294,294],"floor_reached":33,"playtime":944,"items_purged":["Strike_P"],"score":698,"play_id":"c18e1e07-2eb6-4a7d-8224-b1be00673a8d","local_time":"20201223214846","is_ascension_mode":true,"campfire_choices":[{"floor":7,"key":"REST"},{"data":"Conclude","floor":13,"key":"SMITH"},{"data":"FlurryOfBlows","floor":15,"key":"SMITH"},{"data":"Wallop","floor":23,"key":"SMITH"},{"data":"Adaptation","floor":28,"key":"SMITH"},{"floor":32,"key":"REST"}],"circlet_count":0,"master_deck":["AscendersBane","Strike_P","Strike_P+1","Strike_P","Defend_P","Defend_P","Defend_P","Defend_P","Eruption+1","Vigilance","FollowUp","Perseverance","Conclude+1","ThirdEye","CarveReality","FollowUp","Halt","FlurryOfBlows+1","Tantrum","EmptyBody","Adaptation+1","FearNoEvil","Wallop+1","FollowUp","Brilliance","Halt","Halt"],"relics":["PureWater","aspiration:Nostalgia","Cracked Core","Whetstone","aspiration:StickyExplosives","aspiration:HatOfInfinitePower","SacredBark","Potion Belt","Yang","Dead Branch"],"acts_visited":["Exordium","TheCity"],"potions_floor_usage":[6,18,21,22,29],"damage_taken":[{"damage":0,"enemies":"Jaw Worm","floor":1,"turns":3},{"damage":0,"enemies":"Small Slimes","floor":2,"turns":2},{"damage":9,"enemies":"2 Louse","floor":5,"turns":2},{"damage":32,"enemies":"Gremlin Nob","floor":6,"turns":4},{"damage":0,"enemies":"Lots of Slimes","floor":10,"turns":2},{"damage":8,"enemies":"3 Sentries","floor":11,"turns":4},{"damage":2,"enemies":"Blue Slaver","floor":12,"turns":3},{"damage":0,"enemies":"Slime Boss","floor":16,"turns":4},{"damage":7,"enemies":"3 Byrds","floor":18,"turns":3},{"damage":0,"enemies":"Spheric Guardian","floor":21,"turns":3},{"damage":41,"enemies":"Snake Plant","floor":22,"turns":6},{"damage":0,"enemies":"Chosen and Byrds","floor":24,"turns":3},{"damage":1,"enemies":"Book of Stabbing","floor":25,"turns":2},{"damage":11,"enemies":"Centurion and Healer","floor":27,"turns":3},{"damage":41,"enemies":"Gremlin Leader","floor":29,"turns":5},{"damage":14,"enemies":"Snake Plant","floor":30,"turns":2},{"damage":18,"enemies":"Snecko","floor":31,"turns":4},{"damage":31,"enemies":"conspire:MysteriousRune","floor":33,"turns":4}],"seed_played":"5133935384581387496","potions_obtained":[{"floor":1,"key":"Regen Potion"},{"floor":11,"key":"Energy Potion"},{"floor":16,"key":"FairyPotion"},{"floor":18,"key":"Fire Potion"},{"floor":21,"key":"BlessingOfTheForge"},{"floor":27,"key":"Regen Potion"}],"is_trial":false,"path_per_floor":["M","M","$","?","M","E","R","?","T","M","E","M","R","?","R","B",null,"M","?","$","M","M","R","M","E","T","M","R","E","M","M","R","B"],"character_chosen":"WATCHER","items_purchased":["Conclude","ThirdEye","Adaptation"],"campfire_rested":2,"item_purchase_floors":[3,3,20],"current_hp_per_floor":[61,61,61,50,41,21,41,41,41,41,33,31,31,27,27,27,58,51,51,51,51,10,10,10,9,9,40,40,33,19,1,21,0,0],"gold":294,"neow_bonus":"NOSTALGIA","is_daily":false,"chose_seed":false,"campfire_upgraded":4,"win_rate":0.0,"timestamp":1608749326,"path_taken":["M","M","$","?","M","E","R","?","T","M","E","M","R","?","R","BOSS","M","?","$","M","M","R","?","E","T","M","R","E","M","M","R","BOSS"],"items_purchased_type":["Card","Card","Card"],"build_version":"2020-12-22","purchased_purges":1,"victory":false,"max_hp_per_floor":[68,68,68,68,68,68,68,68,68,68,68,68,68,68,68,68,68,68,68,68,68,68,68,68,68,68,68,68,68,68,68,68,68,68],"card_choices":[{"not_picked":["DeceiveReality","Evaluate"],"picked":"FollowUp","floor":1},{"not_picked":["Pray","Prostrate"],"picked":"Perseverance","floor":2},{"not_picked":["Crescendo","Swivel"],"picked":"CarveReality","floor":5},{"not_picked":["CutThroughFate","Crescendo"],"picked":"FollowUp","floor":6},{"not_picked":["SashWhip","JustLucky"],"picked":"Halt","floor":10},{"not_picked":["Omniscience","FollowUp"],"picked":"FlurryOfBlows","floor":11},{"not_picked":["EmptyFist","CutThroughFate"],"picked":"Tantrum","floor":12},{"not_picked":["Weave","PathToVictory"],"picked":"EmptyBody","floor":18},{"not_picked":["BowlingBash","Fasting2"],"picked":"FearNoEvil","floor":21},{"not_picked":["Crescendo","CrushJoints"],"picked":"Wallop","floor":22},{"not_picked":["DeceiveReality","ClearTheMind+1"],"picked":"FollowUp","floor":24},{"not_picked":["WreathOfFlame+1","Conclude","Scrawl"],"picked":"SKIP","floor":25},{"not_picked":["JustLucky","ClearTheMind","Sanctity"],"picked":"SKIP","floor":27},{"not_picked":["Wireheading","Judgement"],"picked":"Brilliance","floor":29},{"not_picked":["FlurryOfBlows","Nirvana"],"picked":"Halt","floor":30},{"not_picked":["BowlingBash","Crescendo"],"picked":"Halt","floor":31}],"player_experience":2834920,"relics_obtained":[{"floor":6,"key":"Whetstone"},{"floor":9,"key":"aspiration:StickyExplosives"},{"floor":11,"key":"aspiration:HatOfInfinitePower"},{"floor":25,"key":"Potion Belt"},{"floor":26,"key":"Yang"},{"floor":29,"key":"Dead Branch"}],"event_choices":[{"damage_healed":0,"gold_gain":75,"player_choice":"Gather Gold","damage_taken":11,"max_hp_gain":0,"max_hp_loss":0,"event_name":"World of Goop","floor":4,"gold_loss":0},{"damage_healed":0,"gold_gain":0,"player_choice":"Ignored","damage_taken":0,"max_hp_gain":0,"max_hp_loss":0,"event_name":"Golden Idol","floor":8,"gold_loss":0},{"damage_healed":0,"gold_gain":0,"player_choice":"Leave","damage_taken":0,"max_hp_gain":0,"max_hp_loss":0,"event_name":"conspire:Investor","floor":14,"gold_loss":0},{"damage_healed":0,"gold_gain":0,"player_choice":"Ignored","damage_taken":0,"max_hp_gain":0,"max_hp_loss":0,"event_name":"N\u0027loth","floor":19,"gold_loss":0}],"is_beta":false,"boss_relics":[{"not_picked":["Busted Crown","conspire:SeveredTorchhead"],"picked":"SacredBark"}],"items_purged_floors":[20],"is_endless":false,"potions_floor_spawned":[1,11,16,18,21,27],"killed_by":"conspire:MysteriousRune","ascension_level":20}}