{"host":"c4exyvkw5bx8cymg","time":1608701039,"event":{"mods":["AchievementEnabler","Aspiration","BaseMod","Better Altar","Better Match","Better Note","Better Sensory Stone","Better Skull","Better Third Choice","BetterRewards","CCEM","Clawfect","Colored Map","Conspire","Downfall","GifTheSpireLib","Halation","Highlight Path","Hubris","Infinite Spire","Mimic Mod","Minty Spire (QoL Compilation)","Permanent Neow","Replay The Spire","Shade Mod","Shop Mod","Spicy Shops","StSLib","Stuff the Spire","The Runesmith","Unceasing Turn Reminder","[IsaacMod]????"],"gold_per_floor":[109,109,159,178,192,207,227,20,60,60,60,60,70,97,97,212,212,246,280,329,329,41,41,80,115,140,140,175,202,258,286,286,299,299],"floor_reached":33,"playtime":1987,"items_purged":["Looming Evil","Sickly","Looming Evil","Spreading Infection"],"score":289,"play_id":"04fa4660-77d9-45ae-ac07-284e007036db","local_time":"20201223032359","is_ascension_mode":false,"campfire_choices":[{"data":"Barricade","floor":10,"key":"SMITH"},{"data":"Body Slam","floor":12,"key":"SMITH"},{"data":"infinitespire:OneForAll","floor":15,"key":"SMITH"},{"data":"Armaments","floor":23,"key":"SMITH"},{"data":"Shockwave","floor":27,"key":"SMITH"},{"floor":32,"key":"DIG"}],"circlet_count":0,"master_deck":["Strike_R","Strike_R","Strike_R","Strike_R","Strike_R","Defend_R","Defend_R","Defend_R+1","Defend_R","Bash+1","Pummel+1","Dual Wield","Barricade+1","Anger","Thunderclap","Body Slam+1","Flash of Steel","infinitespire:OneForAll+1","Juggernaut+1","Iron Wave","Armaments+1","Shockwave+1","Juggernaut","Doubt","Body Slam","Shockwave"],"relics":["Burning Blood","HushsDoor","EdensBlessing","BFFS","Ring of Greed","Ring of Misfortune","Membership Card","MealTicket","Lee\u0027s Waffle","conspire:TreasureMap","Replay:Bandana","ChewingGum","GuppysCollar","Guide Book","infinitespire:Satchel","StuffTheSpire:Nightcore","halation:IllGainedPizza","Onion Ring","Bird Faced Urn"],"acts_visited":["Exordium","TheCity"],"potions_floor_usage":[18,30,30,33,33],"damage_taken":[{"damage":12,"enemies":"Cultist","floor":1,"turns":5},{"damage":0,"enemies":"Small Slimes","floor":4,"turns":4},{"damage":0,"enemies":"Jaw Worm","floor":5,"turns":3},{"damage":10,"enemies":"Exordium Wildlife","floor":6,"turns":3},{"damage":0,"enemies":"Large Slime","floor":7,"turns":9},{"damage":0,"enemies":"Looter","floor":9,"turns":10},{"damage":11,"enemies":"Looter","floor":13,"turns":4},{"damage":7,"enemies":"Lagavulin","floor":14,"turns":8},{"damage":10,"enemies":"Fading Forest","floor":16,"turns":11},{"damage":27,"enemies":"2 Thieves","floor":18,"turns":4},{"damage":5,"enemies":"Chosen","floor":19,"turns":5},{"damage":10,"enemies":"conspire:Head Lice","floor":24,"turns":8},{"damage":21,"enemies":"Snake Plant","floor":25,"turns":4},{"damage":0,"enemies":"Centurion and Healer","floor":28,"turns":4},{"damage":1,"enemies":"Cultist and Chosen","floor":29,"turns":4},{"damage":8,"enemies":"Slavers","floor":30,"turns":4},{"damage":0,"enemies":"Snake Plant","floor":31,"turns":1},{"damage":83,"enemies":"Champ","floor":33,"turns":10}],"seed_played":"-567700820260575929","potions_obtained":[{"floor":4,"key":"Toxic Potion"},{"floor":7,"key":"sneckomod:MuddlingPotion"},{"floor":13,"key":"SpeedPotion"},{"floor":19,"key":"conspire:TimeTravelPotion"},{"floor":31,"key":"GamblersBrew"}],"is_trial":false,"path_per_floor":["M","?","?","M","M","M","M","$","MIM","R","?","R","M","E","R","B",null,"M","M","?","?","$","R","E","M","T","R","M","M","E","M","R_BF","B"],"character_chosen":"IRONCLAD","items_purchased":["Lee\u0027s Waffle","conspire:TreasureMap","Thunderclap","GuppysCollar","Guide Book","Armaments","infinitespire:Satchel"],"campfire_rested":0,"item_purchase_floors":[8,8,8,17,22,22,22],"current_hp_per_floor":[50,34,34,40,46,42,48,87,87,87,87,87,82,81,81,83,69,48,49,34,34,49,49,45,30,30,30,36,41,43,49,49,0,0],"gold":299,"neow_bonus":"ONE_RARE_RELIC","is_daily":false,"chose_seed":false,"campfire_upgraded":5,"win_rate":0.0,"timestamp":1608701039,"path_taken":["M","?","?","M","M","M","M","$","MIM","R","?","R","?","E","R","BOSS","M","M","?","?","$","R","E","M","T","R","M","M","E","M","R_BF","BOSS"],"items_purchased_type":["Relic","Relic","Card","Relic","Relic","Card","Relic"],"build_version":"2020-12-22","purchased_purges":4,"victory":false,"max_hp_per_floor":[80,80,80,80,80,80,80,87,87,87,87,87,87,87,87,87,69,69,69,69,69,69,69,69,69,69,69,69,69,69,69,69,69,69],"card_choices":[{"not_picked":["hubris:SharpeningStone","ReplayTheSpireMod:Limb From Limb"],"picked":"Pummel","floor":1},{"not_picked":["Cleave","True Grit"],"picked":"Dual Wield","floor":4},{"not_picked":["Bomb","Headbutt"],"picked":"Barricade","floor":5},{"not_picked":["Bloodletting","Flex"],"picked":"Anger","floor":6},{"not_picked":["Replay:Undeath\u0027s Touch","StuffTheSpire:Slingshot","Warcry"],"picked":"SKIP","floor":7},{"not_picked":["Replay:Undeath\u0027s Touch","hubris:SharpeningStone"],"picked":"Body Slam","floor":9},{"not_picked":["expansioncontent:PrepareCrush","expansioncontent:BronzeBeam"],"picked":"Flash of Steel","floor":11},{"not_picked":["Clash","Perfected Strike"],"picked":"infinitespire:OneForAll","floor":13},{"not_picked":["Twin Strike","True Grit"],"picked":"Bomb","floor":14},{"not_picked":["hubris:StunningStrike","conspire:HitWhereItHurts"],"picked":"Juggernaut","floor":16},{"not_picked":["ReplayTheSpireMod:Muscle Training+1","hubris:ReadiedAction"],"picked":"Iron Wave","floor":18},{"not_picked":["Headbutt","Fiend Fire","Clothesline"],"picked":"SKIP","floor":19},{"not_picked":["Sever Soul","Rampage"],"picked":"Shockwave","floor":24},{"not_picked":["Clothesline","ReplayReversal"],"picked":"Juggernaut","floor":25},{"not_picked":["Cleave","StuffTheSpire:RockThrow","Perfected Strike+1"],"picked":"SKIP","floor":28},{"not_picked":["conspire:ExplosiveBarrier","Replay:Undeath\u0027s Touch+1","Seeing Red+1"],"picked":"SKIP","floor":29},{"not_picked":["conspire:ExplosiveBarrier","Replay:Undeath\u0027s Touch+1","Seeing Red+1"],"picked":"SKIP","floor":29},{"not_picked":["Disarm","ReplayTheSpireMod:Strike From Hell"],"picked":"Body Slam","floor":30},{"not_picked":["Blood for Blood","Sever Soul+1"],"picked":"Shockwave","floor":31}],"player_experience":58,"relics_obtained":[{"floor":3,"key":"Ring of Greed"},{"floor":3,"key":"Ring of Misfortune"},{"floor":3,"key":"Membership Card"},{"floor":3,"key":"MealTicket"},{"floor":14,"key":"Replay:Bandana"},{"floor":24,"key":"StuffTheSpire:Nightcore"},{"floor":26,"key":"halation:IllGainedPizza"},{"floor":30,"key":"Onion Ring"},{"floor":32,"key":"Bird Faced Urn"}],"event_choices":[{"damage_healed":50,"gold_gain":0,"player_choice":"Upgrade","damage_taken":16,"max_hp_gain":0,"max_hp_loss":80,"event_name":"betterThird:BetterShining","floor":2,"gold_loss":0,"cards_upgraded":["Bash","Defend_R"]},{"damage_healed":0,"gold_gain":1,"player_choice":"1","damage_taken":0,"max_hp_gain":0,"max_hp_loss":0,"event_name":"betterStone:BetterStone","floor":11,"gold_loss":0},{"cards_removed":["Strike_R"],"damage_healed":0,"gold_gain":0,"player_choice":"Give","damage_taken":0,"max_hp_gain":0,"max_hp_loss":0,"event_name":"betterNote:BetterNote","floor":21,"gold_loss":0,"cards_obtained":["None"]}],"is_beta":false,"boss_relics":[{"not_picked":["halation:SmartPhone","ReplayTheSpireMod:DimensionalGlitch"],"picked":"ChewingGum"},{"not_picked":[]}],"items_purged_floors":[8,17,22,22],"is_endless":false,"potions_floor_spawned":[4,7,13,16,19,24,31],"killed_by":"Champ","ascension_level":0}}