{"host":"8hlh6d8xrzvm5cz2","time":1608697729,"event":{"mods":["AchievementEnabler","BaseMod","BetterRewards","Colored Powertips","Custom Start","Minty Spire (QoL Compilation)","StSLib"],"gold_per_floor":[109,121,135,135,135,135,135,196,196,196,196,196,42,114,114,213,213,225,225,225,175,137,137,137,169,224,257,288,320,353,402,414,526,538,566,628,0,31,43,55,67,106,170,207,252,315,352,364,376,388],"floor_reached":51,"playtime":2144,"items_purged":["Inflame+1"],"score":1437,"play_id":"1ddef9f4-d500-4dfc-aa50-cb46a633e4f4","local_time":"20201223152849","daily_mods":["Red Cards","Green Cards","Blue Cards","Colorless Cards","Flight","Elite Swarm"],"is_ascension_mode":false,"campfire_choices":[{"data":"Gash","floor":6,"key":"SMITH"},{"data":"Inflame+1","floor":7,"key":"PURGE"},{"data":"Inflame+1","floor":10,"key":"PURGE"},{"data":"Master of Strategy+1","floor":11,"key":"PURGE"},{"data":"1","floor":12,"key":"LIFT"},{"data":"2","floor":15,"key":"LIFT"},{"data":"3","floor":23,"key":"LIFT"},{"floor":24,"key":"DIG"},{"floor":32,"key":"DIG"},{"data":"Inflame+1","floor":40,"key":"PURGE"},{"data":"Gash+1","floor":41,"key":"PURGE"},{"floor":49,"key":"DIG"}],"circlet_count":0,"master_deck":["Dramatic Entrance+1","Deep Breath+1","Panache+1","Limit Break+1","Limit Break+1","Limit Break+1","Limit Break+1","Limit Break+1","Seek+1","Seek+1","Gash+1","Gash+1","Gash+1","Limit Break+1"],"relics":["Ring of the Snake","Singing Bowl","Bag of Preparation","Black Star","Blue Candle","Bottled Flame","Bottled Lightning","Bottled Tornado","Anchor","Ancient Tea Set","Bag of Marbles","Bird Faced Urn","Blood Vial","Bronze Scales","Dream Catcher","Frozen Eye","Gambling Chip","Ginger","Girya","Gremlin Horn","Ice Cream","Juzu Bracelet","Lantern","Membership Card","Omamori","Peace Pipe","PreservedInsect","Question Card","Ring of the Serpent","Runic Dome","Shovel","SlaversCollar","Sling","Sozu","Toxic Egg 2","FossilizedHelix","Sundial","Ornamental Fan","Mango","Pocketwatch","Strawberry","Lee\u0027s Waffle","SacredBark","Unceasing Top","Tough Bandages","StrikeDummy","Oddly Smooth Stone","Orichalcum","Boot","Eternal Feather","HornCleat","Letter Opener","Frozen Egg 2","CaptainsWheel","Tiny Chest","MawBank","The Courier","Coffee Dripper","Prayer Wheel","Red Mask","Art of War","Molten Egg 2","CeramicFish","Potion Belt","Centennial Puzzle","InkBottle","War Paint","Lizard Tail","Turnip","Smiling Mask","StoneCalendar","Shuriken"],"acts_visited":["Exordium","TheCity","TheBeyond"],"potions_floor_usage":[],"damage_taken":[{"damage":0,"enemies":"Cultist","floor":1,"turns":1},{"damage":0,"enemies":"Jaw Worm","floor":2,"turns":1},{"damage":0,"enemies":"2 Louse","floor":3,"turns":1},{"damage":0,"enemies":"Lagavulin Event","floor":8,"turns":1},{"damage":0,"enemies":"Hexaghost","floor":16,"turns":1},{"damage":0,"enemies":"3 Byrds","floor":18,"turns":1},{"damage":0,"enemies":"Slavers","floor":25,"turns":1},{"damage":0,"enemies":"Gremlin Leader","floor":27,"turns":1},{"damage":0,"enemies":"Book of Stabbing","floor":28,"turns":1},{"damage":0,"enemies":"Gremlin Leader","floor":29,"turns":1},{"damage":0,"enemies":"Slavers","floor":30,"turns":1},{"damage":0,"enemies":"Champ","floor":33,"turns":1},{"damage":0,"enemies":"3 Shapes","floor":35,"turns":1},{"damage":0,"enemies":"Mind Bloom Boss Battle","floor":36,"turns":1},{"damage":0,"enemies":"3 Darklings","floor":38,"turns":1},{"damage":0,"enemies":"Reptomancer","floor":42,"turns":1},{"damage":0,"enemies":"Giant Head","floor":44,"turns":1},{"damage":0,"enemies":"Nemesis","floor":45,"turns":1},{"damage":0,"enemies":"2 Orb Walkers","floor":46,"turns":1},{"damage":0,"enemies":"Giant Head","floor":47,"turns":1},{"damage":0,"enemies":"Time Eater","floor":50,"turns":1}],"seed_played":"9051740476396566487","potions_obtained":[],"is_trial":true,"path_per_floor":["M","M","M","?","T","R","R","?","T","R","R","R","$","?","R","B",null,"M","?","?","?","$","R","R","E","T","E","E","E","E","T","R","B",null,"M","?","?","M","T","R","R","E","T","E","E","?","E","$","R","B",null],"character_chosen":"THE_SILENT","items_purchased":["Strawberry","Lee\u0027s Waffle"],"campfire_rested":0,"item_purchase_floors":[13,13],"current_hp_per_floor":[70,72,74,74,74,74,74,90,90,90,90,90,104,104,104,106,106,108,108,108,108,108,108,108,110,110,110,112,114,116,116,116,118,118,120,122,122,126,126,126,126,128,128,130,132,134,136,136,136,136],"gold":400,"neow_bonus":"","is_daily":false,"chose_seed":false,"campfire_upgraded":1,"win_rate":0.0,"timestamp":1608697729,"path_taken":["M","M","M","?","?","R","R","?","T","R","R","R","$","?","R","BOSS","M","?","?","?","$","R","R","E","T","E","E","E","E","?","R","BOSS","M","?","?","M","?","R","R","E","T","E","E","?","E","$","R","BOSS"],"items_purchased_type":["Relic","Relic"],"build_version":"2020-12-13","purchased_purges":1,"victory":true,"max_hp_per_floor":[70,72,74,74,74,74,74,90,90,90,90,90,104,104,104,106,106,108,108,108,108,108,108,108,110,110,110,112,114,116,116,116,118,118,120,122,122,126,126,126,126,128,128,130,132,134,136,136,136,136],"card_choices":[{"not_picked":["Dagger Spray","Deadly Poison+1","Leap+1","Redo+1"],"picked":"SKIP","floor":1},{"not_picked":["Acrobatics+1","Perfected Strike","Twin Strike","Slice"],"picked":"Singing Bowl","floor":2},{"not_picked":["Warcry+1","Cleave","Pommel Strike","Blade Dance+1"],"picked":"Singing Bowl","floor":3},{"not_picked":["Pommel Strike","Beam Cell","Inflame","Dagger Throw"],"picked":"Singing Bowl","floor":8},{"not_picked":["Buffer","Unload","Master of Strategy+1","Phantasmal Killer+1"],"picked":"Singing Bowl","floor":16},{"not_picked":["Finesse+1","Sucker Punch","Go for the Eyes","Cleave+1"],"picked":"Singing Bowl","floor":18},{"not_picked":["Core Surge","Thinking Ahead+1","Berserk","Apotheosis+1"],"picked":"Singing Bowl","floor":25},{"not_picked":["Night Terror+1","Corruption","Thunder Strike"],"picked":"Limit Break+1","floor":27},{"not_picked":["Adrenaline+1","Multi-Cast+1","Phantasmal Killer+1","Unload"],"picked":"Singing Bowl","floor":28},{"not_picked":["Impervious+1","Barricade+1","Reboot+1","Die Die Die"],"picked":"Singing Bowl","floor":29},{"not_picked":["Electrodynamics+1","Magnetism+1","Thunder Strike","Grand Finale"],"picked":"Singing Bowl","floor":30},{"not_picked":["After Image+1","Master of Strategy+1","Mayhem+1","Core Surge"],"picked":"Singing Bowl","floor":33},{"not_picked":["Lockon","Stack+1","Sever Soul","Leap+1"],"picked":"Singing Bowl","floor":35},{"not_picked":["Deflect+1","Pommel Strike+1","Backflip+1","Flying Knee"],"picked":"Singing Bowl","floor":36},{"not_picked":["Coolheaded+1","Deadly Poison+1","Flex+1","Headbutt"],"picked":"Singing Bowl","floor":38},{"not_picked":["True Grit+1","Slice","Skewer+1","Poisoned Stab+1"],"picked":"Singing Bowl","floor":38},{"not_picked":["Immolate+1","Burst+1","Wraith Form v2+1","Mayhem+1"],"picked":"Singing Bowl","floor":42},{"not_picked":["Corruption+1","After Image+1","Bullet Time+1","Secret Technique+1"],"picked":"Singing Bowl","floor":44},{"not_picked":["Mayhem+1","Thinking Ahead+1","Echo Form+1","Apotheosis+1"],"picked":"Singing Bowl","floor":45},{"not_picked":["Quick Slash+1","Perfected Strike+1","Gash+1","Terror+1"],"picked":"Singing Bowl","floor":46},{"not_picked":["Storm of Steel+1","Mayhem+1","Chrysalis+1","Biased Cognition+1"],"picked":"Singing Bowl","floor":47}],"player_experience":38715,"relics_obtained":[{"floor":5,"key":"Ornamental Fan"},{"floor":8,"key":"Mango"},{"floor":9,"key":"Pocketwatch"},{"floor":24,"key":"Unceasing Top"},{"floor":25,"key":"Tough Bandages"},{"floor":25,"key":"StrikeDummy"},{"floor":26,"key":"Oddly Smooth Stone"},{"floor":27,"key":"Orichalcum"},{"floor":27,"key":"Boot"},{"floor":28,"key":"Eternal Feather"},{"floor":28,"key":"HornCleat"},{"floor":29,"key":"Letter Opener"},{"floor":29,"key":"Frozen Egg 2"},{"floor":30,"key":"CaptainsWheel"},{"floor":30,"key":"Tiny Chest"},{"floor":31,"key":"MawBank"},{"floor":32,"key":"The Courier"},{"floor":36,"key":"Prayer Wheel"},{"floor":39,"key":"Art of War"},{"floor":42,"key":"Molten Egg 2"},{"floor":42,"key":"CeramicFish"},{"floor":43,"key":"Potion Belt"},{"floor":44,"key":"Centennial Puzzle"},{"floor":44,"key":"InkBottle"},{"floor":45,"key":"War Paint"},{"floor":45,"key":"Lizard Tail"},{"floor":46,"key":"Turnip"},{"floor":47,"key":"Smiling Mask"},{"floor":47,"key":"StoneCalendar"},{"floor":49,"key":"Shuriken"}],"event_choices":[{"cards_removed":["Inflame"],"damage_healed":0,"gold_gain":0,"player_choice":"Gave Card","damage_taken":0,"relics_obtained":["Sundial"],"max_hp_gain":0,"max_hp_loss":0,"event_name":"WeMeetAgain","floor":4,"gold_loss":0},{"damage_healed":0,"gold_gain":30,"player_choice":"Searched \u00273\u0027 times","damage_taken":0,"max_hp_gain":0,"max_hp_loss":0,"event_name":"Dead Adventurer","floor":8,"gold_loss":0},{"damage_healed":0,"gold_gain":72,"player_choice":"Gained Gold","damage_taken":0,"max_hp_gain":0,"max_hp_loss":0,"event_name":"Golden Wing","floor":14,"gold_loss":0},{"damage_healed":0,"gold_gain":0,"player_choice":"Ignored","damage_taken":0,"max_hp_gain":0,"max_hp_loss":0,"event_name":"Ghosts","floor":19,"gold_loss":0},{"damage_healed":0,"gold_gain":0,"player_choice":"Ignored","damage_taken":0,"max_hp_gain":0,"max_hp_loss":0,"event_name":"NoteForYourself","floor":20,"gold_loss":0},{"damage_healed":0,"gold_gain":0,"player_choice":"Bet on Murderer","damage_taken":0,"max_hp_gain":0,"max_hp_loss":0,"event_name":"The Joust","floor":21,"gold_loss":50},{"damage_healed":0,"gold_gain":0,"player_choice":"Fight","damage_taken":0,"max_hp_gain":0,"max_hp_loss":0,"event_name":"MindBloom","floor":36,"gold_loss":0},{"damage_healed":0,"gold_gain":0,"player_choice":"Paid","damage_taken":0,"relics_obtained":["Red Mask"],"max_hp_gain":0,"max_hp_loss":0,"event_name":"Tomb of Lord Red Mask","floor":37,"gold_loss":640},{"damage_healed":0,"gold_gain":0,"player_choice":"Fight","damage_taken":0,"max_hp_gain":0,"max_hp_loss":0,"event_name":"Mysterious Sphere","floor":46,"gold_loss":0}],"is_beta":false,"boss_relics":[{"not_picked":["Calling Bell","Cursed Key"],"picked":"SacredBark"},{"not_picked":["Tiny House","Ring of the Serpent"],"picked":"Coffee Dripper"}],"items_purged_floors":[22],"is_endless":false,"potions_floor_spawned":[2,16,18,28,42,46,47],"ascension_level":0}}