{"host":"1tmagqyeywr2w44t","time":1608717131,"event":{"mods":["2.2 Compatiblity","BaseMod","Colored Powertips","Downfall","Minty Spire (QoL Compilation)","Rare Cards Sparkle","Replay The Spire","StSLib","SuperFastMode","The Marked"],"gold_per_floor":[99,109,119,119,129,129,152,231,231,231,243,93,105,132,144,243,243,168,168,221,281,336,336,385,445,478,478,548,608,608,679,737,879,879,879,936,821,873,932,932,932,932,1007,1060,1060,1113,1113,1166,1226,1266],"floor_reached":51,"playtime":4381,"items_purged":[],"score":954,"play_id":"88e2657d-c7c1-4fbb-b355-f90ab9fccfef","local_time":"20201223185211","is_ascension_mode":true,"campfire_choices":[{"data":"Guardian:TwinSlam","floor":1.0,"key":"SMITH"},{"data":"Guardian:DonusPower","floor":6.0,"key":"SMITH"},{"floor":10.0,"key":"RECALL"},{"data":"Guardian:Reroute","floor":12.0,"key":"SMITH"},{"data":"Guardian:FastForward","floor":18.0,"key":"SMITH"},{"floor":23.0,"key":"DIG"},{"floor":30.0,"key":"DIG"},{"floor":35.0,"key":"DIG"},{"floor":42,"key":"DIG"},{"floor":47,"key":"DIG"}],"circlet_count":0,"master_deck":["Guardian:Strike_Guardian+1","Guardian:Strike_Guardian+1","Guardian:Strike_Guardian+1","Guardian:Defend_Guardian+1","Guardian:Defend_Guardian+1","Guardian:Defend_Guardian+1","Guardian:Defend_Guardian+1","Guardian:CurlUp+1","Guardian:TwinSlam+1","Guardian:DonusPower+1","Guardian:Reroute+1","Guardian:FastForward+1","Guardian:Clone","Guardian:SpikerProtocol","Guardian:StasisStrike","CurseOfTheBell","Guardian:VentSteam","Guardian:Orbwalk","Guardian:SphericShield","Guardian:EvasiveProtocol","Decay","hexamod:Haunted","Guardian:RevengeProtocol","Guardian:PolyBeam","Guardian:ChargeUp"],"relics":["Guardian:ModeShifter","ReplayTheSpireMod:Shallot","downfall:HeartBlessingRed","downfall:HeartBlessingBlue","Regal Pillow","Calling Bell","Strawberry","Question Card","Shovel","downfall:HeartBlessingGreen","downfall:KnowingSkull","FossilizedHelix","Pen Nib","Dead Branch","Happy Flower","Guardian:PocketSentry","Bag of Marbles","Replay:Ancient Bell","Replay:Baseball","Meat on the Bone","Turnip","Replay:Mystery Machine","ReplayTheSpireMod:Ring of Exchange","Bottled Tornado","Toy Ornithopter","Darkstone Periapt"],"acts_visited":["Exordium","TheCity","TheBeyond"],"potions_floor_usage":[],"damage_taken":[{"damage":2.0,"enemies":"Small Slimes","floor":2.0,"turns":3.0},{"damage":0.0,"enemies":"Cultist","floor":3.0,"turns":3.0},{"damage":0.0,"enemies":"Jaw Worm","floor":5.0,"turns":4.0},{"damage":0.0,"enemies":"Gremlin Gang","floor":11.0,"turns":5.0},{"damage":0.0,"enemies":"2 Fungi Beasts","floor":13.0,"turns":2.0},{"damage":5.0,"enemies":"3 Sentries","floor":14.0,"turns":8.0},{"damage":4.0,"enemies":"3 Louse","floor":15.0,"turns":2.0},{"damage":12.0,"enemies":"downfall:Ironclad","floor":16.0,"turns":9.0},{"damage":4.0,"enemies":"Chosen","floor":20.0,"turns":3.0},{"damage":15.0,"enemies":"Shell Parasite","floor":21.0,"turns":6.0},{"damage":12.0,"enemies":"Centurion and Healer","floor":22.0,"turns":6.0},{"damage":0.0,"enemies":"Cultist and Chosen","floor":25.0,"turns":6.0},{"damage":3.0,"enemies":"Replay:Snechameleon","floor":28.0,"turns":6.0},{"damage":0.0,"enemies":"Snake Plant","floor":29.0,"turns":3.0},{"damage":0.0,"enemies":"Book of Stabbing","floor":31.0,"turns":4.0},{"damage":0.0,"enemies":"Snecko","floor":32.0,"turns":2.0},{"damage":9.0,"enemies":"downfall:Silent","floor":33.0,"turns":5.0},{"damage":1.0,"enemies":"Orb Walker","floor":36.0,"turns":2.0},{"damage":0.0,"enemies":"downfall:FleeingMerchant","floor":37.0,"turns":4.0},{"damage":14,"enemies":"3 Shapes","floor":38,"turns":5},{"damage":11,"enemies":"Spire Growth","floor":39,"turns":4},{"damage":13,"enemies":"Writhing Mass","floor":44,"turns":4},{"damage":0,"enemies":"Maw","floor":46,"turns":7},{"damage":17,"enemies":"Jaw Worm Horde","floor":48,"turns":3},{"damage":18,"enemies":"Transient","floor":49,"turns":5},{"damage":0,"enemies":"downfall:Watcher","floor":50,"turns":5}],"seed_played":"5243215701866886664","potions_obtained":[{"floor":4.0,"key":"LiquidMemories"},{"floor":4.0,"key":"LiquidMemories"},{"floor":4.0,"key":"Doom Potion"},{"floor":5.0,"key":"DuplicationPotion"},{"floor":11.0,"key":"ColorlessPotion"},{"floor":13.0,"key":"Energy Potion"},{"floor":15.0,"key":"Reflective Coating"},{"floor":20.0,"key":"Fire Potion"},{"floor":28.0,"key":"Milkshake"},{"floor":31.0,"key":"FearPotion"},{"floor":38,"key":"BlessingOfTheForge"},{"floor":39,"key":"SteroidPotion"},{"floor":43,"key":"downfall:CursedFountainPotion"}],"is_trial":false,"path_per_floor":["R","M","M","?","M","R","T","T","?","R","M","R","M","E","M","B",null,"R","?","M","M","M","R","T","M","?","?","E","M","R","E","M","B",null,"R","M","$","M","M","?","T","R","?","M","?","M","R","M","M","B",null],"character_chosen":"GUARDIAN","items_purchased":[],"campfire_rested":0,"item_purchase_floors":[],"current_hp_per_floor":[88,86,86,86,86,86,86,86,86,86,86,96,96,91,87,75,105,105,97,93,78,66,66,66,66,24,24,21,21,21,21,21,12,105,105,104,104,90,79,79,79,79,105,92,92,92,92,75,57,57],"gold":1266,"neow_bonus":"TEN_PERCENT_HP_BONUS","is_daily":false,"chose_seed":false,"campfire_upgraded":4,"win_rate":0.0,"timestamp":1608717131,"path_taken":["R","M","M","?","?","R","T","?","?","R","M","R","M","E","M","BOSS","R","?","?","M","M","R","T","M","?","?","E","M","R","E","M","BOSS","R","M","$","M","M","?","T","R","?","?","?","M","R","M","M","BOSS"],"items_purchased_type":[],"build_version":"2020-12-22","purchased_purges":0,"victory":true,"max_hp_per_floor":[88,88,88,88,88,88,88,88,88,88,88,98,98,98,98,98,105,105,105,105,105,105,105,105,105,105,105,105,105,105,105,105,105,105,105,105,105,105,105,105,105,105,105,105,105,105,105,105,105,105],"card_choices":[{"not_picked":["Guardian:PiercingHide","Guardian:TemporalShield"],"picked":"Guardian:Gem_Red","floor":2.0},{"not_picked":["Guardian:Emergency","Guardian:Planning"],"picked":"Guardian:Gem_Blue","floor":3.0},{"not_picked":["Guardian:Planning","Guardian:PrismaticBeam"],"picked":"Guardian:DonusPower","floor":5.0},{"not_picked":["Guardian:TemporalShield","Guardian:Suspension"],"picked":"Guardian:Reroute","floor":11.0},{"not_picked":["Guardian:PrimingBeam","Guardian:ShieldCharger"],"picked":"Guardian:FastForward","floor":13.0},{"not_picked":["Guardian:Harden","Guardian:TemporalShield"],"picked":"Guardian:Clone","floor":14.0},{"not_picked":["Guardian:TemporalStrike","Guardian:Gem_Purple"],"picked":"Guardian:SpikerProtocol","floor":15.0},{"not_picked":["Guardian:GemFire","Guardian:FastForward"],"picked":"Guardian:StasisStrike","floor":16.0},{"not_picked":["Guardian:Planning","Guardian:RollAttack","Guardian:Gem_Cyan","Guardian:Suspension"],"picked":"SKIP","floor":20.0},{"not_picked":["Guardian:RollAttack+1","Guardian:Reroute","Guardian:DonusPower+1"],"picked":"Guardian:VentSteam","floor":21.0},{"not_picked":["Guardian:PrimingBeam","Guardian:ArmoredProtocol","Guardian:Suspension"],"picked":"Guardian:Gem_Green","floor":22.0},{"not_picked":["Guardian:TimeCapacitor+1","Guardian:Gem_Blue","Guardian:TemporalStrike+1"],"picked":"Guardian:Gem_Crimson","floor":25.0},{"not_picked":["Guardian:Gem_Lightblue","Guardian:RollAttack+1","Guardian:CrystalBeam+1"],"picked":"Guardian:Gem_Green","floor":26.0},{"not_picked":["Guardian:Gem_Red","Guardian:Planning","Guardian:Preprogram+1"],"picked":"Guardian:Orbwalk","floor":28.0},{"not_picked":["Guardian:Recover+1","Guardian:Gem_Red","Guardian:Harden","Guardian:RollAttack"],"picked":"SKIP","floor":29.0},{"not_picked":["Guardian:Gem_Red","Guardian:SpikerProtocol","Guardian:PrismaticBarrier"],"picked":"Guardian:SphericShield","floor":31.0},{"not_picked":["Guardian:FloatingOrbs","Guardian:PrimingBeam","Guardian:WalkerClaw"],"picked":"Guardian:EvasiveProtocol","floor":32.0},{"not_picked":["Guardian:ConstructionForm","Guardian:ExploitGems","Guardian:GemFinder"],"picked":"Guardian:Gem_Orange","floor":33.0},{"not_picked":["Shame","sneckomod:Bewildered","Hallucinations"],"picked":"ReplayTheSpireMod:IOU","floor":34.0},{"not_picked":["Writhe","Delirium","Slimebound:Icky"],"picked":"Decay","floor":34.0},{"not_picked":["Normality","Doubt","ReplayTheSpireMod:Splinters"],"picked":"hexamod:Haunted","floor":34.0},{"not_picked":["Guardian:RefractedBeam","Guardian:PrismaticBeam+1","Guardian:ChargeUp","Guardian:StasisStrike"],"picked":"SKIP","floor":36.0},{"not_picked":["Guardian:ShieldCharger+1","Guardian:TimeCapacitor","Guardian:CrystalBeam"],"picked":"Guardian:RevengeProtocol","floor":37},{"not_picked":["Guardian:ShieldCharger","Guardian:TemporalStrike","Guardian:DonusPower","Guardian:Gem_Green"],"picked":"SKIP","floor":38},{"not_picked":["Guardian:Reroute+1","Guardian:Suspension+1","Guardian:Repulse","Guardian:SpikerProtocol+1"],"picked":"SKIP","floor":39},{"not_picked":["Guardian:Gem_Lightblue","Guardian:Clone","Guardian:PrimingBeam+1"],"picked":"Guardian:Gem_White","floor":44},{"not_picked":["Guardian:TimeBomb+1","Guardian:ArmoredProtocol+1","Guardian:Suspension+1"],"picked":"Guardian:PolyBeam","floor":46},{"not_picked":["Guardian:CrystalBeam+1","Guardian:Reroute","Guardian:ChargeCore+1","Guardian:Gem_Green"],"picked":"SKIP","floor":48},{"not_picked":["Guardian:Gem_Red","Guardian:Planning","Guardian:Gem_Crimson"],"picked":"Guardian:ChargeUp","floor":49}],"player_experience":155076,"relics_obtained":[{"floor":8.0,"key":"ReplayTheSpireMod:Shallot"},{"floor":14.0,"key":"Regal Pillow"},{"floor":17.0,"key":"Strawberry"},{"floor":17.0,"key":"Question Card"},{"floor":17.0,"key":"Shovel"},{"floor":23.0,"key":"FossilizedHelix"},{"floor":24.0,"key":"Pen Nib"},{"floor":26.0,"key":"Dead Branch"},{"floor":28.0,"key":"Happy Flower"},{"floor":30.0,"key":"Guardian:PocketSentry"},{"floor":31.0,"key":"Bag of Marbles"},{"floor":35.0,"key":"Replay:Mystery Machine"},{"floor":40,"key":"ReplayTheSpireMod:Ring of Exchange"},{"floor":41,"key":"Bottled Tornado"},{"floor":42,"key":"Toy Ornithopter"},{"floor":47,"key":"Darkstone Periapt"}],"event_choices":[{"damage_healed":0.0,"max_hp_gain":0.0,"max_hp_loss":0.0,"gold_gain":0.0,"event_name":"Lab","player_choice":"Got Potions","floor":4.0,"gold_loss":0.0,"damage_taken":0.0},{"damage_healed":0.0,"max_hp_gain":0.0,"max_hp_loss":0.0,"gold_gain":0.0,"event_name":"Living Wall","player_choice":"Grow","floor":9.0,"gold_loss":0.0,"damage_taken":0.0,"cards_upgraded":["Guardian:CurlUp"]},{"damage_healed":0.0,"max_hp_gain":0.0,"max_hp_loss":0.0,"gold_gain":0.0,"event_name":"Back to Basics","player_choice":"Simplicity","floor":27.0,"gold_loss":0.0,"damage_taken":0.0,"cards_upgraded":["Guardian:Strike_Guardian","Guardian:Strike_Guardian","Guardian:Strike_Guardian","Guardian:Strike_Guardian","Guardian:Defend_Guardian","Guardian:Defend_Guardian","Guardian:Defend_Guardian","Guardian:Defend_Guardian"]},{"cards_removed":["Guardian:Strike_Guardian"],"damage_healed":0,"gold_gain":0,"player_choice":"Removed Attack","damage_taken":0,"max_hp_gain":0,"max_hp_loss":0,"event_name":"Falling","floor":45,"gold_loss":0}],"is_beta":false,"boss_relics":[{"not_picked":["Ring of Chaos","Philosopher\u0027s Stone"],"picked":"Calling Bell"},{"not_picked":["Runic Dome","ChewingGum"],"picked":"Replay:Ancient Bell"},{"not_picked":["Juzu Bracelet","ReplayTheSpireMod:TigerMarble"],"picked":"Replay:Baseball"},{"not_picked":["Chameleon Ring","Replay:Bottled Eggs"],"picked":"Meat on the Bone"},{"not_picked":["Lizard Tail","Unceasing Top"],"picked":"Turnip"}],"items_purged_floors":[],"is_endless":false,"potions_floor_spawned":[5,11,13,15,20,28,31,38,39,46,48],"ascension_level":1}}