{"host":"9n9nzkokhxe59gmc","time":1608715593,"event":{"mods":["Act Like it!","BaseMod","Elementarium","Hallownest","Hermit","Hubris","Infinite Spire","Menagerie","Minty Spire (QoL Compilation)","Replay The Spire","Robot Space Explorer","Shade Mod","StSLib","The Servant 0.9.4","The Wild Card"],"gold_per_floor":[110,70,85,85,85,85,110,110,110,75,95,106,106,106,118,147,147,250,350,360,275,275,294,294,327,327,327,327,327,365,365,420,455,455,583,583,633,633,633,659,559,559,559,559,582,582,638,686,732,771,771,896,896,905,1010,1026,1026,1026,489,509,526,561,561,591,609,642,676,676,764,764,784,784,713,713,741,891,891],"floor_reached":76,"playtime":3399,"items_purged":["Voices"],"score":1289,"play_id":"41be58c9-0135-4509-bce1-c7741abadf7b","local_time":"20201223012633","is_ascension_mode":false,"campfire_choices":[{"data":"RobotSpaceExplorer:MiniLasers","floor":6,"key":"SMITH"},{"data":"RobotSpaceExplorer:TrailblazerForm","floor":17,"key":"SMITH"},{"data":"Firewall","floor":26,"key":"SMITH"},{"floor":29,"key":"REST"},{"floor":34,"key":"REST"},{"data":"RobotSpaceExplorer:Accelerator","floor":42,"key":"SMITH"},{"data":"RobotSpaceExplorer:Fix","floor":44,"key":"SMITH"},{"floor":51,"key":"REST"},{"data":"hubris:Fate","floor":68,"key":"SMITH"}],"circlet_count":0,"master_deck":["RobotSpaceExplorer:Strike","RobotSpaceExplorer:Strike","RobotSpaceExplorer:Strike","RobotSpaceExplorer:Defend","RobotSpaceExplorer:Defend","RobotSpaceExplorer:Defend","RobotSpaceExplorer:Defend","RobotSpaceExplorer:Scan","RobotSpaceExplorer:MiniDrones","RobotSpaceExplorer:ShovelStrike","Firewall+1","Beam Cell","RobotSpaceExplorer:Fix+1","RobotSpaceExplorer:TrailblazerForm+1","Dual Wield","RobotSpaceExplorer:SurgingShield","RobotSpaceExplorer:StunGrenade","RobotSpaceExplorer:GlueShot","RobotSpaceExplorer:Accelerator+1","RobotSpaceExplorer:MiniDrones","Overencumbered","hubris:Fate+1","RobotSpaceExplorer:DroneSwarm","RobotSpaceExplorer:StunGrenade","Hallucinations","RobotSpaceExplorer:StunGrenade","Hallownest:skillCityofTearsMap","Replay:Hysterical Blindness"],"relics":["TwistedFunnel","theWildCard:Wildcard","SlaversCollar","ReplayTheSpireMod:CursedCoin","infinitespire:Magic Flask","Cauldron","Snecko Scales","RobotSpaceExplorer:SlideRule","infinitespire:Broken Mirror","infinitespire:SolderingIron","hubris:GrandSneckoEye","Charon\u0027s Ashes","Ring of the Snake","Strange Spoon","Quantum Egg","Cursed Key","Raider\u0027s Mask","ReplayTheSpireMod:Ring of Collecting","Hallownest:HeavyBlowRelic","Burning Blood","ReplayFunnel","Pan","Paper Crane","infinitespire:DarkRift","Thread and Needle","Ring of Chaos","infinitespire:Bottled Soul","infinitespire:EmptyRelic","infinitespire:EmptyRelic","infinitespire:EmptyRelic","infinitespire:EmptyRelic","infinitespire:EmptyRelic","infinitespire:EmptyRelic","infinitespire:EmptyRelic","infinitespire:Chaos"],"acts_visited":["Exordium","TheCity","TheBeyond","TheBeyond","Hallownest:Greenpath"],"potions_floor_usage":[3,16,16,16,25,25,32,35,47,47,49,52,52,61,71],"damage_taken":[{"damage":0,"enemies":"Jaw Worm","floor":1,"turns":4},{"damage":0,"enemies":"Cultist","floor":3,"turns":4},{"damage":25,"enemies":"Replay:BlueRogue","floor":7,"turns":7},{"damage":1,"enemies":"Small Slimes","floor":11,"turns":4},{"damage":0,"enemies":"Blue Slaver","floor":12,"turns":3},{"damage":5,"enemies":"3 Louse","floor":15,"turns":3},{"damage":4,"enemies":"Lagavulin","floor":16,"turns":5},{"damage":44,"enemies":"The Guardian","floor":18,"turns":12},{"damage":8,"enemies":"Shell Parasite","floor":20,"turns":5},{"damage":26,"enemies":"2 Thieves","floor":23,"turns":4},{"damage":6,"enemies":"Replay:Snechameleon","floor":25,"turns":5},{"damage":9,"enemies":"Shelled Parasite and Fungi","floor":30,"turns":5},{"damage":0,"enemies":"Gremlin Leader","floor":32,"turns":4},{"damage":16,"enemies":"Snake Plant","floor":33,"turns":5},{"damage":29,"enemies":"hubris:MusketHawk","floor":35,"turns":7},{"damage":7,"enemies":"3 Darklings","floor":37,"turns":5},{"damage":2,"enemies":"Orb Walker","floor":40,"turns":4},{"damage":0,"enemies":"Reptomancer","floor":47,"turns":2},{"damage":0,"enemies":"3 Darklings","floor":48,"turns":3},{"damage":85,"enemies":"Nightmare","floor":49,"turns":6},{"damage":7,"enemies":"4 Shapes","floor":50,"turns":5},{"damage":17,"enemies":"Awakened One","floor":52,"turns":8},{"damage":0,"enemies":"Hallownest:monsterHuskGuard","floor":54,"turns":2},{"damage":0,"enemies":"Hallownest:monsterHuskWarrior","floor":55,"turns":3},{"damage":0,"enemies":"Hallownest:2_Tiktiks_and_1_Crawlid","floor":56,"turns":3},{"damage":9,"enemies":"Hallownest:1_Baldur_1_Crawlid_1_Warrior","floor":60,"turns":4},{"damage":0,"enemies":"Hallownest:monsterFoolEater","floor":61,"turns":2},{"damage":14,"enemies":"Hallownest:eliteMossKnight","floor":64,"turns":4},{"damage":4,"enemies":"Hallownest:Guard_and_Warrior","floor":65,"turns":2},{"damage":0,"enemies":"Hallownest:1_Ooma_and_2_Uuma","floor":66,"turns":2},{"damage":9,"enemies":"Hallownest:eliteVengeflyKing","floor":67,"turns":3},{"damage":10,"enemies":"Hallownest:BossFalseKnight","floor":69,"turns":6},{"damage":0,"enemies":"Hallownest:Guard_and_Sentry","floor":71,"turns":3},{"damage":0,"enemies":"Hallownest:3_Youths","floor":75,"turns":2}],"seed_played":"-3375515303386133865","potions_obtained":[{"floor":2,"key":"Fruit Juice"},{"floor":2,"key":"EssenceOfSteel"},{"floor":7,"key":"SkillPotion"},{"floor":12,"key":"Elixir"},{"floor":16,"key":"Weak Potion"},{"floor":23,"key":"LiquidMemories"},{"floor":30,"key":"Swift Potion"},{"floor":33,"key":"LiquidMemories"},{"floor":37,"key":"Toxic Potion"},{"floor":47,"key":"Swift Potion"},{"floor":52,"key":"BlessingOfTheForge"},{"floor":55,"key":"Weak Potion"},{"floor":67,"key":"RobotSpaceExplorer:RecyclePotion"},{"floor":75,"key":"AttackPotion"},{"floor":76,"key":"FairyPotion"},{"floor":76,"key":"Energy Potion"}],"is_trial":false,"path_per_floor":["M","?","M","?","?","R","E","$","T","?","M","M","PTL","PTL","M","E","R","B",null,"M","?","?","M","?","E","R","?","T","R","M","AVR","E","M","R","B",null,"M","AVR","T","M","NS","R","?","R","T","?","E","M","NM","M","R","B",null,"M","M","M","?","?","$","M","M","T","$","E","M","M","E","R","B",null,"M","?","?","?","M","AVR"],"character_chosen":"RobotSpaceExplorer","items_purchased":["ReplayFunnel","CeramicFish","BargainBundle","Adrenaline Potion","AttackPotion","RobotSpaceExplorer:Exploration"],"campfire_rested":3,"item_purchase_floors":[59,59,59,59,59,59],"current_hp_per_floor":[75,75,80,80,80,80,55,55,55,75,74,74,74,74,73,73,73,33,80,76,76,76,54,54,54,54,38,38,62,59,59,63,51,76,51,84,83,83,83,84,84,84,84,84,84,84,86,90,19,32,60,49,94,96,98,100,103,103,103,94,96,96,96,88,92,94,93,93,106,113,115,115,115,119,121,121,121],"gold":891,"neow_bonus":"RANDOM_COMMON_RELIC","is_daily":false,"chose_seed":false,"campfire_upgraded":6,"win_rate":0.0,"timestamp":1608715593,"path_taken":["M","?","?","?","?","R","E","$","T","?","M","M","PTL","PTL","M","E","R","BOSS","M","?","?","M","?","E","R","?","T","R","?","AVR","E","M","R","BOSS","M","AVR","?","M","NS","R","?","R","T","?","E","M","NM","?","R","BOSS","M","M","M","?","?","$","M","M","T","$","E","M","?","E","R","BOSS","M","?","?","?","M","AVR"],"items_purchased_type":["Relic","Relic","Relic","Potion","Potion","Card"],"build_version":"2020-12-22","purchased_purges":1,"victory":false,"max_hp_per_floor":[75,75,80,80,80,80,80,80,80,80,80,80,80,80,80,80,80,80,80,80,80,80,80,80,82,82,82,82,82,84,84,84,84,84,84,84,86,86,86,86,86,86,86,86,86,86,88,90,92,94,94,94,94,96,98,100,103,103,103,103,105,105,105,105,107,109,111,111,113,113,115,115,115,119,121,121,121],"card_choices":[{"not_picked":["RobotSpaceExplorer:ScrapShield","RobotSpaceExplorer:SwiftStep"],"picked":"RobotSpaceExplorer:MiniDrones","floor":1},{"not_picked":["RobotSpaceExplorer:FrostMissile","RobotSpaceExplorer:ShockKick"],"picked":"RobotSpaceExplorer:ShovelStrike","floor":3},{"not_picked":["RobotSpaceExplorer:LaserBurst","Anger"],"picked":"Firewall","floor":7},{"not_picked":["Flex","Iron Wave"],"picked":"Beam Cell","floor":11},{"not_picked":["RobotSpaceExplorer:Counterblock","Iron Wave"],"picked":"RobotSpaceExplorer:Fix","floor":12},{"not_picked":["RobotSpaceExplorer:SwiftStep","ReplayTheSpireMod:GoodbyeWorld"],"picked":"RobotSpaceExplorer:TrailblazerForm","floor":15},{"not_picked":["Evolve","ReplayTheSpireMod:GoodbyeWorld"],"picked":"Dual Wield","floor":16},{"not_picked":["RobotSpaceExplorer:Explosion","Juggernaut"],"picked":"RobotSpaceExplorer:Exploration","floor":18},{"not_picked":["RobotSpaceExplorer:MetalStrike","RobotSpaceExplorer:Ammunition+1"],"picked":"RobotSpaceExplorer:SurgingShield","floor":20},{"not_picked":["RobotSpaceExplorer:SelfCleaning","RobotSpaceExplorer:FrostMissile"],"picked":"RobotSpaceExplorer:StunGrenade","floor":23},{"not_picked":["RobotSpaceExplorer:SurgingShield+1","RobotSpaceExplorer:SelfCleaning","RobotSpaceExplorer:Blitz"],"picked":"Singing Bowl","floor":25},{"not_picked":["RobotSpaceExplorer:ExhaustFan+1","RobotSpaceExplorer:ImprovisedAttack","RobotSpaceExplorer:Counterblock+1"],"picked":"Singing Bowl","floor":30},{"not_picked":["RobotSpaceExplorer:MiniBoosters","RobotSpaceExplorer:LaserBurst"],"picked":"RobotSpaceExplorer:GlueShot","floor":32},{"not_picked":["RobotSpaceExplorer:Pulsar+1","RobotSpaceExplorer:ChargingLaser"],"picked":"RobotSpaceExplorer:DoubleFind+1","floor":33},{"not_picked":["RobotSpaceExplorer:Explosion","RobotSpaceExplorer:Asteroid"],"picked":"RobotSpaceExplorer:Accelerator","floor":35},{"not_picked":["RobotSpaceExplorer:Pulsar+1","RobotSpaceExplorer:Ammunition+1","RobotSpaceExplorer:SlimeMissile+1"],"picked":"Singing Bowl","floor":37},{"not_picked":["RobotSpaceExplorer:ShockMissile","RobotSpaceExplorer:StunGrenade"],"picked":"RobotSpaceExplorer:MiniDrones","floor":40},{"not_picked":["RobotSpaceExplorer:Jetpack","RobotSpaceExplorer:MetalStrike","RobotSpaceExplorer:ExhaustFan+1"],"picked":"Singing Bowl","floor":47},{"not_picked":["RobotSpaceExplorer:ScrapMissile+1","RobotSpaceExplorer:ImprovisedAttack+1","RobotSpaceExplorer:StarLightning+1"],"picked":"Singing Bowl","floor":48},{"not_picked":["hubris:InfiniteBlow","infinitespire:Collect"],"picked":"hubris:Fate","floor":49},{"not_picked":["RobotSpaceExplorer:Exploration","RobotSpaceExplorer:PlasmaMissile+1","RobotSpaceExplorer:SurgingStrike+1"],"picked":"Singing Bowl","floor":49},{"not_picked":["RobotSpaceExplorer:ImprovisedAttack+1","RobotSpaceExplorer:SurgingStrike+1","RobotSpaceExplorer:LuckyStrike"],"picked":"Singing Bowl","floor":50},{"not_picked":["RobotSpaceExplorer:Wormhole","RobotSpaceExplorer:HighVoltage"],"picked":"RobotSpaceExplorer:DroneSwarm","floor":52},{"not_picked":["RobotSpaceExplorer:FreezingShield","RobotSpaceExplorer:LaserBurst","RobotSpaceExplorer:ExhaustFan"],"picked":"Singing Bowl","floor":54},{"not_picked":["RobotSpaceExplorer:SurgingStrike","RobotSpaceExplorer:SwiftStep","RobotSpaceExplorer:SurgingShield"],"picked":"Singing Bowl","floor":55},{"not_picked":["RobotSpaceExplorer:PowerGlove","RobotSpaceExplorer:Ammunition","RobotSpaceExplorer:TurboDodge"],"picked":"Singing Bowl","floor":56},{"not_picked":["RobotSpaceExplorer:ShockKick","RobotSpaceExplorer:Blitz"],"picked":"RobotSpaceExplorer:StunGrenade","floor":60},{"not_picked":["RobotSpaceExplorer:IronShell","RobotSpaceExplorer:Electroshield","RobotSpaceExplorer:SwiftStep"],"picked":"Singing Bowl","floor":61},{"not_picked":["RobotSpaceExplorer:MiniDrones","RobotSpaceExplorer:ShovelStrike"],"picked":"RobotSpaceExplorer:StunGrenade","floor":64},{"not_picked":["RobotSpaceExplorer:Jetpack","RobotSpaceExplorer:MetalStrike","RobotSpaceExplorer:Ammunition","Defy"],"picked":"Singing Bowl","floor":65},{"not_picked":["RobotSpaceExplorer:MetalStrike","RobotSpaceExplorer:IronShell","RobotSpaceExplorer:MiniDrones","LightFlow"],"picked":"Singing Bowl","floor":66},{"not_picked":["RobotSpaceExplorer:IronShell","RobotSpaceExplorer:ChargingLaser","RobotSpaceExplorer:MiniDrones","WasteNot"],"picked":"Singing Bowl","floor":67},{"not_picked":["RobotSpaceExplorer:BlastShield","RobotSpaceExplorer:Scanner","RobotSpaceExplorer:Autoloader","SoulSculpture"],"picked":"Singing Bowl","floor":69},{"not_picked":["RobotSpaceExplorer:MiniDrones","RobotSpaceExplorer:Pulsar","RobotSpaceExplorer:Calculate","Potential"],"picked":"Singing Bowl","floor":71},{"not_picked":["RobotSpaceExplorer:SlimeMissile","RobotSpaceExplorer:FranticSearch","RobotSpaceExplorer:SurgingStrike","Revamp"],"picked":"Singing Bowl","floor":74},{"not_picked":["RobotSpaceExplorer:ShovelStrike","RobotSpaceExplorer:Pulsar+1","RobotSpaceExplorer:SurgingStrike","Sabotage"],"picked":"Singing Bowl","floor":74},{"not_picked":["RobotSpaceExplorer:LaserBurst","RobotSpaceExplorer:GlueShot","RobotSpaceExplorer:FranticSearch","Collapse"],"picked":"Singing Bowl","floor":75}],"player_experience":726652,"relics_obtained":[{"floor":7,"key":"Vajra"},{"floor":9,"key":"Thread and Needle"},{"floor":16,"key":"Centennial Puzzle"},{"floor":25,"key":"Singing Bowl"},{"floor":25,"key":"Replay:Bandana"},{"floor":27,"key":"Replay:Blank Codex"},{"floor":28,"key":"Bag of Preparation"},{"floor":32,"key":"RobotSpaceExplorer:ToughPlating"},{"floor":39,"key":"Meat on the Bone"},{"floor":45,"key":"Replay:Baseball"},{"floor":47,"key":"Sundial"},{"floor":49,"key":"hubris:Teleporter"},{"floor":60,"key":"ReplayTheSpireMod:TigerMarble"},{"floor":62,"key":"Omamori"},{"floor":64,"key":"hubris:DisguiseKit"},{"floor":67,"key":"Garlic"},{"floor":72,"key":"Ring of Hypnosis"}],"event_choices":[{"damage_healed":0,"gold_gain":0,"player_choice":"Bought 3 Potions","damage_taken":0,"max_hp_gain":0,"max_hp_loss":0,"event_name":"The Woman in Blue","floor":2,"gold_loss":0},{"damage_healed":20,"gold_gain":0,"player_choice":"Healed","damage_taken":0,"max_hp_gain":0,"max_hp_loss":0,"event_name":"The Cleric","floor":10,"gold_loss":35},{"damage_healed":0,"gold_gain":0,"player_choice":"Obtained Relic","damage_taken":0,"relics_obtained":["infinitespire:CheckeredPen"],"max_hp_gain":0,"max_hp_loss":0,"event_name":"Addict","floor":21,"gold_loss":85},{"damage_healed":0,"gold_gain":0,"player_choice":"Ignored","damage_taken":0,"max_hp_gain":0,"max_hp_loss":0,"event_name":"Vampires","floor":24,"gold_loss":0},{"damage_healed":0,"gold_gain":0,"player_choice":"Obtained Book","damage_taken":16,"max_hp_gain":0,"max_hp_loss":0,"event_name":"Cursed Tome","floor":27,"gold_loss":0},{"cards_removed":["RobotSpaceExplorer:Strike"],"damage_healed":0,"gold_gain":0,"player_choice":"Removed Attack","damage_taken":0,"max_hp_gain":0,"max_hp_loss":0,"event_name":"Falling","floor":43,"gold_loss":0},{"damage_healed":0,"gold_gain":0,"cards_transformed":["hubris:Despair"],"player_choice":"Transformed","damage_taken":0,"max_hp_gain":0,"max_hp_loss":0,"event_name":"Transmorgrifier","floor":46,"gold_loss":0,"cards_obtained":["Voices"]}],"is_beta":false,"boss_relics":[{"not_picked":["hubris:GrandSneckoEye","Empty Cage"],"picked":"Replay:Wanted Poster"},{"not_picked":["hubris:TerracottaHorce","Ring of Chaos"],"picked":"Cursed Key"},{"not_picked":["Pandora\u0027s Box","ReplayTheSpireMod:SealedPack"],"picked":"hubris:RunicObelisk"},{"not_picked":["Kintsugi","Replay:Drink Me"],"picked":"Abe\u0027s Treasure"}],"items_purged_floors":[59],"is_endless":true,"potions_floor_spawned":[7,12,16,23,30,33,37,47,52,55,56,60,67,75],"ascension_level":0}}