{"host":"7o30bgpqouqblh42","time":1608692307,"event":{"mods":["AchievementEnabler","Aspiration","BaseMod","Colored Map","Downfall","Highlight Path","Minty Spire (QoL Compilation)","StSLib","SuperFastMode"],"gold_per_floor":[211,57,57,32,43,43,75,85,85,105,118,118,128,128,128,232,282,294,309,309,309],"floor_reached":20,"playtime":1301,"items_purged":[],"score":185,"play_id":"eaa8acef-bdfd-4b1f-b646-f6796eecf2bc","local_time":"20201222215827","is_ascension_mode":true,"campfire_choices":[{"data":"Anger","floor":6,"key":"SMITH"},{"floor":15,"key":"REST"}],"circlet_count":0,"master_deck":["Strike_R","Strike_R+1","Strike_R","Strike_R","Strike_R","Defend_R","Defend_R","Defend_R","Defend_R","Bash","Anger+1","Regret","Cleave+1","Shockwave","Blood for Blood+1","Reaper","Rupture+1","Cleave"],"relics":["Burning Blood","Tiny Chest","Regal Pillow","Shuriken","Girya","Whetstone","Frozen Egg 2","Tiny House"],"acts_visited":["Exordium","TheCity"],"potions_floor_usage":[11,11,16,19,20],"damage_taken":[{"damage":5,"enemies":"Cultist","floor":1,"turns":4},{"damage":8,"enemies":"Jaw Worm","floor":5,"turns":4},{"damage":34,"enemies":"Gremlin Nob","floor":7,"turns":5},{"damage":10,"enemies":"2 Louse","floor":8,"turns":3},{"damage":14,"enemies":"Lots of Slimes","floor":10,"turns":3},{"damage":14,"enemies":"Gremlin Gang","floor":11,"turns":4},{"damage":17,"enemies":"Large Slime","floor":13,"turns":5},{"damage":63,"enemies":"Slime Boss","floor":16,"turns":9},{"damage":25,"enemies":"Shell Parasite","floor":18,"turns":5},{"damage":39,"enemies":"2 Thieves","floor":19,"turns":4},{"damage":66,"enemies":"Shelled Parasite and Fungi","floor":20,"turns":4}],"seed_played":"1600250884955436530","potions_obtained":[{"floor":7,"key":"SkillPotion"},{"floor":8,"key":"FearPotion"},{"floor":10,"key":"BloodPotion"},{"floor":16,"key":"Swift Potion"},{"floor":17,"key":"Weak Potion"},{"floor":19,"key":"Weak Potion"}],"is_trial":false,"path_per_floor":["M","$","?","$","M","R","E","M","T","M","M","T","M","T","R","B",null,"M","M","M"],"character_chosen":"IRONCLAD","items_purchased":["Tiny Chest","Cleave"],"campfire_rested":1,"item_purchase_floors":[2,4],"current_hp_per_floor":[80,80,80,80,78,78,50,46,46,38,46,46,41,41,80,37,85,66,45,0,0],"gold":309,"neow_bonus":"HUNDRED_GOLD","is_daily":false,"chose_seed":false,"campfire_upgraded":1,"win_rate":0.0,"timestamp":1608692307,"path_taken":["M","?","?","$","M","R","E","M","T","M","M","?","?","?","R","BOSS","M","?","?"],"items_purchased_type":["Relic","Card"],"build_version":"2020-12-13","purchased_purges":0,"victory":false,"max_hp_per_floor":[80,80,80,80,80,80,80,80,80,80,80,80,80,80,80,80,85,85,85,85,85],"card_choices":[{"not_picked":["Twin Strike","Iron Wave"],"picked":"Anger","floor":1},{"not_picked":["Dark Embrace","Reckless Charge"],"picked":"Shockwave","floor":5},{"not_picked":["Iron Wave","Intimidate"],"picked":"Blood for Blood","floor":7},{"not_picked":["Flex","Iron Wave","True Grit"],"picked":"SKIP","floor":8},{"not_picked":["Sword Boomerang","Heavy Blade","Pommel Strike"],"picked":"SKIP","floor":10},{"not_picked":["Blood for Blood","Armaments"],"picked":"Reaper","floor":11},{"not_picked":["Sword Boomerang","Flex","Cleave"],"picked":"SKIP","floor":13},{"not_picked":["Feel No Pain+1","Carnage"],"picked":"Rupture+1","floor":17},{"not_picked":["Armaments","Searing Blow","Sever Soul"],"picked":"SKIP","floor":18},{"not_picked":["Perfected Strike","Shrug It Off"],"picked":"Cleave","floor":19}],"player_experience":94744,"relics_obtained":[{"floor":7,"key":"Shuriken"},{"floor":9,"key":"Girya"},{"floor":12,"key":"Whetstone"},{"floor":14,"key":"Frozen Egg 2"}],"event_choices":[{"damage_healed":0,"gold_gain":0,"player_choice":"Box","damage_taken":0,"relics_obtained":["Regal Pillow"],"max_hp_gain":0,"max_hp_loss":0,"event_name":"Big Fish","floor":3,"gold_loss":0,"cards_obtained":["Regret"]}],"is_beta":false,"boss_relics":[{"not_picked":["Cursed Key","Snecko Eye"],"picked":"Tiny House"}],"items_purged_floors":[],"is_endless":false,"potions_floor_spawned":[7,8,10,16,19],"killed_by":"Shelled Parasite and Fungi","ascension_level":1}}