{"host":"okfwy8519lj77ka8","time":1608730564,"event":{"mods":["BaseMod","GungeonMod","Hermit","Lobotomy","Minty Spire (QoL Compilation)","Quick Restart","StSLib","The Cursed","The Hierophant","Waifu the Spire"],"gold_per_floor":[500111,500111,498930,498880,497641,497587,497587,497560,497583,497583,497587,497587,497529,497491,497491,497612,497612,497583,497616,496805,496805,496847,496783,496783,496737,496790,496790,496790,496844,496844,496759,496759,496754,496754,496793,496793,496710,495656,495656,495656,495730,495730,495730,495730,495723,495751,495275,495321,495321,495281,495281,495281,494025,494079,493989],"floor_reached":56,"playtime":7123,"items_purged":["Regret","hierophant:Defend_Hierophant","hierophant:Strike_Hierophant+1","hierophant:Punish+1","hierophant:RepressedViolence+1","PunishingBird"],"score":1933,"play_id":"24a8db10-07b5-44c5-a8aa-08a3a5238035","local_time":"20201223223604","is_ascension_mode":true,"campfire_choices":[{"floor":10.0,"key":"REST"},{"floor":12.0,"key":"REST"},{"floor":15,"key":"REST"},{"data":"hierophant:Strike_Hierophant+1","floor":24,"key":"PURGE"},{"data":"hierophant:Defend_Hierophant+1","floor":28,"key":"PURGE"},{"data":"FieryBird","floor":30,"key":"PURGE"},{"data":"hierophant:Defend_Hierophant+1","floor":32,"key":"PURGE"},{"floor":40,"key":"RECALL"},{"data":"hierophant:Defend_Hierophant+1","floor":42,"key":"PURGE"},{"data":"hierophant:Remorse+1","floor":49,"key":"PURGE"},{"data":"BigBird","floor":52,"key":"PURGE"}],"circlet_count":0,"master_deck":["hierophant:ChurchCoffers+1","hierophant:Levitation+1","hierophant:CursedGold+1","hierophant:Doubloon+1","hierophant:Levitation+1","hierophant:Glossolalia+1","hierophant:SolarFlare+1","hierophant:Doubloon+1","hierophant:Doubloon+1","hierophant:Remorse+1","MHz","hierophant:Glossolalia+1","hierophant:LocustPlague+1","hierophant:Chorus+1","hierophant:Glossolalia+1","hierophant:LocustPlague+1","hierophant:ArchangelShield+1","hierophant:Kindle+1","hierophant:RecallFunds+1","hierophant:Doubloon+1","hierophant:Glossolalia+1","hierophant:ArchangelShield+1","hierophant:Doubloon+1","hierophant:LocustPlague+1","hierophant:Levitation+1","hierophant:LocustPlague+1","Master of Strategy+1","Bandage Up+1","Master of Strategy+1","hierophant:Levitation+1","hierophant:Levitation+1","hierophant:Glossolalia+1","Panache+1","hierophant:SolarFlare"],"relics":["hierophant:PropheticMaskRelic","CogitoBucket","RabbitCall","Fusion Hammer","Fusion Hammer","Fusion Hammer","Nloth\u0027s Gift","Nloth\u0027s Gift","Question Card","Prayer Wheel","Peace Pipe","Juzu Bracelet","Anchor","Calipers","Shuriken","DemoMod:GnawedKey","Cauldron","Frozen Egg 2","OrangePellets","FossilizedHelix","Toy Ornithopter","Regal Pillow","Akabeko","Black Star","Bag of Marbles","TungstenRod","TheAbacus","Darkstone Periapt","Omamori","DemoMod:VorpalBullet","Whetstone","DemoMod:GlassGuonStoneRelic","Lantern","Strawberry","DemoMod:PinkGuonStone","Philosopher\u0027s Stone","BackwardClock","Mercury Hourglass","DemoMod:MonsterBlood","Ornamental Fan","Sling","Mummified Hand","DemoMod:PoisonVial","DemoMod:MeltedRock","Meat on the Bone","Orichalcum","Lee\u0027s Waffle","Art of War","Strange Spoon","DemoMod:RingOfEthereal","CaptainsWheel","Bronze Scales","Happy Flower"],"acts_visited":["Exordium","TheCity","TheBeyond","TheEnding"],"potions_floor_usage":[29,55],"damage_taken":[{"damage":0.0,"enemies":"Cultist","floor":1.0,"turns":3.0},{"damage":0.0,"enemies":"3 Sentries","floor":6.0,"turns":4.0},{"damage":0.0,"enemies":"Small Slimes","floor":8.0,"turns":2.0},{"damage":0.0,"enemies":"Jaw Worm","floor":11.0,"turns":3.0},{"damage":0.0,"enemies":"Gremlin Nob","floor":13.0,"turns":3.0},{"damage":0,"enemies":"3 Louse","floor":14,"turns":5},{"damage":0,"enemies":"Slime Boss","floor":16,"turns":2},{"damage":0,"enemies":"Spheric Guardian","floor":18,"turns":3},{"damage":0,"enemies":"Shell Parasite","floor":19,"turns":3},{"damage":0,"enemies":"Cultist and Chosen","floor":22,"turns":1},{"damage":0,"enemies":"Book of Stabbing","floor":23,"turns":4},{"damage":0,"enemies":"Gremlin Leader","floor":25,"turns":2},{"damage":5,"enemies":"Book of Stabbing","floor":29,"turns":3},{"damage":0,"enemies":"Champ","floor":33,"turns":3},{"damage":0,"enemies":"3 Darklings","floor":35,"turns":1},{"damage":0,"enemies":"Nemesis","floor":41,"turns":1},{"damage":0,"enemies":"Reptomancer","floor":45,"turns":1},{"damage":0,"enemies":"Orb Walker","floor":46,"turns":2},{"damage":0,"enemies":"Spire Growth","floor":48,"turns":1},{"damage":0,"enemies":"Time Eater","floor":50,"turns":4},{"damage":0,"enemies":"Shield and Spear","floor":54,"turns":1},{"damage":0,"enemies":"The Heart","floor":55,"turns":5}],"seed_played":"-4076557905639092704","potions_obtained":[{"floor":3.0,"key":"SkillPotion"},{"floor":3.0,"key":"FearPotion"},{"floor":33,"key":"BlessingOfTheForge"}],"is_trial":false,"path_per_floor":["M","?","$","?","$","E","?","M","T","R","M","R","E","M","R","B",null,"M","M","$","?","M","E","R","E","T","?","R","E","R","?","R","B",null,"M","?","?","$","?","R","E","R","T","?","E","M","$","M","R","B",null,"R","$","E","B",null],"character_chosen":"HIEROPHANT","items_purchased":["Calipers","Shuriken","Strength Potion","SteroidPotion","AttackPotion","hierophant:RepressedViolence","hierophant:CursedGold","DemoMod:GnawedKey","Cauldron","Frozen Egg 2","OrangePellets","FossilizedHelix","DistilledChaos","Fire Potion","Fire Potion","hierophant:Levitation","hierophant:Glossolalia+1","hierophant:SolarFlare","Bag of Marbles","TungstenRod","TheAbacus","hierophant:RecallFunds","DemoMod:MonsterBlood","Ornamental Fan","Sling","Master of Strategy","Energy Potion","Bandage Up","Lee\u0027s Waffle","Art of War","Strange Spoon","DemoMod:RingOfEthereal","CaptainsWheel","hierophant:Glossolalia+1","LiquidMemories","Panache+1"],"campfire_rested":3,"item_purchase_floors":[3,3,3,3,3,3,3,3,3,5,5,5,5,5,5,5,5,5,20,20,20,20,38,38,38,38,38,38,47,47,53,53,53,53,53,53],"current_hp_per_floor":[30,30,30,30,30,30,30,30,30,22,22,29,29,29,36,36,75,75,75,47,47,47,47,47,47,47,47,47,54,54,61,61,61,89,89,89,89,96,87,87,87,15,15,15,21,33,103,103,83,85,103,103,103,103,103],"gold":493989,"neow_bonus":"","is_daily":false,"chose_seed":false,"campfire_upgraded":0,"win_rate":0.0,"timestamp":1608730564,"path_taken":["M","?","$","?","$","E","?","M","T","R","M","R","E","M","R","BOSS","M","M","$","?","M","E","R","E","T","?","R","E","R","?","R","BOSS","M","?","?","$","?","R","E","R","T","?","E","M","$","M","R","BOSS","R","$","E","BOSS"],"items_purchased_type":["Relic","Relic","Potion","Potion","Potion","Card","Card","Relic","Relic","Relic","Relic","Relic","Potion","Potion","Potion","Card","Card","Card","Relic","Relic","Relic","Card","Relic","Relic","Relic","Card","Potion","Card","Relic","Relic","Relic","Relic","Relic","Card","Potion","Card"],"build_version":"2020-12-22","purchased_purges":6,"victory":true,"max_hp_per_floor":[75,75,75,75,75,75,75,75,75,75,75,75,75,75,75,75,75,75,75,75,75,75,75,75,75,75,75,75,82,82,89,89,89,89,89,89,89,96,96,96,96,96,96,96,96,96,103,103,103,103,103,103,103,103,103],"card_choices":[{"not_picked":["UniverseFragment","CherryBlossoms","Scorched"],"picked":"Singing Bowl","floor":1.0},{"not_picked":["hierophant:TollTheBells","hierophant:Shelter","hierophant:RecallFunds"],"picked":"hierophant:Levitation","floor":1.0},{"not_picked":["hierophant:Smite","hierophant:OrnateBuckler","hierophant:Community","hierophant:BulkyChest"],"picked":"SKIP","floor":1.0},{"not_picked":["CrumblingArmor","QueenBee","ShyLook"],"picked":"Singing Bowl","floor":6.0},{"not_picked":["hierophant:Alms","hierophant:MintersHammer","hierophant:WrathOfGod"],"picked":"hierophant:Kindle","floor":6.0},{"not_picked":["Bloodbath","BigBadWolf"],"picked":"PunishingBird","floor":8.0},{"not_picked":["hierophant:CoinFling","hierophant:Anathema","hierophant:Upheaval"],"picked":"hierophant:Doubloon","floor":8.0},{"not_picked":["hierophant:MintersHammer","hierophant:Smite","hierophant:WrathOfGod"],"picked":"hierophant:Remorse","floor":8.0},{"not_picked":["ShyLook","Funeral"],"picked":"MHz","floor":11.0},{"not_picked":["hierophant:Batter","hierophant:BulkyChest","hierophant:Determination+1"],"picked":"hierophant:Glossolalia+1","floor":11.0},{"not_picked":["hierophant:Mercenaries","hierophant:ArchangelShield+1","hierophant:HammerAndAnvil","hierophant:Smite"],"picked":"SKIP","floor":11.0},{"not_picked":["WallGazer","LittlePrince","HeroicMonk"],"picked":"Singing Bowl","floor":13.0},{"not_picked":["hierophant:Doomsaying","hierophant:Cornucopia","hierophant:Anathema"],"picked":"hierophant:LocustPlague","floor":13.0},{"not_picked":["Yin","SnowQueen","OldLady"],"picked":"Singing Bowl","floor":14},{"not_picked":["hierophant:Anathema","hierophant:ThreeLashes","hierophant:RustyCrate"],"picked":"hierophant:Chorus","floor":14},{"not_picked":["hierophant:Smite","hierophant:HolyVerse","hierophant:Batter"],"picked":"hierophant:Glossolalia+1","floor":14},{"not_picked":["hierophant:DivineIntervention","hierophant:BulkyChest","hierophant:Anathema"],"picked":"hierophant:LocustPlague","floor":16},{"not_picked":["MeatLantern","SnowQueen","LittleHelper"],"picked":"Singing Bowl","floor":16},{"not_picked":["VoidDream","BlueStar","Variant"],"picked":"Singing Bowl","floor":18},{"not_picked":["hierophant:PassingBell","hierophant:Prophecy","hierophant:BulkyChest"],"picked":"hierophant:ArchangelShield+1","floor":18},{"not_picked":["hierophant:Exaltation","hierophant:BulkyChest","hierophant:Determination+1","hierophant:TollTheBells"],"picked":"SKIP","floor":18},{"not_picked":["OSAHOGD","WallGazer","CrumblingArmor"],"picked":"Singing Bowl","floor":19},{"not_picked":["hierophant:Purify","hierophant:OrnateBuckler+1","hierophant:SecretStash+1"],"picked":"hierophant:Kindle","floor":19},{"not_picked":["hierophant:SealAway","hierophant:Encroach","hierophant:Dazzle+1","hierophant:Zeal"],"picked":"SKIP","floor":19},{"not_picked":["CENSORED","ShyLook","LaLuna"],"picked":"Singing Bowl","floor":22},{"not_picked":["hierophant:Flagellation","hierophant:SealAway","hierophant:ThreeLashes"],"picked":"hierophant:ArchangelShield+1","floor":22},{"not_picked":["hierophant:SealAway","hierophant:ThreeLashes+1","hierophant:Martyrdom+1"],"picked":"hierophant:Remorse+1","floor":22},{"not_picked":["OldLady","BeautyBeast","QueenBee"],"picked":"Singing Bowl","floor":23},{"not_picked":["hierophant:MintersHammer","hierophant:Anathema","hierophant:DivineIntervention"],"picked":"hierophant:LocustPlague","floor":23},{"not_picked":["BeautyBeast","FairyFestival","SnowQueen"],"picked":"Singing Bowl","floor":25},{"not_picked":["CherryBlossoms","SnowQueen"],"picked":"FieryBird","floor":25},{"not_picked":["hierophant:AuricForm+1","hierophant:DeathKnell","hierophant:WrathOfGod","hierophant:MintersHammer"],"picked":"SKIP","floor":25},{"not_picked":["UniverseFragment","WhitesApple","CherryBlossoms"],"picked":"Singing Bowl","floor":29},{"not_picked":["hierophant:MintersHammer","hierophant:DivineIntervention","hierophant:DeathKnell","hierophant:Anathema"],"picked":"SKIP","floor":29},{"not_picked":["Bloodbath","BlueStar"],"picked":"BigBird","floor":33},{"not_picked":["hierophant:BulkyChest","hierophant:MintersHammer","hierophant:Kindle"],"picked":"hierophant:Levitation","floor":33},{"not_picked":["BodiesMountain","Scorched","RedShoes"],"picked":"Singing Bowl","floor":35},{"not_picked":["hierophant:AuricForm+1","hierophant:Prophecy","hierophant:AuricShield+1"],"picked":"hierophant:LocustPlague","floor":35},{"not_picked":["hierophant:Zeal","hierophant:Exaltation","hierophant:Doubloon+1","hierophant:Chorus+1"],"picked":"SKIP","floor":35},{"not_picked":["Flash of Steel","Swift Strike","Thinking Ahead"],"picked":"Master of Strategy","floor":39},{"not_picked":["Funeral","GreedKing","SilentOrchestra"],"picked":"Singing Bowl","floor":41},{"not_picked":["hierophant:DivineIntervention","hierophant:Determination+1","hierophant:LocustPlague"],"picked":"hierophant:Levitation","floor":41},{"not_picked":["ShyLook","SnowQueen","Variant"],"picked":"Singing Bowl","floor":45},{"not_picked":["hierophant:Batter","hierophant:Determination+1","hierophant:Community+1"],"picked":"hierophant:Levitation","floor":45},{"not_picked":["Variant","WhiteNight","BlackArmy"],"picked":"Singing Bowl","floor":46},{"not_picked":["hierophant:PassingBell+1","hierophant:Embezzle+1","hierophant:EyeForCoin+1","hierophant:WrathOfGod"],"picked":"SKIP","floor":46},{"not_picked":["hierophant:FieryStrike","hierophant:AuricBeam+1","hierophant:Sermon","hierophant:Invocation"],"picked":"SKIP","floor":46},{"not_picked":["Rudolta","LittlePrince","WhiteNight"],"picked":"Singing Bowl","floor":48},{"not_picked":["hierophant:OrnateBuckler","hierophant:HolyVerse+1","hierophant:PristineSoul","hierophant:AuricForm+1"],"picked":"SKIP","floor":48},{"not_picked":["hierophant:DisplayOfPower+1","hierophant:Remorse+1","hierophant:AuricShield+1","hierophant:AuricForm+1"],"picked":"SKIP","floor":48},{"not_picked":["LongBird","GalaxyChild","CENSORED"],"picked":"Singing Bowl","floor":54},{"not_picked":["hierophant:ConvertCurrency","hierophant:Cornucopia","hierophant:BulkyChest"],"picked":"hierophant:SolarFlare","floor":54}],"player_experience":107627,"relics_obtained":[{"floor":6.0,"key":"Toy Ornithopter"},{"floor":9.0,"key":"Regal Pillow"},{"floor":13.0,"key":"Akabeko"},{"floor":23,"key":"Darkstone Periapt"},{"floor":23,"key":"Omamori"},{"floor":25,"key":"DemoMod:VorpalBullet"},{"floor":25,"key":"Whetstone"},{"floor":29,"key":"Lantern"},{"floor":29,"key":"Strawberry"},{"floor":41,"key":"Mummified Hand"},{"floor":41,"key":"DemoMod:PoisonVial"},{"floor":43,"key":"DemoMod:MeltedRock"},{"floor":45,"key":"Meat on the Bone"},{"floor":45,"key":"Orichalcum"},{"floor":54,"key":"Bronze Scales"},{"floor":54,"key":"Happy Flower"}],"event_choices":[{"damage_healed":0.0,"max_hp_gain":0.0,"max_hp_loss":0.0,"gold_gain":0.0,"event_name":"Shining Light","player_choice":"Entered Light","floor":0.0,"gold_loss":0.0,"damage_taken":15.0,"cards_upgraded":["hierophant:ChurchCoffers","hierophant:Defend_Hierophant"]},{"damage_healed":0.0,"max_hp_gain":0.0,"max_hp_loss":0.0,"gold_gain":0.0,"event_name":"Shining Light","player_choice":"Entered Light","floor":0.0,"gold_loss":0.0,"damage_taken":15.0,"cards_upgraded":["hierophant:Defend_Hierophant","hierophant:Strike_Hierophant"]},{"damage_healed":0.0,"max_hp_gain":0.0,"max_hp_loss":0.0,"gold_gain":0.0,"event_name":"Shining Light","player_choice":"Entered Light","floor":0.0,"gold_loss":0.0,"damage_taken":15.0,"cards_upgraded":["hierophant:Strike_Hierophant","hierophant:Defend_Hierophant"]},{"damage_healed":0.0,"max_hp_gain":0.0,"max_hp_loss":0.0,"gold_gain":0.0,"event_name":"Big Fish","player_choice":"Box","floor":2.0,"gold_loss":0.0,"damage_taken":0.0,"relics_obtained":["Anchor"],"cards_obtained":["Regret"]},{"cards_removed":["hierophant:Strike_Hierophant"],"damage_healed":0.0,"max_hp_gain":0.0,"max_hp_loss":0.0,"gold_gain":0.0,"event_name":"The Cleric","player_choice":"Card Removal","floor":4.0,"gold_loss":50.0,"damage_taken":0.0},{"cards_removed":["hierophant:Strike_Hierophant"],"damage_healed":0.0,"max_hp_gain":0.0,"max_hp_loss":0.0,"gold_gain":0.0,"event_name":"Living Wall","player_choice":"Forget","floor":7.0,"gold_loss":0.0,"damage_taken":0.0},{"damage_healed":0.0,"max_hp_gain":0.0,"max_hp_loss":0.0,"gold_gain":0.0,"event_name":"Shining Light","player_choice":"Entered Light","floor":10.0,"gold_loss":0.0,"damage_taken":15.0,"cards_upgraded":["hierophant:RepressedViolence","hierophant:Levitation"]},{"damage_healed":0.0,"max_hp_gain":0.0,"max_hp_loss":0.0,"gold_gain":0.0,"event_name":"Shining Light","player_choice":"Entered Light","floor":10.0,"gold_loss":0.0,"damage_taken":15.0,"cards_upgraded":["hierophant:CursedGold","hierophant:Punish"]},{"damage_healed":0.0,"max_hp_gain":0.0,"max_hp_loss":0.0,"gold_gain":0.0,"event_name":"Shining Light","player_choice":"Entered Light","floor":10.0,"gold_loss":0.0,"damage_taken":15.0,"cards_upgraded":["hierophant:Doubloon","hierophant:Kindle"]},{"damage_healed":0.0,"max_hp_gain":0.0,"max_hp_loss":0.0,"gold_gain":0.0,"event_name":"Shining Light","player_choice":"Entered Light","floor":12.0,"gold_loss":0.0,"damage_taken":15.0,"cards_upgraded":["hierophant:Remorse","hierophant:Doubloon"]},{"damage_healed":0.0,"max_hp_gain":0.0,"max_hp_loss":0.0,"gold_gain":0.0,"event_name":"Shining Light","player_choice":"Entered Light","floor":12.0,"gold_loss":0.0,"damage_taken":15.0,"cards_upgraded":["hierophant:Doubloon","hierophant:Levitation"]},{"damage_healed":0,"gold_gain":0,"player_choice":"Entered Light","damage_taken":15,"max_hp_gain":0,"max_hp_loss":0,"event_name":"Shining Light","floor":15,"gold_loss":0,"cards_upgraded":["hierophant:LocustPlague","hierophant:Chorus"]},{"damage_healed":0,"gold_gain":0,"player_choice":"Entered Light","damage_taken":15,"max_hp_gain":0,"max_hp_loss":0,"event_name":"Shining Light","floor":15,"gold_loss":0,"cards_upgraded":["hierophant:SolarFlare"]},{"damage_healed":0,"gold_gain":0,"player_choice":"Entered Light","damage_taken":15,"max_hp_gain":0,"max_hp_loss":0,"event_name":"Shining Light","floor":20,"gold_loss":0,"cards_upgraded":["hierophant:RecallFunds","hierophant:Kindle"]},{"damage_healed":0,"gold_gain":0,"player_choice":"Entered Light","damage_taken":15,"max_hp_gain":0,"max_hp_loss":0,"event_name":"Shining Light","floor":20,"gold_loss":0,"cards_upgraded":["hierophant:LocustPlague","hierophant:Doubloon"]},{"damage_healed":0,"gold_gain":0,"player_choice":"Read","damage_taken":0,"max_hp_gain":0,"max_hp_loss":0,"event_name":"The Library","floor":21,"gold_loss":0,"cards_obtained":["hierophant:Glossolalia"]},{"damage_healed":0,"gold_gain":0,"player_choice":"Got Potions","damage_taken":0,"max_hp_gain":0,"max_hp_loss":0,"event_name":"Lab","floor":27,"gold_loss":0},{"damage_healed":0,"gold_gain":0,"player_choice":"Obtained Relic","damage_taken":0,"relics_obtained":["DemoMod:PinkGuonStone"],"max_hp_gain":0,"max_hp_loss":0,"event_name":"Addict","floor":31,"gold_loss":85},{"cards_removed":["hierophant:Kindle"],"damage_healed":0,"gold_gain":0,"player_choice":"Removed Skill","damage_taken":0,"max_hp_gain":0,"max_hp_loss":0,"event_name":"Falling","floor":36,"gold_loss":0},{"damage_healed":0,"gold_gain":0,"player_choice":"Paid Gold","damage_taken":0,"relics_obtained":["Mercury Hourglass"],"max_hp_gain":0,"max_hp_loss":0,"event_name":"WeMeetAgain","floor":37,"gold_loss":83},{"damage_healed":0,"gold_gain":0,"player_choice":"Memory 3","damage_taken":10,"max_hp_gain":0,"max_hp_loss":0,"event_name":"SensoryStone","floor":39,"gold_loss":0},{"damage_healed":0,"gold_gain":0,"player_choice":"Entered Light","damage_taken":19,"max_hp_gain":0,"max_hp_loss":0,"event_name":"Shining Light","floor":42,"gold_loss":0,"cards_upgraded":["hierophant:LocustPlague","hierophant:Levitation"]},{"damage_healed":0,"gold_gain":0,"player_choice":"Entered Light","damage_taken":19,"max_hp_gain":0,"max_hp_loss":0,"event_name":"Shining Light","floor":42,"gold_loss":0,"cards_upgraded":["Bandage Up","hierophant:Doubloon"]},{"damage_healed":0,"gold_gain":0,"player_choice":"Entered Light","damage_taken":19,"max_hp_gain":0,"max_hp_loss":0,"event_name":"Shining Light","floor":42,"gold_loss":0,"cards_upgraded":["Master of Strategy","Master of Strategy"]},{"damage_healed":0,"gold_gain":0,"player_choice":"Entered Light","damage_taken":19,"max_hp_gain":0,"max_hp_loss":0,"event_name":"Shining Light","floor":42,"gold_loss":0,"cards_upgraded":["hierophant:Levitation"]},{"damage_healed":0,"gold_gain":0,"player_choice":"Ignored","damage_taken":0,"max_hp_gain":0,"max_hp_loss":0,"event_name":"Tomb of Lord Red Mask","floor":44,"gold_loss":0},{"damage_healed":0,"gold_gain":0,"player_choice":"Entered Light","damage_taken":21,"max_hp_gain":0,"max_hp_loss":0,"event_name":"Shining Light","floor":49,"gold_loss":0,"cards_upgraded":["hierophant:Levitation"]}],"is_beta":false,"boss_relics":[{"not_picked":["DemoMod:WaxWing","Runic Pyramid"],"picked":"Black Star"},{"not_picked":["Pandora\u0027s Box","Tiny House"],"picked":"Philosopher\u0027s Stone"}],"items_purged_floors":[3,5,20,38,47,53],"is_endless":false,"potions_floor_spawned":[8,16,18,33,46],"ascension_level":1}}