{"host":"5ezk7t18wcb10u1o","time":1608710810,"event":{"mods":["BaseMod","Bestiary","Colored Powertips","Minty Spire (QoL Compilation)","Relic Sorter"],"gold_per_floor":[111,128,143,155,166,166,199,299,299,299,313,313,238,266,266,339,339,352,384,384,18,38,38,69,69,69,69,69,69,89,117,117,191,191,206,217,231,231,231],"floor_reached":38,"playtime":2254,"items_purged":["Strike_B","Strike_B"],"score":831,"play_id":"18b0cc8b-b6d3-4146-927b-d9d998bfad49","local_time":"20201223080650","is_ascension_mode":true,"campfire_choices":[{"data":"Streamline","floor":6.0,"key":"SMITH"},{"floor":10.0,"key":"REST"},{"floor":12.0,"key":"REST"},{"data":"Buffer","floor":15.0,"key":"SMITH"},{"floor":23.0,"key":"REST"},{"floor":25.0,"key":"REST"},{"floor":32,"key":"REST"}],"circlet_count":0,"master_deck":["AscendersBane","Defend_B","Defend_B","Zap","Dualcast","Streamline+1","Coolheaded","Hologram","Electrodynamics","Sweeping Beam+1","Sweeping Beam+1","Conserve Battery","Buffer+1","Echo Form","Go for the Eyes+1","Conserve Battery","Go for the Eyes+1","Steam","Steam+1","Ball Lightning+1","Bite+1","Bite+1","Bite+1","Bite+1","Bite+1","Doom and Gloom+1","Conserve Battery+1","Coolheaded+1","Cold Snap+1"],"relics":["Cracked Core","Molten Egg 2","Prayer Wheel","Bottled Flame","Fusion Hammer","Red Mask","Meat on the Bone","Ginger","Singing Bowl","Strawberry","Empty Cage"],"acts_visited":["Exordium","TheCity","TheBeyond"],"potions_floor_usage":[31,31],"damage_taken":[{"damage":2.0,"enemies":"2 Louse","floor":1.0,"turns":3.0},{"damage":1.0,"enemies":"Cultist","floor":2.0,"turns":3.0},{"damage":9.0,"enemies":"Jaw Worm","floor":3.0,"turns":3.0},{"damage":0.0,"enemies":"2 Fungi Beasts","floor":4.0,"turns":2.0},{"damage":2.0,"enemies":"3 Louse","floor":5.0,"turns":4.0},{"damage":32.0,"enemies":"Gremlin Nob","floor":7.0,"turns":4.0},{"damage":4.0,"enemies":"Looter","floor":11.0,"turns":3.0},{"damage":15.0,"enemies":"3 Sentries","floor":14.0,"turns":3.0},{"damage":18.0,"enemies":"Slime Boss","floor":16.0,"turns":6.0},{"damage":25.0,"enemies":"3 Byrds","floor":18.0,"turns":4.0},{"damage":16.0,"enemies":"Masked Bandits","floor":19.0,"turns":4.0},{"damage":11.0,"enemies":"Spheric Guardian","floor":22.0,"turns":4.0},{"damage":33.0,"enemies":"Book of Stabbing","floor":24.0,"turns":7.0},{"damage":0,"enemies":"Chosen and Byrds","floor":30,"turns":5},{"damage":15,"enemies":"Slavers","floor":31,"turns":3},{"damage":58,"enemies":"Automaton","floor":33,"turns":10},{"damage":15,"enemies":"Orb Walker","floor":35,"turns":3},{"damage":34,"enemies":"3 Darklings","floor":36,"turns":5},{"damage":31,"enemies":"Sphere and 2 Shapes","floor":37,"turns":7},{"damage":42,"enemies":"Jaw Worm Horde","floor":38,"turns":3}],"seed_played":"-6994424348645385481","potions_obtained":[{"floor":2.0,"key":"SkillPotion"},{"floor":11.0,"key":"PowerPotion"},{"floor":24.0,"key":"LiquidMemories"},{"floor":30,"key":"EssenceOfDarkness"},{"floor":36,"key":"Ancient Potion"}],"is_trial":false,"path_per_floor":["M","M","M","M","M","R","E","?","T","R","M","R","$","E","R","B",null,"M","?","?","$","M","R","E","R","T","?","?","?","M","E","R","B",null,"M","M","M","M"],"character_chosen":"DEFECT","items_purchased":["Meat on the Bone"],"campfire_rested":5,"item_purchase_floors":[21],"current_hp_per_floor":[62,61,52,52,50,50,18,18,18,39,35,56,56,41,41,23,59,34,18,32,32,33,54,33,54,54,54,49,49,53,48,60,37,56,55,36,27,0,0],"gold":231,"neow_bonus":"REMOVE_CARD","is_daily":false,"chose_seed":false,"campfire_upgraded":2,"win_rate":0.0,"timestamp":1608710810,"path_taken":["M","M","M","M","M","R","E","?","T","R","M","R","?","E","R","BOSS","M","?","?","$","M","R","E","R","T","?","?","?","M","E","R","BOSS","M","M","M","M"],"items_purchased_type":["Relic"],"build_version":"2020-12-22","purchased_purges":2,"victory":false,"max_hp_per_floor":[71,71,71,71,71,71,71,71,71,71,71,71,71,71,71,71,71,71,71,71,71,71,71,71,71,71,71,49,49,53,60,60,62,62,64,64,68,68,68],"card_choices":[{"not_picked":["Hologram","Compile Driver"],"picked":"Sweeping Beam","floor":1.0},{"not_picked":["Coolheaded","Sweeping Beam"],"picked":"Streamline","floor":2.0},{"not_picked":["Reprogram","Turbo"],"picked":"Coolheaded","floor":3.0},{"not_picked":["Barrage","Steam"],"picked":"Hologram","floor":4.0},{"not_picked":["Conserve Battery","Gash"],"picked":"Electrodynamics","floor":5.0},{"not_picked":["Undo","Streamline+1"],"picked":"Sweeping Beam+1","floor":7.0},{"not_picked":["Doom and Gloom+1","Darkness"],"picked":"Sweeping Beam+1","floor":11.0},{"not_picked":["Redo","Self Repair"],"picked":"Conserve Battery","floor":11.0},{"not_picked":["Coolheaded","Hologram"],"picked":"Buffer","floor":14.0},{"not_picked":["Thunder Strike+1","Biased Cognition"],"picked":"Echo Form","floor":16.0},{"not_picked":["Melter+1","Cold Snap+1"],"picked":"Go for the Eyes+1","floor":18.0},{"not_picked":["Hologram","Gash+1","Conserve Battery"],"picked":"SKIP","floor":18.0},{"not_picked":["Hologram","Gash+1"],"picked":"Conserve Battery","floor":18.0},{"not_picked":["Barrage+1","Redo"],"picked":"Go for the Eyes+1","floor":19.0},{"not_picked":["Redo","Capacitor"],"picked":"Steam","floor":22.0},{"not_picked":["Recycle","Turbo"],"picked":"Steam+1","floor":22.0},{"not_picked":["Force Field","Rebound+1"],"picked":"Ball Lightning+1","floor":24.0},{"not_picked":["White Noise","Redo","Glacier"],"picked":"Singing Bowl","floor":30},{"not_picked":["Barrage+1","Redo","Buffer"],"picked":"Singing Bowl","floor":30},{"not_picked":["Compile Driver+1","BootSequence"],"picked":"Doom and Gloom+1","floor":31},{"not_picked":["Echo Form","Thunder Strike+1","Buffer"],"picked":"Singing Bowl","floor":33},{"not_picked":["Rebound+1","Stack"],"picked":"Conserve Battery+1","floor":35},{"not_picked":["Gash+1","Compile Driver+1","Coolheaded+1"],"picked":"Singing Bowl","floor":35},{"not_picked":["Rebound+1","Electrodynamics"],"picked":"Coolheaded+1","floor":36},{"not_picked":["Hologram+1","Ball Lightning+1"],"picked":"Cold Snap+1","floor":36},{"not_picked":["Conserve Battery","Ball Lightning+1","Cold Snap+1"],"picked":"Singing Bowl","floor":37},{"not_picked":["Sweeping Beam+1","Barrage+1","Ball Lightning+1"],"picked":"Singing Bowl","floor":37}],"player_experience":1059908,"relics_obtained":[{"floor":7.0,"key":"Molten Egg 2"},{"floor":9.0,"key":"Prayer Wheel"},{"floor":14.0,"key":"Bottled Flame"},{"floor":19.0,"key":"Red Mask"},{"floor":24.0,"key":"Ginger"},{"floor":26.0,"key":"Singing Bowl"},{"floor":31,"key":"Strawberry"}],"event_choices":[{"damage_healed":0.0,"max_hp_gain":0.0,"max_hp_loss":0.0,"gold_gain":100.0,"event_name":"Wheel of Change","player_choice":"Gold","floor":8.0,"gold_loss":0.0,"damage_taken":0.0},{"damage_healed":0.0,"max_hp_gain":0.0,"max_hp_loss":0.0,"gold_gain":0.0,"event_name":"Masked Bandits","player_choice":"Fought Bandits","floor":19.0,"gold_loss":0.0,"damage_taken":0.0},{"damage_healed":14.0,"max_hp_gain":0.0,"max_hp_loss":0.0,"gold_gain":0.0,"event_name":"The Library","player_choice":"Heal","floor":20.0,"gold_loss":0.0,"damage_taken":0.0},{"damage_healed":0.0,"max_hp_gain":0.0,"max_hp_loss":0.0,"gold_gain":0.0,"event_name":"Ghosts","player_choice":"Ignored","floor":27.0,"gold_loss":0.0,"damage_taken":0.0},{"damage_healed":0.0,"max_hp_gain":0.0,"max_hp_loss":22.0,"gold_gain":0.0,"event_name":"Vampires","player_choice":"Became a vampire","floor":28.0,"gold_loss":0.0,"damage_taken":0.0,"cards_obtained":["Bite","Bite","Bite","Bite","Bite"]}],"is_beta":false,"boss_relics":[{"not_picked":["Astrolabe","Calling Bell"],"picked":"Fusion Hammer"},{"not_picked":["Philosopher\u0027s Stone","Sozu"],"picked":"Empty Cage"}],"items_purged_floors":[13,21],"is_endless":false,"potions_floor_spawned":[2,11,24,30,36],"killed_by":"Jaw Worm Horde","ascension_level":18}}