{"host":"kiah4uoohy01p0hv","time":1608703315,"event":{"mods":["AchievementEnabler","Aspiration","BaseMod","BetterRewards","CCEM","Clawfect","Colored Map","Colored Powertips","Conspire","Highlight Path","Hubris","Infinite Spire","Minty Spire (QoL Compilation)","Permanent Neow","Replay The Spire","Spicy Shops","Spikes Relics","StSLib"],"gold_per_floor":[112,35,35,35,35,35,47,47,72,72,103,103,103,114,114,215,215,233,244,244,262,597,632,632,646,646,661,220,248,258,276,276,371,371,387,387,398,398,417,417,417,432,432,432,109,109,125,143,143,244,244,248,248,197,197,199,199,209,209,209,199,199,50,45,57,57,131,131,74,74,74,81,81,91,91,87,158,158,33,33,33,33,131,208,208,209,209,209,209,209,222,71,71,71,69,69,69,19,51,51,133,133,133,133],"floor_reached":103,"playtime":8582,"items_purged":["Clawfect:ClawpileDriver","ReplayTheSpireMod:Dual Polarity","Clawfect:Clawline+1"],"score":2294,"play_id":"12e4195c-be4a-4bb7-a4f7-ab17bc8eaf13","local_time":"20201223160155","is_ascension_mode":false,"campfire_choices":[{"data":"infinitespire:NeuralNetwork","floor":6.0,"key":"SMITH"},{"data":"Gash","floor":8.0,"key":"SMITH"},{"data":"Gash","floor":10.0,"key":"SMITH"},{"floor":15.0,"key":"REST"},{"data":"Invigoration","floor":24.0,"key":"SMITH"},{"floor":32.0,"key":"REST"},{"data":"Replay:Fractal Strike","floor":40.0,"key":"SMITH"},{"data":"Rage","floor":46.0,"key":"SMITH"},{"floor":49.0,"key":"REST"},{"data":"ReplayTheSpireMod:Strike From Hell","floor":57.0,"key":"SMITH"},{"floor":59.0,"key":"REST"},{"floor":66.0,"key":"REST"},{"data":"ReplayTheSpireMod:Chaos Vortex","floor":78.0,"key":"SMITH"},{"data":"ReplayGash","floor":81.0,"key":"SMITH"},{"data":"infinitespire:Execution","floor":96.0,"key":"SMITH"},{"data":"Dark Embrace","floor":100.0,"key":"SMITH"}],"circlet_count":0,"master_deck":["Gash+1","Gash+1","Gash+1","Gash+1","Gash+1","Defend_B+1","Defend_B+1","Defend_B+1","Defend_B+1","Gash+1","infinitespire:NeuralNetwork+1","ReplayTheSpireMod:Strike From Hell+1","Rage+1","ReplayGash+1","Invigoration+1","hubris:ReadiedAction","Clawfect:ScrapingClaw+1","Clawfect:ClawForTheEyes","Quick Slash+1","Replay:Cycle","Replay:Fractal Strike+1","Dramatic Entrance","Shockwave+1","Replay:Hum+1","Clawfect:Clawter","Clawfect:ClawAndTear+1","Clawfect:ClawAndTear+1","Clawfect:ClawingBeam","Panacea+1","Envenom+1","Clawfect:ClawSnap","Finisher","Clawfect:ClawAndTear","Endless Agony","Phantasmal Killer+1","Replay:Undeath\u0027s Touch","Reprogram","Panache+1","ReplayTheSpireMod:Chaos Vortex+1","Prepared+1","Evaluate","Replay:Cycle","Dark Embrace+1","Sadistic Nature+1","infinitespire:Execution+1","infinitespire:SealOfDarkness+","Iron Wave","infinitespire:Starlight","ReplayTheSpireMod:Strike From Hell+1","conspire:SpireCoStock"],"relics":["Clawfect:DRClaw","aspiration:Nostalgia","Replay:M_SmolderingBlood","PrismaticShard","hubris:Towel","Replay:Baseball","BrokenLever","infinitespire:Golems Mask","Honey Jar","Old Coin","hubris:Spice","Regal Pillow","Replay:Bottled Eggs","conspire:DeflatedDodgeball","War Paint","Sozu","Ring of Shattering","ReplayTheSpireMod:Ring of Exchange","Golden Egg","aspiration:FrozenJewel","hubris:Icosahedron","hubris:AstralHammer","Ornamental Fan","hubris:Reverence","CCEMRelics:PorcelainBowl","Juzu Bracelet","Red Mask","Singing Bowl","hubris:Metronome","Tiny Chest","infinitespire:Cupcake"],"acts_visited":["Exordium","TheCity","TheBeyond","TheCity","TheBeyond"],"potions_floor_usage":[],"damage_taken":[{"damage":1.0,"enemies":"Cultist","floor":1.0,"turns":4.0},{"damage":4.0,"enemies":"conspire:RoseBush","floor":7.0,"turns":3.0},{"damage":16.0,"enemies":"Gremlin Nob","floor":11.0,"turns":4.0},{"damage":0.0,"enemies":"2 Louse","floor":14.0,"turns":3.0},{"damage":0.0,"enemies":"Fading Forest","floor":16.0,"turns":10.0},{"damage":0.0,"enemies":"Spheric Guardian","floor":18.0,"turns":3.0},{"damage":3.0,"enemies":"Shell Parasite","floor":19.0,"turns":3.0},{"damage":11.0,"enemies":"Centurion and Healer","floor":21.0,"turns":4.0},{"damage":0.0,"enemies":"conspire:MimicChest","floor":22.0,"turns":5.0},{"damage":12.0,"enemies":"Nightmare","floor":23.0,"turns":5.0},{"damage":0.0,"enemies":"Sentry and Sphere","floor":25.0,"turns":3.0},{"damage":2.0,"enemies":"3 Cultists","floor":27.0,"turns":4.0},{"damage":0.0,"enemies":"Replay:Snechameleon","floor":29.0,"turns":5.0},{"damage":13.0,"enemies":"Shelled Parasite and Fungi","floor":30.0,"turns":4.0},{"damage":0.0,"enemies":"Cultist and Chosen","floor":31.0,"turns":3.0},{"damage":0.0,"enemies":"Champ","floor":33.0,"turns":5.0},{"damage":0.0,"enemies":"3 Shapes","floor":35.0,"turns":2.0},{"damage":0.0,"enemies":"Orb Walker","floor":37.0,"turns":1.0},{"damage":0.0,"enemies":"Jaw Worm Horde","floor":39.0,"turns":3.0},{"damage":17.0,"enemies":"Maw","floor":42.0,"turns":4.0},{"damage":10.0,"enemies":"4 Shapes","floor":47.0,"turns":4.0},{"damage":9.0,"enemies":"Sphere and 2 Shapes","floor":48.0,"turns":3.0},{"damage":29.0,"enemies":"conspire:OrnateMirror","floor":50.0,"turns":4.0},{"damage":13.0,"enemies":"Jaw Worm","floor":52.0,"turns":2.0},{"damage":0.0,"enemies":"Cultist","floor":54.0,"turns":3.0},{"damage":7.0,"enemies":"Small Slimes","floor":56.0,"turns":2.0},{"damage":16.0,"enemies":"3 Sentries","floor":58.0,"turns":3.0},{"damage":40.0,"enemies":"Nightmare","floor":61.0,"turns":6.0},{"damage":1.0,"enemies":"Exordium Thugs","floor":64.0,"turns":3.0},{"damage":0.0,"enemies":"Exordium Wildlife","floor":65.0,"turns":1.0},{"damage":0.0,"enemies":"Fading Forest","floor":67.0,"turns":2.0},{"damage":0.0,"enemies":"Chosen","floor":69.0,"turns":2.0},{"damage":0.0,"enemies":"3 Byrds","floor":71.0,"turns":1.0},{"damage":20.0,"enemies":"Masked Bandits","floor":72.0,"turns":2.0},{"damage":0.0,"enemies":"Centurion and Healer","floor":73.0,"turns":1.0},{"damage":0.0,"enemies":"conspire:SneckoGhost","floor":74.0,"turns":1.0},{"damage":2.0,"enemies":"Snake Plant","floor":76.0,"turns":2.0},{"damage":0.0,"enemies":"conspire:MysteriousRune","floor":84.0,"turns":2.0},{"damage":0.0,"enemies":"3 Darklings","floor":86.0,"turns":1.0},{"damage":0.0,"enemies":"Nightmare","floor":91.0,"turns":1.0},{"damage":0.0,"enemies":"Orb Walker","floor":95.0,"turns":3.0},{"damage":0.0,"enemies":"R_Hoarder","floor":99.0,"turns":1.0},{"damage":4.0,"enemies":"Awakened One","floor":101.0,"turns":3.0},{"damage":40,"enemies":"Jaw Worm","floor":103,"turns":3}],"seed_played":"-4955478165920270381","potions_obtained":[{"floor":11.0,"key":"SmokeBomb"},{"floor":16.0,"key":"SkillPotion"},{"floor":19.0,"key":"Flashbang"},{"floor":22.0,"key":"ColorlessPotion"},{"floor":25.0,"key":"Toxic Potion"},{"floor":30.0,"key":"Weak Potion"},{"floor":31.0,"key":"Block Potion"},{"floor":33.0,"key":"ColorlessPotion"}],"is_trial":false,"path_per_floor":["M","$","?","?","$","R","M","R","T","R","E","?","?","M","R","B",null,"M","M","AVR","M","?","NM","R","M","T","M","$","E","M","M","R","B",null,"M","AVR","M","?","M","R","?","M","T","?","$","R","M","M","R","B",null,"M","?","M","?","M","R","E","R","T","NM","AVR","$","M","M","R","B",null,"M","AVR","M","?","M","E","?","M","T","R","$","?","R","$","R_BF","B",null,"M","?","?","AVR","?","NM","$","?","T","M","R","?","?","E","R","B",null,"M"],"character_chosen":"DEFECT","items_purchased":["PrismaticShard","Replay:Bottled Eggs","conspire:DeflatedDodgeball","Clawfect:Clawline","Clawfect:ClawAndTear","aspiration:FrozenJewel","Juzu Bracelet","Tiny Chest"],"campfire_rested":5,"item_purchase_floors":[2,28,28,45,45,45,63,92],"current_hp_per_floor":[74,74,55,55,55,55,51,51,51,51,35,35,28,28,50,60,75,75,72,72,61,61,57,57,57,57,55,55,55,42,42,81,81,83,83,83,83,83,83,83,83,66,66,66,66,66,56,47,83,54,91,78,78,78,78,71,71,55,91,91,51,51,51,50,50,91,91,83,83,83,83,63,63,59,51,43,35,35,35,35,35,35,35,35,27,27,27,27,27,27,29,29,29,29,31,31,31,31,33,33,31,35,0,0],"gold":133,"neow_bonus":"NOSTALGIA","is_daily":false,"chose_seed":false,"campfire_upgraded":11,"win_rate":0.0,"timestamp":1608703315,"path_taken":["M","?","?","?","?","R","M","R","T","R","E","?","?","?","R","BOSS","M","M","AVR","M","?","NM","R","M","T","M","$","E","?","?","R","BOSS","M","AVR","M","?","M","R","?","M","T","?","$","R","M","?","R","BOSS","M","?","M","?","?","R","E","R","T","NM","AVR","?","M","M","R","BOSS","M","AVR","M","?","M","E","?","M","T","R","?","?","R","$","R_BF","BOSS","M","?","?","AVR","?","NM","$","?","T","M","R","?","?","E","R","BOSS","M"],"items_purchased_type":["Relic","Relic","Relic","Card","Card","Relic","Relic","Relic"],"build_version":"2020-12-22","purchased_purges":3,"victory":false,"max_hp_per_floor":[75,75,75,75,75,75,75,75,75,75,75,75,75,75,75,75,75,75,75,75,75,75,83,83,83,83,83,83,83,83,83,83,83,83,83,83,83,83,83,83,83,83,83,83,83,83,83,83,83,83,91,91,91,91,91,91,91,91,91,91,91,91,91,91,91,91,91,83,83,83,83,75,67,59,51,43,35,35,35,35,35,35,35,35,27,27,27,27,27,27,29,29,29,29,31,31,31,31,33,33,35,35,35,35],"card_choices":[{"not_picked":["FlyingSleeves","Tantrum"],"picked":"Gash","floor":1.0},{"not_picked":["hubris:Rewind","infinitespire:DeathsTouch"],"picked":"infinitespire:NeuralNetwork","floor":3.0},{"not_picked":["Infinite Blades","Sneak Up","Well Laid Plans"],"picked":"SKIP","floor":7.0},{"not_picked":["EmptyBody","Poisoned Stab","Slice"],"picked":"SKIP","floor":11.0},{"not_picked":["JustLucky","Adaptation","Replay:Sssssssssshield"],"picked":"SKIP","floor":14.0},{"not_picked":["Degenerate","Run Through","Body Slam"],"picked":"ReplayTheSpireMod:Strike From Hell","floor":18.0},{"not_picked":["Rebound","Degenerate+1","Cleave"],"picked":"Rage","floor":19.0},{"not_picked":["Sword Boomerang","EmptyFist","PathToVictory"],"picked":"Clawfect:ClawpileDriver","floor":21.0},{"not_picked":["Secret Weapon","ReplayTheSpireMod:LeadingStrike","ReplayTheSpireMod:System Scan+1"],"picked":"ReplayGash","floor":22.0},{"not_picked":["Prostrate+1","Defragment","Wild Strike"],"picked":"Invigoration","floor":23.0},{"not_picked":["Fire Breathing+1","PanicButton+1","Deflect+1"],"picked":"hubris:ReadiedAction","floor":25.0},{"not_picked":["Pommel Strike","WreathOfFlame+1","Absolvement"],"picked":"Clawfect:ScrapingClaw+1","floor":27.0},{"not_picked":["hubris:ReadiedAction","hubris:SlightOfHand+1","Flash of Steel"],"picked":"Clawfect:ClawForTheEyes","floor":29.0},{"not_picked":["aspiration:Lunge","Reckless Charge+1","EmptyFist"],"picked":"Quick Slash+1","floor":30.0},{"not_picked":["Clawfect:ClawpileDriver+1","Tactician+1","Halt"],"picked":"Replay:Cycle","floor":31.0},{"not_picked":["Unload","Offering","Bludgeon"],"picked":"Judgement","floor":33.0},{"not_picked":["Steam","Bane+1","Underhanded Strike"],"picked":"ReplayTheSpireMod:Dual Polarity","floor":35.0},{"not_picked":["Bullet Time","Poisoned Stab+1","Pace"],"picked":"Dramatic Entrance","floor":37.0},{"not_picked":["Lockon+1","Iron Wave","ReplayTheSpireMod:Shiv Toss+1"],"picked":"Shockwave+1","floor":39.0},{"not_picked":["Replay:Undeath\u0027s Touch+1","Heavy Blade+1","ReplayTheSpireMod:Repulse"],"picked":"Replay:Hum+1","floor":42.0},{"not_picked":["Finisher","Consecrate+1","Replay:BluntJabs+1"],"picked":"Clawfect:ClawingBeam","floor":47.0},{"not_picked":["Turbo","Masterful Stab","Replay:BasicMightCard+1"],"picked":"Panacea+1","floor":48.0},{"not_picked":["Feint","hubris:StunningStrike","Metamorphosis"],"picked":"Envenom","floor":50.0},{"not_picked":["Conserve Battery","Degenerate","CutThroughFate"],"picked":"Clawfect:ClawSnap","floor":52.0},{"not_picked":["Coolheaded","Warcry","EmptyFist"],"picked":"Finisher","floor":54.0},{"not_picked":["Armaments","Thunderclap","Coolheaded"],"picked":"Clawfect:ClawAndTear","floor":56.0},{"not_picked":["Protect","Malaise","Fasting2"],"picked":"Endless Agony","floor":58.0},{"not_picked":["CutThroughFate","Nirvana","Bouncing Flask"],"picked":"Phantasmal Killer","floor":61.0},{"not_picked":["Backflip","Turbo","Venomology"],"picked":"Replay:Undeath\u0027s Touch","floor":64.0},{"not_picked":["Hidden Blade","Halt","Intimidate"],"picked":"Reprogram","floor":65.0},{"not_picked":["Blasphemy","Replay:Dark Deal","Exhume"],"picked":"Panache","floor":67.0},{"not_picked":["infinitespire:UltimateForm","infinitespire:Fortify"],"picked":"ReplayTheSpireMod:Chaos Vortex","floor":68.0},{"not_picked":["Clothesline+1","Defragment","hubris:ReadiedAction"],"picked":"Prepared+1","floor":69.0},{"not_picked":["Redo","Havoc","Run Through"],"picked":"Evaluate","floor":71.0},{"not_picked":["hubris:SlightOfHand","Protect","conspire:HitWhereItHurts"],"picked":"hubris:SpiceAddiction","floor":72.0},{"not_picked":["Clawfect:Clawrage+1","PathToVictory+1","Anger+1"],"picked":"hubris:SpiceAddiction","floor":73.0},{"not_picked":["ReplaySort","Warcry","Weave+1"],"picked":"Replay:Cycle","floor":74.0},{"not_picked":["Halt","Reflex","Backflip"],"picked":"hubris:SpiceAddiction","floor":76.0},{"not_picked":["ReplayTheSpireMod:Necrosis","Doppelganger","Replay:Many Hands"],"picked":"Burst","floor":84.0},{"not_picked":["Replay:Bootleg Shield Generator+1","FIFO Queue+1","Quick Slash+1"],"picked":"Dark Embrace","floor":86.0},{"not_picked":["Good Instincts","Feint","Replay:Sssssssssstrike"],"picked":"Sadistic Nature","floor":88.0},{"not_picked":["ReplayTheSpireMod:Haul","infinitespire:Oblivion"],"picked":"infinitespire:Starlight","floor":91.0},{"not_picked":["conspire:DoublingDagger","hubris:SpiceAddiction","hubris:SpiceAddiction","ReplayTheSpireMod:Uncanny Aura+1"],"picked":"Singing Bowl","floor":91.0},{"not_picked":["Shockwave","hubris:SlightOfHand+1","Caltrops+1","Time Bomb"],"picked":"Singing Bowl","floor":95.0},{"not_picked":["Clawfect:ScrapingClaw+1","Clawfect:Clawline","Dodge and Roll+1","Clawfect:ClawLightning+1"],"picked":"Singing Bowl","floor":99.0},{"not_picked":["Midas Touch","Secret Technique","ReplayTheSpireMod:Necrogeddon","Replay:LoomingThreat"],"picked":"Singing Bowl","floor":101.0}],"player_experience":199542,"relics_obtained":[{"floor":9.0,"key":"Replay:Baseball"},{"floor":11.0,"key":"BrokenLever"},{"floor":22.0,"key":"Old Coin"},{"floor":23.0,"key":"hubris:Spice"},{"floor":26.0,"key":"Regal Pillow"},{"floor":29.0,"key":"War Paint"},{"floor":38.0,"key":"Ring of Shattering"},{"floor":38.0,"key":"ReplayTheSpireMod:Ring of Exchange"},{"floor":43.0,"key":"Golden Egg"},{"floor":58.0,"key":"Ornamental Fan"},{"floor":60.0,"key":"hubris:Reverence"},{"floor":61.0,"key":"CCEMRelics:PorcelainBowl"},{"floor":72.0,"key":"Red Mask"},{"floor":74.0,"key":"hubris:Spice"},{"floor":77.0,"key":"hubris:Spice"},{"floor":91.0,"key":"hubris:Metronome"}],"event_choices":[{"damage_healed":0.0,"max_hp_gain":0.0,"max_hp_loss":0.0,"gold_gain":0.0,"event_name":"Scrap Ooze","player_choice":"Success","floor":13.0,"gold_loss":0.0,"damage_taken":7.0,"relics_obtained":["infinitespire:Golems Mask"]},{"cards_removed":["Judgement"],"damage_healed":0.0,"max_hp_gain":0.0,"max_hp_loss":0.0,"gold_gain":0.0,"event_name":"Falling","player_choice":"Removed Skill","floor":41.0,"gold_loss":0.0,"damage_taken":0.0},{"damage_healed":0.0,"max_hp_gain":0.0,"max_hp_loss":0.0,"gold_gain":0.0,"event_name":"WeMeetAgain","player_choice":"Gave Potion","floor":55.0,"gold_loss":0.0,"damage_taken":0.0,"relics_obtained":["hubris:AstralHammer"]},{"damage_healed":0.0,"max_hp_gain":0.0,"max_hp_loss":0.0,"gold_gain":0.0,"event_name":"Masked Bandits","player_choice":"Fought Bandits","floor":72.0,"gold_loss":0.0,"damage_taken":0.0},{"damage_healed":0.0,"max_hp_gain":0.0,"max_hp_loss":0.0,"gold_gain":0.0,"event_name":"The Mausoleum","player_choice":"Opened","floor":75.0,"gold_loss":0.0,"damage_taken":0.0,"relics_obtained":["hubris:Spice"]},{"damage_healed":0.0,"max_hp_gain":0.0,"max_hp_loss":0.0,"gold_gain":0.0,"event_name":"Back to Basics","player_choice":"Simplicity","floor":80.0,"gold_loss":0.0,"damage_taken":0.0,"cards_upgraded":["Defend_B","Defend_B","Defend_B"]},{"cards_removed":["Defend_B"],"damage_healed":0.0,"max_hp_gain":0.0,"max_hp_loss":0.0,"gold_gain":0.0,"event_name":"Falling","player_choice":"Removed Skill","floor":87.0,"gold_loss":0.0,"damage_taken":0.0},{"damage_healed":0.0,"max_hp_gain":0.0,"max_hp_loss":0.0,"gold_gain":0.0,"event_name":"SensoryStone","player_choice":"Memory 1","floor":88.0,"gold_loss":0.0,"damage_taken":0.0},{"cards_removed":["Burst"],"damage_healed":0.0,"max_hp_gain":0.0,"max_hp_loss":0.0,"gold_gain":0.0,"event_name":"NoteForYourself","player_choice":"Took Card","floor":90.0,"gold_loss":0.0,"damage_taken":0.0,"cards_obtained":["Iron Wave"]},{"damage_healed":0.0,"max_hp_gain":0.0,"max_hp_loss":0.0,"gold_gain":0.0,"event_name":"Duplicator","player_choice":"Copied","floor":97.0,"gold_loss":0.0,"damage_taken":0.0,"cards_obtained":["ReplayTheSpireMod:Strike From Hell"]},{"damage_healed":0.0,"max_hp_gain":0.0,"max_hp_loss":0.0,"gold_gain":0.0,"event_name":"conspire:Investor","player_choice":"Invest 1","floor":98.0,"gold_loss":0.0,"damage_taken":0.0}],"is_beta":false,"boss_relics":[{"not_picked":["ReplayTheSpireMod:DimensionalGlitch","hubris:ScarierMask"],"picked":"Honey Jar"},{"not_picked":["hubris:Spice","hubris:BlackHole"],"picked":"Sozu"},{"not_picked":["hubris:Spice","hubris:Spice"],"picked":"hubris:Spice"},{"not_picked":["Runic Dome","Busted Crown"],"picked":"hubris:Spice"},{"not_picked":["Velvet Choker","Pandora\u0027s Box"],"picked":"hubris:Spice"},{"not_picked":["hubris:Stopwatch","hubris:Spice"],"picked":"infinitespire:Cupcake"}],"items_purged_floors":[28,45,79],"is_endless":true,"potions_floor_spawned":[11,16,19,22,25,30,31,33,35,37,47,48,50,56,61,67,71,72,73,76,86,99,101],"killed_by":"Jaw Worm","ascension_level":0}}