{"host":"6qo42zgaknezulyg","time":1608724854,"event":{"mods":["2.2 Compatiblity","BaseMod","Colored Map","Highlight Path","Keyboard Shortcuts","Minty Spire (QoL Compilation)","Permanent Neow","Quick Restart","StSLib","SuperFastMode","The Runesmith"],"gold_per_floor":[15,25,39,51,51,84,100,100,170,120,120,7,21,52,52,150,150,164,64,24,39,59,93,93,119,142,169,182,231,191,203,203,298,298,318,333,282,282,12,12,30,60,60,110,0,0,0,19,19,19],"floor_reached":51,"playtime":2423,"items_purged":["Runesmith:Defend_RS","Runesmith:HammerAndChisel","Runesmith:Defend_RS"],"score":1128,"play_id":"ed292728-c8b3-4eb1-a81e-54239c7277b5","local_time":"20201223210054","is_ascension_mode":true,"campfire_choices":[{"data":"Runesmith:Superposition","floor":8.0,"key":"SMITH"},{"data":"Runesmith:ReplicatingBarrier","floor":15.0,"key":"SMITH"},{"floor":24.0,"key":"REST"},{"floor":32.0,"key":"REST"},{"floor":40.0,"key":"REST"},{"floor":49,"key":"REST"}],"circlet_count":0,"master_deck":["Runesmith:Defend_RS","Runesmith:Defend_RS","Runesmith:CraftFirestone","Runesmith:Fortify","Runesmith:GoWithTheFlow+1","Runesmith:Superposition+1","Runesmith:Superposition+1","Runesmith:BackupBattery","Runesmith:ReplicatingBarrier+1","Runesmith:FrozenChisel","Runesmith:CraftIndustria+1","Runesmith:HeatedChisel+1","Runesmith:HammerAndChisel+1","Runesmith:Permafrost","Runesmith:ReplicatingBarrier","Runesmith:DoubleUp+1","Runesmith:Discharge+1","Flash of Steel","Runesmith:HeatedChisel+1"],"relics":["Runesmith:BrokenRuby","Runesmith:EmergencyProvisions","Bottled Flame","Turnip","Fusion Hammer","Runesmith:AutoHammer","Bottled Tornado","Regal Pillow","Unceasing Top","Ancient Tea Set","Cursed Key","Whetstone","Juzu Bracelet","StoneCalendar","Red Mask"],"acts_visited":["Exordium","TheCity","TheBeyond"],"potions_floor_usage":[50],"damage_taken":[{"damage":0.0,"enemies":"2 Louse","floor":1.0,"turns":4.0},{"damage":0.0,"enemies":"Cultist","floor":2.0,"turns":3.0},{"damage":0.0,"enemies":"Jaw Worm","floor":3.0,"turns":4.0},{"damage":3.0,"enemies":"2 Fungi Beasts","floor":4.0,"turns":4.0},{"damage":4.0,"enemies":"Lagavulin","floor":6.0,"turns":6.0},{"damage":8.0,"enemies":"Red Slaver","floor":7.0,"turns":2.0},{"damage":11.0,"enemies":"3 Louse","floor":13.0,"turns":4.0},{"damage":25.0,"enemies":"Gremlin Nob","floor":14.0,"turns":4.0},{"damage":0.0,"enemies":"Hexaghost","floor":16.0,"turns":8.0},{"damage":0.0,"enemies":"Spheric Guardian","floor":18.0,"turns":2.0},{"damage":5.0,"enemies":"2 Thieves","floor":21.0,"turns":3.0},{"damage":0.0,"enemies":"Snake Plant","floor":22.0,"turns":2.0},{"damage":16.0,"enemies":"Book of Stabbing","floor":23.0,"turns":5.0},{"damage":37.0,"enemies":"Slavers","floor":25.0,"turns":4.0},{"damage":16.0,"enemies":"Gremlin Leader","floor":27.0,"turns":5.0},{"damage":0.0,"enemies":"Centurion and Healer","floor":28.0,"turns":4.0},{"damage":18.0,"enemies":"Snecko","floor":31.0,"turns":3.0},{"damage":40.0,"enemies":"Collector","floor":33.0,"turns":10.0},{"damage":14.0,"enemies":"3 Darklings","floor":35.0,"turns":4.0},{"damage":2.0,"enemies":"3 Shapes","floor":36.0,"turns":5.0},{"damage":0.0,"enemies":"Jaw Worm Horde","floor":41.0,"turns":3.0},{"damage":10.0,"enemies":"Giant Head","floor":42.0,"turns":8.0},{"damage":0.0,"enemies":"Mind Bloom Boss Battle","floor":44.0,"turns":3.0},{"damage":1,"enemies":"Sphere and 2 Shapes","floor":48,"turns":5},{"damage":31,"enemies":"Awakened One","floor":50,"turns":9}],"seed_played":"-6313154705513377293","potions_obtained":[{"floor":1.0,"key":"AttackPotion"},{"floor":4.0,"key":"EntropicBrew"},{"floor":7.0,"key":"Block Potion"},{"floor":14.0,"key":"FairyPotion"},{"floor":20.0,"key":"FairyPotion"},{"floor":27.0,"key":"GamblersBrew"},{"floor":33.0,"key":"ColorlessPotion"},{"floor":41.0,"key":"DistilledChaos"}],"is_trial":false,"path_per_floor":["M","M","M","M","?","E","M","R","T","?","?","$","M","E","R","B",null,"M","$","?","M","M","E","R","E","T","E","M","T","?","M","R","B",null,"M","M","$","?","$","R","M","E","T","?","?","?","?","M","R","B",null],"character_chosen":"RUNESMITH_CLASS","items_purchased":["Runesmith:FrozenChisel","Dexterity Potion","Whetstone"],"campfire_rested":4,"item_purchase_floors":[12,37,39],"current_hp_per_floor":[63,63,63,60,65,61,53,53,53,53,53,53,42,17,17,17,61,61,61,61,56,56,40,62,25,25,9,9,9,9,22,59,19,61,47,45,45,45,45,75,75,65,65,65,65,65,65,64,75,44],"gold":19,"neow_bonus":"TRANSFORM_TWO_CARDS","is_daily":false,"chose_seed":false,"campfire_upgraded":2,"win_rate":0.0,"timestamp":1608724854,"path_taken":["M","M","M","M","?","E","M","R","T","?","?","$","M","E","R","BOSS","M","?","?","M","?","E","R","E","T","E","M","?","?","M","R","BOSS","M","M","$","?","$","R","M","E","T","?","?","?","?","M","R","BOSS"],"items_purchased_type":["Card","Potion","Relic"],"build_version":"2020-12-22","purchased_purges":3,"victory":true,"max_hp_per_floor":[70,70,70,70,75,75,75,75,75,75,75,75,75,75,75,75,75,75,75,75,75,75,75,75,75,75,75,75,75,75,75,75,75,75,75,75,75,75,75,75,75,75,75,75,75,75,75,75,75,75],"card_choices":[{"not_picked":["Runesmith:Malloc","Runesmith:UnstableHammer"],"picked":"Runesmith:Superposition","floor":1.0},{"not_picked":["Runesmith:UnstableHammer","Runesmith:CraftMagma"],"picked":"Runesmith:HammerAndChisel","floor":2.0},{"not_picked":["Runesmith:Repurpose","Runesmith:LithiumIon"],"picked":"Runesmith:Superposition","floor":3.0},{"not_picked":["Runesmith:EarthShield","Runesmith:HammerThrow","Runesmith:EnergizedChisel"],"picked":"SKIP","floor":4.0},{"not_picked":["Runesmith:Grindstone","Runesmith:Repurpose"],"picked":"Runesmith:BackupBattery","floor":6.0},{"not_picked":["Runesmith:HammerAndChisel","Runesmith:CraftSpiculum"],"picked":"Runesmith:ReplicatingBarrier","floor":7.0},{"not_picked":["Runesmith:ChiselStab","Runesmith:Malloc","Runesmith:Discharge"],"picked":"SKIP","floor":13.0},{"not_picked":["Runesmith:Grindstone","Runesmith:Electrocute","Runesmith:ShiftingStrike"],"picked":"SKIP","floor":14.0},{"not_picked":["Runesmith:LightningRod","Runesmith:LastStand"],"picked":"Runesmith:CraftIndustria","floor":16.0},{"not_picked":["Runesmith:HammerThrow","Runesmith:Accelerate+1"],"picked":"Runesmith:HeatedChisel+1","floor":18.0},{"not_picked":["Runesmith:Overpower","Runesmith:MakeshiftArmor+1","Runesmith:Discharge+1"],"picked":"SKIP","floor":21.0},{"not_picked":["Runesmith:ChiselStab","Runesmith:PerfectChisel"],"picked":"Runesmith:HammerAndChisel+1","floor":22.0},{"not_picked":["Runesmith:HeatExchange","Runesmith:ArcReactor"],"picked":"Runesmith:Permafrost","floor":23.0},{"not_picked":["Runesmith:ReplicatingBarrier","Runesmith:EarthShield","Runesmith:StaticCage"],"picked":"SKIP","floor":25.0},{"not_picked":["Runesmith:EarthShield","Runesmith:StaticCage"],"picked":"Runesmith:ReplicatingBarrier","floor":25.0},{"not_picked":["Runesmith:Duplicate","Runesmith:WhiteBalance","Runesmith:CraftSpiculum"],"picked":"SKIP","floor":27.0},{"not_picked":["Runesmith:HeatExchange","Runesmith:EarthShield","Runesmith:HeatedChisel"],"picked":"SKIP","floor":28.0},{"not_picked":["Runesmith:HeatedChisel","Runesmith:Retool"],"picked":"Runesmith:DoubleUp+1","floor":31.0},{"not_picked":["Runesmith:StaticCage","Runesmith:UnstableHammer+1"],"picked":"Runesmith:Discharge+1","floor":35.0},{"not_picked":["Runesmith:ChiselStab+1","Runesmith:PerfectChisel+1","Runesmith:EarthShield"],"picked":"SKIP","floor":36.0},{"not_picked":["Runesmith:ElementalConversion","Runesmith:Accelerate+1","Runesmith:Overpower"],"picked":"SKIP","floor":41.0},{"not_picked":["Runesmith:HeatExchange","Runesmith:Superposition","Runesmith:StaticCage+1"],"picked":"SKIP","floor":42.0},{"not_picked":["Thinking Ahead","Purity"],"picked":"Flash of Steel","floor":46},{"not_picked":["Runesmith:ChaoticBlast+1","Runesmith:ShiftingStrike"],"picked":"Runesmith:HeatedChisel+1","floor":48}],"player_experience":754080,"relics_obtained":[{"floor":6.0,"key":"Runesmith:EmergencyProvisions"},{"floor":9.0,"key":"Bottled Flame"},{"floor":14.0,"key":"Turnip"},{"floor":23.0,"key":"Runesmith:AutoHammer"},{"floor":25.0,"key":"Bottled Tornado"},{"floor":26.0,"key":"Regal Pillow"},{"floor":27.0,"key":"Unceasing Top"},{"floor":29.0,"key":"Ancient Tea Set"},{"floor":42.0,"key":"Juzu Bracelet"},{"floor":44.0,"key":"StoneCalendar"}],"event_choices":[{"damage_healed":0.0,"max_hp_gain":5.0,"max_hp_loss":0.0,"gold_gain":0.0,"event_name":"Big Fish","player_choice":"Donut","floor":5.0,"gold_loss":0.0,"damage_taken":0.0},{"cards_removed":["Runesmith:Strike_RS"],"damage_healed":0.0,"max_hp_gain":0.0,"max_hp_loss":0.0,"gold_gain":0.0,"event_name":"The Cleric","player_choice":"Card Removal","floor":10.0,"gold_loss":50.0,"damage_taken":0.0},{"cards_removed":["Runesmith:Strike_RS"],"damage_healed":0.0,"max_hp_gain":0.0,"max_hp_loss":0.0,"gold_gain":0.0,"event_name":"Purifier","player_choice":"Purged","floor":11.0,"gold_loss":0.0,"damage_taken":0.0},{"damage_healed":0.0,"max_hp_gain":0.0,"max_hp_loss":0.0,"gold_gain":0.0,"event_name":"The Woman in Blue","player_choice":"Bought 3 Potions","floor":20.0,"gold_loss":0.0,"damage_taken":0.0},{"damage_healed":0.0,"max_hp_gain":0.0,"max_hp_loss":0.0,"gold_gain":0.0,"event_name":"Designer","player_choice":"Upgrade","floor":30.0,"gold_loss":40.0,"damage_taken":0.0,"cards_upgraded":["Runesmith:CraftIndustria"]},{"cards_removed":["Runesmith:CraftReservo"],"damage_healed":0.0,"max_hp_gain":0.0,"max_hp_loss":0.0,"gold_gain":0.0,"event_name":"Falling","player_choice":"Removed Skill","floor":38.0,"gold_loss":0.0,"damage_taken":0.0},{"damage_healed":0.0,"max_hp_gain":0.0,"max_hp_loss":0.0,"gold_gain":0.0,"event_name":"MindBloom","player_choice":"Fight","floor":44.0,"gold_loss":0.0,"damage_taken":0.0},{"damage_healed":0.0,"max_hp_gain":0.0,"max_hp_loss":0.0,"gold_gain":0.0,"event_name":"Tomb of Lord Red Mask","player_choice":"Paid","floor":45.0,"gold_loss":110.0,"damage_taken":0.0,"relics_obtained":["Red Mask"]},{"damage_healed":0,"gold_gain":0,"player_choice":"Memory 1","damage_taken":0,"max_hp_gain":0,"max_hp_loss":0,"event_name":"SensoryStone","floor":46,"gold_loss":0},{"damage_healed":0,"gold_gain":0,"player_choice":"Ignored","damage_taken":0,"max_hp_gain":0,"max_hp_loss":0,"event_name":"Mysterious Sphere","floor":47,"gold_loss":0}],"is_beta":false,"boss_relics":[{"not_picked":["Empty Cage","Runesmith:UraniumAnvil"],"picked":"Fusion Hammer"},{"not_picked":["Busted Crown","Runesmith:PocketReactor"],"picked":"Cursed Key"}],"items_purged_floors":[12,19,39],"is_endless":false,"potions_floor_spawned":[1,4,7,14,16,21,22,27,33,35,41],"ascension_level":8}}