{"host":"43gh4c2f6tt319we","time":1608737557,"event":{"mods":["ATMod(°¢èªMod)","Act Like it!","BaseMod","Gensokyo","Hallownest","KinomotoSakuraMod(Ä¾Ö®±¾Ó£)","Lobotomy","Marisa£¨ìFÓê¡¡Ä§ÀíÉ³£©","Minty Spire (QoL Compilation)","Reimu£¨²©ÀöÁéÃÎ£©","Remilia£¨ÀÙÃ×ÀòÑÇ£©","StSLib","The Alterego","The Bug Knight","Youmu£¨»êÆÇÑýÃÎ£©","¡¾¶«·½¶þ´Î´´×÷¡¿°ËÔÆ×Ïmod"],"gold_per_floor":[134,134,147,194,194,6,40,40,40,14,33,33,45,65,65,163,163,178,193,193,263,277,307,307,337,337,349,366,366,316,566,566,668,668,688,688,702,702,702,702,733,733,733,745,745,755,348,382,382,382,382,382,70,95,95],"floor_reached":56,"playtime":4578,"items_purged":[],"score":1268,"play_id":"c1cb9e8a-0fb4-48ff-b3d7-2d0d3a9adb43","local_time":"20201224003237","is_ascension_mode":false,"campfire_choices":[{"data":"Gensokyo:ManorOfTheDishes","floor":8,"key":"SMITH"},{"floor":12,"key":"REST"},{"data":"ContainerChange_purple","floor":15,"key":"SMITH"},{"data":"Observe_purple_2","floor":32,"key":"SMITH"},{"data":"ProofOfUnderstanding_purple","floor":40,"key":"SMITH"},{"floor":45,"key":"RECALL"},{"floor":49,"key":"REST"},{"data":"Umbrella_purple","floor":52,"key":"SMITH"}],"circlet_count":0,"master_deck":["AT_purpleEX","AT_purpleEX","AT_purpleEX","Defend_purpleEX","Defend_purpleEX","Defend_purpleEX","Defend_purpleEX","Observe_purple_1","Observe_purple_2+1","ProofOfUnderstanding_purple+1","AT_FamilyPortrait+1","DimensionStaggered_purple","Gensokyo:ManorOfTheDishes+1","Umbrella_purple+1","Shallow_ocean_purpleEX","PurpleNeedle_purple","DarkRealmRedLine_purple","Price_of_realm_purpleEX","Nest_LightFlightworm_purple+1","OpenedBox_purple","Monsters_DoubleDeathButterfly_purple","MNeedle_purple","OmniscientAndOmnipotent_Monster_purple","Umbrella_purple","Mirror_TwoAndThreeElementRealm_purple+1","Erosivefilter_purple+1","Bait_Toxicbait_purple+1","Boundary_LifeAndDeath_purple","SfantasyHide_purple+1","Line_surface_state_purple","CommonSense_AntiCommonSense_purple"],"relics":["Boundary_crack","Memoryfragments_purpleEX","AT_ATBox","Happy Flower","Bag of Preparation","Philosopher\u0027s Stone","Question Card","Antimatter_spacedebris","Gensokyo:MosesMiracle","AT_RedNoBalance","PureWhite:ReiMu","Shuriken","Seventeenyearold_girl_Forever","Gensokyo:EmptyGrave","TungstenRod","Pear","AT_TimeSand","AT_EbonyIvory","Regal Pillow","Mummified Hand","HollowMod:StagPassRelic"],"acts_visited":["Exordium","Gensokyo:Gensokyo","Gensokyo:Gensokyoer","TheEnding"],"potions_floor_usage":[11,16],"damage_taken":[{"damage":4,"enemies":"Gensokyo:Gryphon","floor":1,"turns":5},{"damage":1,"enemies":"Gensokyo:Python","floor":3,"turns":4},{"damage":38,"enemies":"Gensokyo:Cirno","floor":7,"turns":10},{"damage":0,"enemies":"Gensokyo:3_Fairies","floor":11,"turns":4},{"damage":0,"enemies":"Gensokyo:LivingMonolith","floor":13,"turns":3},{"damage":0,"enemies":"Gensokyo:VengefulSpirit","floor":14,"turns":3},{"damage":21,"enemies":"Gensokyo:Kokoro","floor":16,"turns":11},{"damage":18,"enemies":"Gensokyo:AngelMirror","floor":18,"turns":5},{"damage":0,"enemies":"Gensokyo:Chomper","floor":19,"turns":4},{"damage":31,"enemies":"Gensokyo:Swordslinger","floor":22,"turns":5},{"damage":21,"enemies":"Gensokyo:Reisen","floor":23,"turns":6},{"damage":17,"enemies":"Gensokyo:Tenshi","floor":25,"turns":4},{"damage":0,"enemies":"Gensokyo:3_Gloops","floor":27,"turns":4},{"damage":13,"enemies":"Gensokyo:Wraith","floor":28,"turns":4},{"damage":32,"enemies":"Gensokyo:Eiki","floor":33,"turns":4},{"damage":30,"enemies":"Gensokyo:3_Boulders","floor":35,"turns":5},{"damage":18,"enemies":"Gensokyo:3_Bats","floor":37,"turns":3},{"damage":10,"enemies":"Gensokyo:Doremy","floor":41,"turns":4},{"damage":12,"enemies":"Gensokyo:Rafflesia","floor":44,"turns":4},{"damage":7,"enemies":"Gensokyo:4_Bats","floor":46,"turns":3},{"damage":18,"enemies":"Gensokyo:Marisa","floor":48,"turns":3},{"damage":0,"enemies":"Gensokyo:Yuyuko","floor":50,"turns":7},{"damage":44,"enemies":"Shield and Spear","floor":54,"turns":4},{"damage":58,"enemies":"The Heart","floor":55,"turns":5}],"seed_played":"-941849516903295608","potions_obtained":[{"floor":7,"key":"AttackPotion"},{"floor":13,"key":"SneckoOil"},{"floor":14,"key":"Weak Potion"},{"floor":22,"key":"SneckoOil"},{"floor":28,"key":"FairyPotion"}],"is_trial":false,"path_per_floor":["M","?","M","T","?","COS","E","R","T","$","M","R","M","M","R","B",null,"M","M","?","T","M","E","?","E","T","M","M","?","?","?","R","B",null,"M","?","M","?","?","R","E","?","T","M","R","M","$","E","R","B",null,"R","$","E","B",null],"character_chosen":"Youkari","items_purchased":["Umbrella_purple","AT_TimeSand","AT_EbonyIvory","Mummified Hand","CommonSense_AntiCommonSense_purple"],"campfire_rested":2,"item_purchase_floors":[10,47,47,53,53],"current_hp_per_floor":[47,47,46,46,46,46,13,13,13,13,17,38,40,41,41,28,70,62,64,64,64,40,28,28,11,11,35,23,23,30,30,30,12,72,7,7,35,35,67,67,27,27,37,27,27,38,38,46,77,77,77,77,77,66,28],"gold":95,"neow_bonus":"THREE_RARE_CARDS","is_daily":false,"chose_seed":false,"campfire_upgraded":5,"win_rate":0.0,"timestamp":1608737557,"path_taken":["M","?","M","?","?","COS","E","R","T","?","M","R","M","M","R","BOSS","M","M","?","?","M","E","?","E","T","M","M","?","?","?","R","BOSS","M","?","M","?","?","R","E","?","T","M","R","?","$","E","R","BOSS","R","$","E","BOSS"],"items_purchased_type":["Card","Relic","Relic","Relic","Card"],"build_version":"2020-12-22","purchased_purges":0,"victory":true,"max_hp_per_floor":[70,70,70,70,70,70,70,70,70,70,70,70,70,70,70,70,70,70,70,70,70,70,70,70,70,70,70,70,65,72,72,72,72,72,72,67,67,67,67,67,67,67,77,77,77,77,77,77,77,77,77,77,77,77,77],"card_choices":[{"not_picked":["Theboundaryofcreation_purpleEX","WasteWire_Metro_purple"],"picked":"ProofOfUnderstanding_purple","floor":0},{"not_picked":["Mirror_FormAndEmptin_purple","Shallow_ocean_purpleEX"],"picked":"AdvanceAttack_purple","floor":1},{"not_picked":["Mirror_Drifter_purple","Mirror_FormAndEmptin_purple"],"picked":"DimensionStaggered_purple","floor":3},{"not_picked":["Mirror_FormAndEmptin_purple","Theboundaryofcreation_purpleEX"],"picked":"ContainerChange_purple","floor":7},{"not_picked":["CommonSense_AntiCommonSense_purple","Boundary_LightAndDark_purple"],"picked":"Shallow_ocean_purpleEX","floor":11},{"not_picked":["Charmbait_purple","OpenedBox_purple"],"picked":"PurpleNeedle_purple","floor":13},{"not_picked":["Boundary_DreamRealityDamnation_purple","ButterflyHabitatTemple_purple"],"picked":"DarkRealmRedLine_purple","floor":14},{"not_picked":["LoveAcrossDimensions_purple","ContainerChange_purple"],"picked":"Price_of_realm_purpleEX","floor":16},{"not_picked":["OpenedBox_purple","Boundary_LightAndDark_purple+1"],"picked":"Nest_LightFlightworm_purple+1","floor":18},{"not_picked":["Erosivefilter_purple","AdvanceAttack_purple","Line_surface_state_purple"],"picked":"SKIP","floor":19},{"not_picked":["Realm_recovery_purpleEX+1","AdvanceAttack_purple+1","RuleDissolution_purple+1"],"picked":"OpenedBox_purple","floor":22},{"not_picked":["Boundary_DreamRealityDamnation_purple","OmniscientAndOmnipotent_Monster_purple","ExistenceContinue_purple"],"picked":"Monsters_DoubleDeathButterfly_purple","floor":23},{"not_picked":["StateErode_purple","Fantasy_PerpetualMotionMachine_purple","MeetDecomposer_purple"],"picked":"MNeedle_purple","floor":25},{"not_picked":["SharpContractionReality_purple","MeetDecomposer_purple+1","WatchEyeChange_purple+1"],"picked":"OmniscientAndOmnipotent_Monster_purple","floor":27},{"not_picked":["SfantasyHide_purple","LoveAcrossDimensions_purple","Mirror_Drifter_purple+1"],"picked":"Umbrella_purple","floor":28},{"not_picked":["ContainerChange_purple","WasteWire_Metro_purple","LoveAcrossDimensions_purple"],"picked":"Mirror_TwoAndThreeElementRealm_purple","floor":33},{"not_picked":["MeetDecomposer_purple+1","AdvanceAttack_purple+1","Bait_HighSpeedFlying_purple+1"],"picked":"Erosivefilter_purple+1","floor":35},{"not_picked":["WatchEChange_purple+1","Anti_communist_purple","Shallow_ocean_purpleEX"],"picked":"Bait_Toxicbait_purple+1","floor":37},{"not_picked":["DimensionStaggered_purple","OpenedBox_purple+1","StateDuplicate_purple"],"picked":"Boundary_LifeAndDeath_purple","floor":41},{"not_picked":["Shallow_ocean_purpleEX","EighthInstrument_OneDividesIntoTwo_purple+1","Mirror_FourBoundary_purple"],"picked":"SfantasyHide_purple+1","floor":44},{"not_picked":["OpenedBox_purple","ButterflyHabitatTemple_purple","RuleDissolution_purple"],"picked":"Line_surface_state_purple","floor":46},{"not_picked":["Umbrella_purple","Yakumo_Ran_purple+1","Boundary_LightAndDark_purple+1","Bait_HighSpeedFlying_purple"],"picked":"SKIP","floor":48},{"not_picked":["StateDuplicate_purple","SharpContractionReality_purple+1","Worldmountain_purple+1","SfantasyHide_purple+1"],"picked":"SKIP","floor":54}],"player_experience":468456,"relics_obtained":[{"floor":7,"key":"Bag of Preparation"},{"floor":9,"key":"Juzu Bracelet"},{"floor":21,"key":"Question Card"},{"floor":23,"key":"Antimatter_spacedebris"},{"floor":25,"key":"AT_SilverBalance"},{"floor":26,"key":"PureWhite:ReiMu"},{"floor":28,"key":"Gensokyo:MosesMiracle"},{"floor":41,"key":"TungstenRod"},{"floor":43,"key":"Pear"},{"floor":48,"key":"Regal Pillow"},{"floor":54,"key":"HollowMod:StagPassRelic"}],"event_choices":[],"is_beta":false,"boss_relics":[{"not_picked":["Black Star","RedLine:ReiMu"],"picked":"Philosopher\u0027s Stone"},{"not_picked":["AT_TrinityForce","SacredBark"],"picked":"Seventeenyearold_girl_Forever"}],"items_purged_floors":[],"is_endless":false,"potions_floor_spawned":[7,13,14,22,28,33,35,37,44,54],"ascension_level":0}}