{"host":"2461dio7vetlq1z3","time":1608703277,"event":{"mods":["2.2 Compatiblity","AchievementEnabler","BaseMod","Better Third Choice","Hermit","Marisa????????","Minty Spire (QoL Compilation)","Relic Stats","Replay The Spire","Spicy Shops","StSLib","The Runesmith","Waifu the Spire"],"gold_per_floor":[110,123,136,155,167,196,196,224,224,236,248,248,261,261,261,338,338,353,353,372,10,10,10,10,35,35,35,64,64,95,111,111,187,187,200,225,225,239,259,259,292,292,292,292,310,343,397,314,314,314,314,314,314,93,126,126],"floor_reached":57,"playtime":2493,"items_purged":["Headbutt"],"score":3260,"play_id":"99304665-3fbc-435e-8da0-dcb16bb25d70","local_time":"20201223070117","is_ascension_mode":true,"campfire_choices":[{"floor":7,"key":"REST"},{"data":"Whirlwind","floor":12,"key":"SMITH"},{"data":"ReplayTheSpireMod:LeadingStrike","floor":15,"key":"SMITH"},{"data":"Shockwave","floor":23,"key":"SMITH"},{"data":"Uppercut","floor":27,"key":"SMITH"},{"data":"Juggernaut","floor":29,"key":"SMITH"},{"data":"Eclipse","floor":32,"key":"SMITH"},{"data":"Double Tap","floor":40,"key":"SMITH"},{"floor":42,"key":"RECALL"},{"data":"Feel No Pain","floor":44,"key":"SMITH"},{"data":"Juggernaut","floor":53,"key":"SMITH"}],"circlet_count":0,"master_deck":["AscendersBane","Heavy Blade","ReplayTheSpireMod:LeadingStrike+1","Spot Weakness","Clothesline","Juggernaut+1","ReplayTheSpireMod:Limb From Limb","Whirlwind+1","Dual Wield+1","Juggernaut","Shockwave+1","Inflame","ReplayTheSpireMod:Limb From Limb","Uppercut+1","Reaper","Power Through","Heavy Blade+1","ReplayTheSpireMod:Limb From Limb","Eclipse+1","Feel No Pain+1","Double Tap+1","CurseOfTheBell","Flame Barrier+1","Power Through+1","Juggernaut+1","Battle Trance+1","Dark Embrace"],"relics":["Snecko Eye","Dream Catcher","Pantograph","Durian","Pandora\u0027s Box","Iron Hammer","MutagenicStrength","White Beast Statue","CaptainsWheel","Replay:Towering Pillar of Hats","Anchor","Replay:Grab Bag","Sozu","ReplayTheSpireMod:Onyx Gauntlets","Replay:Drink Me","Calling Bell","Pet Ghost","Toxic Egg 2","Pondfish Scales","Calipers","ReplayTheSpireMod:TigerMarble","Omamori","Unceasing Top","Medical Kit","BargainBundle","Pen Nib"],"acts_visited":["Exordium","TheCity","TheBeyond","TheEnding"],"potions_floor_usage":[6,8,16],"damage_taken":[{"damage":0,"enemies":"2 Louse","floor":1,"turns":3},{"damage":14,"enemies":"Jaw Worm","floor":2,"turns":5},{"damage":1,"enemies":"Cultist","floor":3,"turns":3},{"damage":0,"enemies":"Looter","floor":4,"turns":2},{"damage":1,"enemies":"2 Fungi Beasts","floor":5,"turns":2},{"damage":35,"enemies":"Gremlin Nob","floor":6,"turns":4},{"damage":15,"enemies":"Lagavulin","floor":8,"turns":5},{"damage":2,"enemies":"Blue Slaver","floor":10,"turns":2},{"damage":4,"enemies":"Gremlin Gang","floor":11,"turns":3},{"damage":0,"enemies":"3 Louse","floor":13,"turns":1},{"damage":19,"enemies":"The Guardian","floor":16,"turns":6},{"damage":10,"enemies":"Spheric Guardian","floor":18,"turns":3},{"damage":0,"enemies":"3 Byrds","floor":20,"turns":3},{"damage":18,"enemies":"Slavers","floor":25,"turns":4},{"damage":0,"enemies":"Book of Stabbing","floor":28,"turns":1},{"damage":0,"enemies":"Gremlin Leader","floor":30,"turns":3},{"damage":0,"enemies":"3 Cultists","floor":31,"turns":2},{"damage":0,"enemies":"Champ","floor":33,"turns":3},{"damage":0,"enemies":"3 Shapes","floor":35,"turns":1},{"damage":0,"enemies":"Mind Bloom Boss Battle","floor":36,"turns":2},{"damage":0,"enemies":"Orb Walker","floor":38,"turns":1},{"damage":0,"enemies":"Jaw Worm Horde","floor":39,"turns":2},{"damage":0,"enemies":"R_Hoarder","floor":41,"turns":2},{"damage":0,"enemies":"Writhing Mass","floor":45,"turns":2},{"damage":0,"enemies":"Reptomancer","floor":46,"turns":1},{"damage":0,"enemies":"2 Orb Walkers","floor":47,"turns":1},{"damage":9,"enemies":"Awakened One","floor":50,"turns":4},{"damage":5,"enemies":"Donu and Deca","floor":51,"turns":2},{"damage":0,"enemies":"Shield and Spear","floor":55,"turns":1},{"damage":17,"enemies":"The Heart","floor":56,"turns":5}],"seed_played":"-2047813729999401148","potions_obtained":[{"floor":4,"key":"Swift Potion"},{"floor":5,"key":"SpeedPotion"},{"floor":6,"key":"Swift Potion"},{"floor":8,"key":"Reflective Coating"},{"floor":20,"key":"DuplicationPotion"},{"floor":28,"key":"Strength Potion"},{"floor":31,"key":"LifebloodPotion"}],"is_trial":false,"path_per_floor":["M","M","M","M","M","E","R","E","T","M","M","R","M","?","R","B",null,"M","?","M","$","?","R","?","E","T","R","E","R","E","M","R","B",null,"M","?","?","M","M","R","E","R","T","R","M","E","?","$","R","B","B",null,"R","$","E","B",null],"character_chosen":"IRONCLAD","items_purchased":["Iron Hammer","Medical Kit","BargainBundle","Dark Embrace"],"campfire_rested":1,"item_purchase_floors":[21,48,54,54],"current_hp_per_floor":[68,54,53,53,52,17,39,24,29,27,23,23,23,23,23,29,67,57,45,67,67,67,67,67,59,59,59,59,59,80,80,80,80,60,60,60,57,57,57,57,57,57,57,57,57,57,57,57,57,51,60,60,60,60,60,60],"gold":126,"neow_bonus":"BOSS_RELIC","is_daily":false,"chose_seed":false,"campfire_upgraded":9,"win_rate":0.0,"timestamp":1608703277,"path_taken":["M","M","M","M","M","E","R","E","T","M","M","R","M","?","R","BOSS","M","?","?","$","?","R","?","E","T","R","E","R","E","M","R","BOSS","M","?","?","M","M","R","E","R","T","R","?","E","?","$","R","BOSS","BOSS","R","$","E","BOSS"],"items_purchased_type":["Relic","Relic","Relic","Card"],"build_version":"2020-12-13","purchased_purges":1,"victory":true,"max_hp_per_floor":[75,75,75,75,75,75,75,75,80,80,80,80,80,80,80,80,80,80,80,80,80,80,80,80,80,80,80,80,80,80,80,80,80,60,60,60,60,60,60,60,60,60,60,60,60,60,60,60,60,60,60,60,60,60,60,60],"relic_stats":{"Sozu":8,"Dream Catcher":1,"counters":[30,79],"Pantograph":37,"Snecko Eye":[161,162,158,148],"Pandora\u0027s Box":["Shockwave","Inflame","ReplayTheSpireMod:Limb From Limb","Uppercut","Barricade","Dropkick","Headbutt","Reaper","Power Through"],"Pen Nib":[1],"Medical Kit":[6],"obtain_stats":[{"Calipers":36,"Burning Blood":0,"Pet Ghost":34,"Sozu":34,"Dream Catcher":6,"Pantograph":8,"Iron Hammer":21,"Toxic Egg 2":34,"Replay:Drink Me":34,"BargainBundle":54,"Replay:Towering Pillar of Hats":28,"Replay:Grab Bag":34,"Pen Nib":55,"Omamori":46,"Medical Kit":48,"White Beast Statue":25,"Calling Bell":34,"CaptainsWheel":26,"Anchor":30,"Pondfish Scales":34,"MutagenicStrength":24,"Snecko Eye":0,"Pandora\u0027s Box":17,"Durian":9,"ReplayTheSpireMod:TigerMarble":41,"ReplayTheSpireMod:Onyx Gauntlets":34,"Unceasing Top":47},{"Calipers":20,"Burning Blood":0,"Pet Ghost":18,"Sozu":18,"Dream Catcher":6,"Pantograph":7,"Iron Hammer":13,"Toxic Egg 2":18,"Replay:Drink Me":18,"BargainBundle":28,"Replay:Towering Pillar of Hats":15,"Replay:Grab Bag":18,"Pen Nib":29,"Omamori":25,"Medical Kit":26,"White Beast Statue":14,"Calling Bell":18,"CaptainsWheel":14,"Anchor":16,"Pondfish Scales":18,"MutagenicStrength":13,"Snecko Eye":0,"Pandora\u0027s Box":11,"Durian":7,"ReplayTheSpireMod:TigerMarble":23,"ReplayTheSpireMod:Onyx Gauntlets":18,"Unceasing Top":26},{"Calipers":58,"Burning Blood":0,"Pet Ghost":55,"Sozu":55,"Dream Catcher":19,"Pantograph":24,"Iron Hammer":42,"Toxic Egg 2":55,"Replay:Drink Me":55,"BargainBundle":73,"Replay:Towering Pillar of Hats":47,"Replay:Grab Bag":55,"Pen Nib":74,"Omamori":66,"Medical Kit":67,"White Beast Statue":46,"Calling Bell":55,"CaptainsWheel":46,"Anchor":50,"Pondfish Scales":55,"MutagenicStrength":42,"Snecko Eye":0,"Pandora\u0027s Box":36,"Durian":24,"ReplayTheSpireMod:TigerMarble":63,"ReplayTheSpireMod:Onyx Gauntlets":55,"Unceasing Top":67}],"Unceasing Top":[0]},"card_choices":[{"not_picked":["Sword Boomerang","Headbutt"],"picked":"Heavy Blade","floor":1},{"not_picked":["Warcry","Havoc"],"picked":"Searing Blow","floor":2},{"not_picked":["Body Slam","Sword Boomerang"],"picked":"ReplayTheSpireMod:LeadingStrike","floor":3},{"not_picked":["Warcry","Wild Strike"],"picked":"Carnage","floor":4},{"not_picked":["Warcry","ReplayTheSpireMod:Strike From Hell"],"picked":"Spot Weakness","floor":5},{"not_picked":["Burning Pact","Clash"],"picked":"Clothesline","floor":6},{"not_picked":["ReplayTheSpireMod:Corrosion Curse","Armaments"],"picked":"Juggernaut","floor":7},{"not_picked":["Massacre","ReplayTheSpireMod:Strike From Hell"],"picked":"ReplayTheSpireMod:Limb From Limb","floor":8},{"not_picked":["Seeing Red","Evolve","Life Link"],"picked":"SKIP","floor":10},{"not_picked":["ReplayTheSpireMod:Strike From Hell","Heavy Blade"],"picked":"Whirlwind","floor":11},{"not_picked":["Thunderclap","Sword Boomerang","Abandon"],"picked":"SKIP","floor":13},{"not_picked":["Impervious","Limit Break"],"picked":"Juggernaut","floor":16},{"not_picked":["Twin Strike","Clash","Anger"],"picked":"SKIP","floor":18},{"not_picked":["Body Slam","Pommel Strike"],"picked":"Heavy Blade+1","floor":20},{"not_picked":["Inflame","Anger+1"],"picked":"ReplayTheSpireMod:Limb From Limb","floor":25},{"not_picked":["Shrug It Off","Iron Wave"],"picked":"Metallicize","floor":28},{"not_picked":["Anger","Run Through"],"picked":"Eclipse","floor":30},{"not_picked":["True Grit","Clash"],"picked":"Feel No Pain","floor":31},{"not_picked":["Immolate","Replay:Many Hands"],"picked":"Double Tap","floor":33},{"not_picked":["Rage+1","Heavy Blade","Sever Soul"],"picked":"SKIP","floor":35},{"not_picked":["Cleave","Hemokinesis","Rage+1"],"picked":"SKIP","floor":38},{"not_picked":["Pommel Strike","Warcry+1","ReplayTheSpireMod:Corrosion Curse+1"],"picked":"SKIP","floor":39},{"not_picked":["ReplayTheSpireMod:Strike From Hell","Metallicize"],"picked":"Flame Barrier+1","floor":41},{"not_picked":["ReplayTheSpireMod:Strike From Hell","Immolate"],"picked":"Power Through+1","floor":45},{"not_picked":["Hemokinesis","Seeing Red+1"],"picked":"Juggernaut","floor":46},{"not_picked":["Clash","Evolve","Headbutt+1"],"picked":"SKIP","floor":55}],"player_experience":965881,"relics_obtained":[{"floor":6,"key":"Dream Catcher"},{"floor":8,"key":"Pantograph"},{"floor":9,"key":"Durian"},{"floor":25,"key":"White Beast Statue"},{"floor":26,"key":"CaptainsWheel"},{"floor":28,"key":"Replay:Towering Pillar of Hats"},{"floor":30,"key":"Anchor"},{"floor":34,"key":"Pet Ghost"},{"floor":34,"key":"Toxic Egg 2"},{"floor":34,"key":"Pondfish Scales"},{"floor":36,"key":"Calipers"},{"floor":41,"key":"ReplayTheSpireMod:TigerMarble"},{"floor":46,"key":"Omamori"},{"floor":47,"key":"Unceasing Top"},{"floor":55,"key":"Pen Nib"}],"event_choices":[{"damage_healed":0,"gold_gain":0,"player_choice":"Damaged","damage_taken":12,"max_hp_gain":0,"max_hp_loss":0,"event_name":"Wheel of Change","floor":19,"gold_loss":0},{"cards_removed":["Searing Blow"],"damage_healed":0,"gold_gain":0,"player_choice":"Elegance","damage_taken":0,"max_hp_gain":0,"max_hp_loss":0,"event_name":"betterThird:BetterWriting","floor":22,"gold_loss":0},{"damage_healed":0,"gold_gain":0,"player_choice":"Inject Mutagens","damage_taken":0,"relics_obtained":["MutagenicStrength"],"max_hp_gain":0,"max_hp_loss":0,"event_name":"Drug Dealer","floor":24,"gold_loss":0},{"damage_healed":0,"gold_gain":0,"player_choice":"Fight","damage_taken":0,"max_hp_gain":0,"max_hp_loss":0,"event_name":"MindBloom","floor":36,"gold_loss":0},{"damage_healed":0,"gold_gain":0,"player_choice":"Bought 0 Potions","damage_taken":0,"max_hp_gain":0,"max_hp_loss":0,"event_name":"The Woman in Blue","floor":37,"gold_loss":0},{"damage_healed":0,"gold_gain":0,"player_choice":"Fight","damage_taken":0,"max_hp_gain":0,"max_hp_loss":0,"event_name":"Mysterious Sphere","floor":47,"gold_loss":0}],"is_beta":false,"boss_relics":[{"not_picked":["Runic Dome","Painkiller Herb"],"picked":"Pandora\u0027s Box"},{"not_picked":["Replay:Ancient Bell","ChewingGum"],"picked":"Replay:Grab Bag"},{"not_picked":["Electric Blood","Replay:Bronze Core"],"picked":"Sozu"},{"not_picked":["Philosopher\u0027s Stone","Coffee Dripper"],"picked":"ReplayTheSpireMod:Onyx Gauntlets"},{"not_picked":["Empty Cage","SacredBark"],"picked":"Replay:Drink Me"},{"not_picked":["Runic Pyramid","Astrolabe"],"picked":"Calling Bell"}],"items_purged_floors":[21],"is_endless":false,"potions_floor_spawned":[4,5,6,8,13,20,28,30,31,33,35,36,38,39,41,45,46,47,55],"ascension_level":20}}