{"host":"uuxww4b5od0o4ivw","time":1608756219,"event":{"mods":["BaseMod","Downfall","Minty Spire (QoL Compilation)","StSLib","The Necromancer"],"gold_per_floor":[118,130,56,68,84,84,84,84,84,100,111,145,145,145,145,250,250,269,269,209,228,143,143,143],"floor_reached":23,"playtime":1015,"items_purged":[],"score":193,"play_id":"c49b4feb-0dab-4393-bf8d-5c94f963cba9","local_time":"20201223104339","is_ascension_mode":false,"campfire_choices":[{"data":"Body Slam","floor":6,"key":"SMITH"},{"floor":13,"key":"REST"},{"floor":15,"key":"REST"}],"circlet_count":0,"master_deck":["Strike_R","Strike_R","Strike_R","Strike_R","Strike_R","Defend_R","Defend_R","Defend_R","Defend_R","Bash","Iron Wave","True Grit","Feel No Pain","Body Slam+1","Armaments","Disarm","Burning Pact","True Grit","Juggernaut","Juggernaut","Entrench","Armaments"],"relics":["Burning Blood","Vajra","Gremlin Horn","Boot","Fusion Hammer","Enchiridion","Pocketwatch"],"acts_visited":["Exordium","TheCity"],"potions_floor_usage":[],"damage_taken":[{"damage":0,"enemies":"2 Louse","floor":1,"turns":2},{"damage":3,"enemies":"Jaw Worm","floor":2,"turns":4},{"damage":8,"enemies":"Small Slimes","floor":4,"turns":4},{"damage":34,"enemies":"Exordium Wildlife","floor":5,"turns":7},{"damage":7,"enemies":"Exordium Thugs","floor":8,"turns":7},{"damage":7,"enemies":"3 Louse","floor":10,"turns":3},{"damage":1,"enemies":"Exordium Wildlife","floor":11,"turns":5},{"damage":44,"enemies":"Lagavulin","floor":12,"turns":13},{"damage":32,"enemies":"The Guardian","floor":16,"turns":15},{"damage":10,"enemies":"3 Byrds","floor":18,"turns":4},{"damage":18,"enemies":"2 Thieves","floor":20,"turns":4},{"damage":36,"enemies":"Snake Plant","floor":21,"turns":5},{"damage":19,"enemies":"Book of Stabbing","floor":23,"turns":4}],"seed_played":"-4451327204402707741","potions_obtained":[{"floor":10,"key":"hexamod:EctoCoolerPotion"},{"floor":11,"key":"Dexterity Potion"},{"floor":16,"key":"BlessingOfTheForge"}],"is_trial":false,"path_per_floor":["M","M","$","M","M","R","?","M","T","M","M","E","R","?","R","B",null,"M","?","M","M","?","E"],"character_chosen":"IRONCLAD","items_purchased":["Feel No Pain"],"campfire_rested":2,"item_purchase_floors":[3],"current_hp_per_floor":[80,80,80,78,50,50,50,49,49,48,53,15,39,39,63,37,80,76,60,48,18,18,0,0],"gold":143,"neow_bonus":"RANDOM_COMMON_RELIC","is_daily":false,"chose_seed":false,"campfire_upgraded":1,"win_rate":0.0,"timestamp":1608756219,"path_taken":["M","M","$","M","M","R","?","M","T","M","M","E","R","?","R","BOSS","M","?","M","M","?","E"],"items_purchased_type":["Card"],"build_version":"2020-12-22","purchased_purges":0,"victory":false,"max_hp_per_floor":[80,80,80,80,80,80,80,80,80,80,80,80,80,80,80,80,80,80,80,80,80,80,80,80],"card_choices":[{"not_picked":["Headbutt","Cleave"],"picked":"Iron Wave","floor":1},{"not_picked":["Warcry","Intimidate"],"picked":"True Grit","floor":2},{"not_picked":["Flex","Reckless Charge"],"picked":"Body Slam","floor":4},{"not_picked":["Whirlwind","Clash"],"picked":"Armaments","floor":5},{"not_picked":["Anger","Twin Strike"],"picked":"Disarm","floor":8},{"not_picked":["Perfected Strike","Pommel Strike"],"picked":"Burning Pact","floor":10},{"not_picked":["Sword Boomerang","Clothesline"],"picked":"True Grit","floor":11},{"not_picked":["Thunderclap","Headbutt"],"picked":"Juggernaut","floor":12},{"not_picked":["Offering","Berserk"],"picked":"Juggernaut","floor":16},{"not_picked":["Rupture","Flex+1"],"picked":"Entrench","floor":18},{"not_picked":["Warcry","Intimidate","Clash"],"picked":"SKIP","floor":20},{"not_picked":["Uppercut","Inflame"],"picked":"Armaments","floor":21}],"player_experience":63143,"relics_obtained":[{"floor":9,"key":"Gremlin Horn"},{"floor":12,"key":"Boot"},{"floor":19,"key":"Enchiridion"}],"event_choices":[{"damage_healed":0,"gold_gain":0,"player_choice":"Searched \u00270\u0027 times","damage_taken":0,"max_hp_gain":0,"max_hp_loss":0,"event_name":"Dead Adventurer","floor":7,"gold_loss":0},{"damage_healed":0,"gold_gain":0,"player_choice":"Ignored","damage_taken":0,"max_hp_gain":0,"max_hp_loss":0,"event_name":"Golden Idol","floor":14,"gold_loss":0},{"damage_healed":0,"gold_gain":0,"player_choice":"Obtained Book","damage_taken":16,"max_hp_gain":0,"max_hp_loss":0,"event_name":"Cursed Tome","floor":19,"gold_loss":0},{"damage_healed":0,"gold_gain":0,"player_choice":"Obtained Relic","damage_taken":0,"relics_obtained":["Pocketwatch"],"max_hp_gain":0,"max_hp_loss":0,"event_name":"Addict","floor":22,"gold_loss":85}],"is_beta":false,"boss_relics":[{"not_picked":["Calling Bell","Runic Pyramid"],"picked":"Fusion Hammer"}],"items_purged_floors":[],"is_endless":false,"potions_floor_spawned":[10,11,16],"killed_by":"Book of Stabbing","ascension_level":0}}