{"host":"92108ef2q9tm8rod","time":1608748757,"event":{"mods":["BaseMod","Defuse TimeMaze Blight","Minty Spire (QoL Compilation)","StSLib","The Jungle"],"gold_per_floor":[109,119,119,6,25,25,52,52,52,52,80,80,105,123,123,252,252,271,295,295,309,325,325,325,373,453,469,469,469,484,507,507,647,647,665,665,512,537,566,566,604,604,629,661,252,252,270,293,293,293],"floor_reached":51,"playtime":2434,"items_purged":["Deep Breath","Poisoned Stab"],"score":959,"play_id":"670ad849-9ad2-4d37-bb5f-d9638abad85a","local_time":"20201223183917","daily_mods":["SealedDeck","Colorless Cards","Heirloom","Flight"],"is_ascension_mode":false,"campfire_choices":[{"data":"Madness","floor":6,"key":"SMITH"},{"data":"Footwork","floor":8,"key":"SMITH"},{"data":"Good Instincts","floor":10,"key":"SMITH"},{"data":"Blur","floor":15,"key":"SMITH"},{"data":"Panache","floor":23,"key":"SMITH"},{"data":"Deep Breath","floor":24,"key":"SMITH"},{"data":"Deep Breath","floor":28,"key":"SMITH"},{"data":"Noxious Fumes","floor":29,"key":"SMITH"},{"data":"Panacea","floor":32,"key":"SMITH"},{"data":"Sadistic Nature","floor":40,"key":"SMITH"},{"data":"Corpse Explosion","floor":42,"key":"SMITH"},{"data":"Deadly Poison","floor":46,"key":"SMITH"},{"data":"Madness","floor":49,"key":"SMITH"}],"circlet_count":0,"master_deck":["Deep Breath+1","Bane","Deadly Poison+1","Leg Sweep","Deep Breath+1","Good Instincts+1","Backflip","Madness+1","Slice","Noxious Fumes+1","Blur+1","Footwork+1","Panache+1","Flash of Steel","Corpse Explosion+1","Panacea+1","Sadistic Nature+1","Madness+1","Escape Plan+1","Deep Breath+1","Madness","Madness+1","Sadistic Nature"],"relics":["Ring of the Snake","Bird Faced Urn","StoneCalendar","Pear","Question Card","Golden Idol","HoveringKite","CeramicFish","Singing Bowl","WristBlade","Lee\u0027s Waffle","Anchor","Boot","ClockworkSouvenir","Vajra"],"acts_visited":["Exordium","Exordium","TheBeyond"],"potions_floor_usage":[13,25,33,35,35,39,41,50],"damage_taken":[{"damage":0,"enemies":"Jaw Worm","floor":1,"turns":2},{"damage":0,"enemies":"Small Slimes","floor":2,"turns":3},{"damage":1,"enemies":"2 Louse","floor":5,"turns":3},{"damage":0,"enemies":"Lagavulin","floor":7,"turns":5},{"damage":0,"enemies":"3 Sentries","floor":11,"turns":7},{"damage":0,"enemies":"Lots of Slimes","floor":13,"turns":1},{"damage":0,"enemies":"Looter","floor":14,"turns":3},{"damage":0,"enemies":"The Guardian","floor":16,"turns":7},{"damage":0,"enemies":"theJungle:Flameango_and_Byrd","floor":18,"turns":4},{"damage":0,"enemies":"theJungle:GiantWrat","floor":19,"turns":4},{"damage":3,"enemies":"theJungle:Snecko_Cultist_And_Trap","floor":21,"turns":3},{"damage":0,"enemies":"theJungle:JungleHuntersEncounter","floor":22,"turns":4},{"damage":0,"enemies":"theJungle:Cassacara","floor":25,"turns":5},{"damage":0,"enemies":"theJungle:2_Flameangoes","floor":27,"turns":4},{"damage":0,"enemies":"theJungle:SlimyTreeVines","floor":30,"turns":6},{"damage":0,"enemies":"theJungle:2_Snecko_Cultists","floor":31,"turns":5},{"damage":0,"enemies":"theJungle:QueenSpyder","floor":33,"turns":6},{"damage":5,"enemies":"3 Darklings","floor":35,"turns":2},{"damage":0,"enemies":"3 Shapes","floor":38,"turns":4},{"damage":0,"enemies":"Writhing Mass","floor":39,"turns":5},{"damage":4,"enemies":"Nemesis","floor":41,"turns":3},{"damage":0,"enemies":"4 Shapes","floor":44,"turns":4},{"damage":0,"enemies":"3 Darklings","floor":48,"turns":1},{"damage":50,"enemies":"Donu and Deca","floor":50,"turns":5}],"seed_played":"-2654505822190809587","potions_obtained":[{"floor":1,"key":"Block Potion"},{"floor":5,"key":"Fire Potion"},{"floor":11,"key":"Swift Potion"},{"floor":18,"key":"DuplicationPotion"},{"floor":22,"key":"Explosive Potion"},{"floor":25,"key":"Weak Potion"},{"floor":33,"key":"Strength Potion"},{"floor":35,"key":"BlessingOfTheForge"},{"floor":39,"key":"Poison Potion"}],"is_trial":true,"path_per_floor":["M","M","?","$","M","R","E","R","T","R","E","?","M","M","R","B",null,"M","M","$","M","M","R","R","E","T","M","R","R","M","M","R","B",null,"M","?","$","M","M","R","E","R","T","M","$","R","?","M","R","B",null],"character_chosen":"THE_SILENT","items_purchased":["Noxious Fumes","Lee\u0027s Waffle","ClockworkSouvenir","Vajra"],"campfire_rested":0,"item_purchase_floors":[4,37,45,45],"current_hp_per_floor":[70,70,70,70,70,70,70,70,80,80,80,60,66,72,72,78,80,80,80,80,80,80,80,80,80,80,82,82,82,84,86,86,86,86,85,85,95,95,95,95,97,97,97,97,97,97,85,89,89,49],"gold":293,"neow_bonus":"","is_daily":false,"chose_seed":false,"campfire_upgraded":13,"win_rate":0.0,"timestamp":1608748757,"path_taken":["M","M","?","$","M","R","E","R","T","R","E","?","M","M","R","BOSS","M","M","$","M","M","R","R","E","T","M","R","R","M","M","R","BOSS","M","?","$","M","?","R","E","R","T","M","$","R","?","M","R","BOSS"],"items_purchased_type":["Card","Relic","Relic","Relic"],"build_version":"2020-12-22","purchased_purges":2,"victory":true,"max_hp_per_floor":[70,70,70,70,70,70,70,70,80,80,80,80,80,80,80,80,80,80,80,80,80,80,80,80,80,80,82,82,82,84,86,86,86,86,88,88,95,95,95,95,97,97,97,97,97,97,97,97,97,97],"card_choices":[{"not_picked":["Calculated Gamble","Quick Slash","Dagger Spray"],"picked":"SKIP","floor":1},{"not_picked":["Dodge and Roll","Deadly Poison"],"picked":"Slice","floor":2},{"not_picked":["PiercingWail","Riddle With Holes"],"picked":"Blur","floor":5},{"not_picked":["Blade Dance","Backstab"],"picked":"Footwork","floor":7},{"not_picked":["All Out Attack","Dagger Throw"],"picked":"Panache","floor":11},{"not_picked":["Prepared","Bane","Cloak And Dagger"],"picked":"Flash of Steel","floor":13},{"not_picked":["Thinking Ahead","Quick Slash","Deflect","Dagger Throw"],"picked":"SKIP","floor":14},{"not_picked":["Wraith Form v2","A Thousand Cuts","Doppelganger"],"picked":"Corpse Explosion","floor":16},{"not_picked":["Underhanded Strike","Infinite Blades","Acrobatics","Prepared"],"picked":"SKIP","floor":18},{"not_picked":["PanicButton+1","Infinite Blades","Backflip","Impatience"],"picked":"SKIP","floor":19},{"not_picked":["Skewer","Well Laid Plans","Outmaneuver","Discovery"],"picked":"SKIP","floor":21},{"not_picked":["Prepared","Sucker Punch","Blade Dance","Flying Knee"],"picked":"SKIP","floor":22},{"not_picked":["Dagger Spray","Terror+1","Cloak And Dagger"],"picked":"Panacea","floor":25},{"not_picked":["Escape Plan","Jack Of All Trades","PanicButton","Calculated Gamble+1"],"picked":"Singing Bowl","floor":27},{"not_picked":["Venomology","Cloak And Dagger","Prepared","Panacea+1"],"picked":"Singing Bowl","floor":30},{"not_picked":["Flechettes+1","Dodge and Roll","Backflip+1","PiercingWail"],"picked":"Singing Bowl","floor":31},{"not_picked":["Unload","Violence","Adrenaline"],"picked":"Sadistic Nature","floor":33},{"not_picked":["Dagger Throw","Sucker Punch","Poisoned Stab+1","Outmaneuver"],"picked":"Singing Bowl","floor":35},{"not_picked":["Eviscerate+1","Cloak And Dagger","Flying Knee"],"picked":"Madness+1","floor":38},{"not_picked":["After Image","Heel Hook+1","Poisoned Stab+1"],"picked":"Escape Plan+1","floor":39},{"not_picked":["Dagger Throw","All Out Attack","Blade Dance+1","Dagger Spray"],"picked":"Singing Bowl","floor":41},{"not_picked":["Quick Slash","Deflect+1","Deadly Poison"],"picked":"Deep Breath+1","floor":44},{"not_picked":["Panacea","Cloak And Dagger","Flying Knee+1"],"picked":"Sadistic Nature","floor":48}],"player_experience":3178271,"relics_obtained":[{"floor":7,"key":"StoneCalendar"},{"floor":9,"key":"Pear"},{"floor":11,"key":"Question Card"},{"floor":25,"key":"CeramicFish"},{"floor":26,"key":"Singing Bowl"},{"floor":41,"key":"Anchor"},{"floor":43,"key":"Boot"}],"event_choices":[{"damage_healed":0,"gold_gain":0,"player_choice":"Ignored","damage_taken":0,"max_hp_gain":0,"max_hp_loss":0,"event_name":"Golden Wing","floor":3,"gold_loss":0},{"damage_healed":0,"gold_gain":0,"player_choice":"Take Damage","damage_taken":20,"relics_obtained":["Golden Idol"],"max_hp_gain":0,"max_hp_loss":0,"event_name":"Golden Idol","floor":12,"gold_loss":0},{"damage_healed":0,"gold_gain":0,"player_choice":"Ignored","damage_taken":0,"max_hp_gain":0,"max_hp_loss":0,"event_name":"Purifier","floor":36,"gold_loss":0},{"damage_healed":0,"gold_gain":0,"player_choice":"Embrace Madness","damage_taken":12,"max_hp_gain":0,"max_hp_loss":0,"event_name":"Winding Halls","floor":47,"gold_loss":0,"cards_obtained":["Madness","Madness"]}],"is_beta":false,"boss_relics":[{"not_picked":["Coffee Dripper","Calling Bell"],"picked":"HoveringKite"},{"not_picked":["Black Star","SlaversCollar"],"picked":"WristBlade"}],"items_purged_floors":[4,45],"is_endless":false,"potions_floor_spawned":[1,5,11,18,22,25,33,35,39,44],"ascension_level":0}}