{"host":"3ek78t4i81ecmdy1","time":1608700470,"event":{"mods":["2.2 Compatiblity","AchievementEnabler","BaseMod","Colored Map","DeckTracker","Filter the Spire","Keyboard Shortcuts","Minty Spire (QoL Compilation)","Permanent Neow","Quick Restart","SuperFastMode","everything is the same but u backflip on backflip"],"gold_per_floor":[113,131,206,206,222,222,237,237,261,279,279,56,67,82,82,187,187,199,114,114,14,33,67,117,117,166,16,16,36,36,47,47,144,144,157,168,0,0,12,40,40,40,40,40,40,67,78,104,104,104,104],"floor_reached":50,"playtime":1681,"items_purged":["Defend_R","Strike_R"],"score":593,"play_id":"20e9d957-fb0c-4969-810e-0fe6741e93e0","local_time":"20201223141430","is_ascension_mode":true,"campfire_choices":[{"data":"Searing Blow","floor":6,"key":"SMITH"},{"data":"Searing Blow+1","floor":8,"key":"SMITH"},{"data":"Searing Blow+2","floor":11,"key":"SMITH"},{"data":"Searing Blow+3","floor":15,"key":"SMITH"},{"data":"Exhume","floor":25,"key":"SMITH"},{"floor":30,"key":"RECALL"},{"floor":32,"key":"REST"},{"data":"Spot Weakness","floor":41,"key":"SMITH"},{"data":"Searing Blow+5","floor":44,"key":"SMITH"},{"floor":49,"key":"REST"}],"circlet_count":0,"master_deck":["Strike_R","Defend_R+1","Bash","Searing Blow+6","Dropkick","Clothesline","Spot Weakness+1","Metallicize","Flex+1","Iron Wave","True Grit","Inflame+1","Demon Form","Rage","Exhume+1","Heavy Blade+1","Cleave","Reaper","Infernal Blade+1","Headbutt+1","Feel No Pain+1","Corruption"],"relics":["Burning Blood","Pen Nib","War Paint","Empty Cage","Orichalcum","Anchor","Red Skull","ClockworkSouvenir","Paper Frog","Sozu","Red Mask","Juzu Bracelet","Blood Vial","Toy Ornithopter"],"acts_visited":["Exordium","TheCity","TheBeyond"],"potions_floor_usage":[10,18,22,23,33],"damage_taken":[{"damage":1,"enemies":"Cultist","floor":1,"turns":3},{"damage":0,"enemies":"2 Louse","floor":2,"turns":2},{"damage":8,"enemies":"Jaw Worm","floor":5,"turns":3},{"damage":18,"enemies":"Blue Slaver","floor":7,"turns":3},{"damage":30,"enemies":"Exordium Thugs","floor":10,"turns":4},{"damage":17,"enemies":"Large Slime","floor":13,"turns":5},{"damage":8,"enemies":"Lots of Slimes","floor":14,"turns":5},{"damage":11,"enemies":"Slime Boss","floor":16,"turns":8},{"damage":18,"enemies":"2 Thieves","floor":18,"turns":3},{"damage":14,"enemies":"Spheric Guardian","floor":22,"turns":4},{"damage":44,"enemies":"Gremlin Leader","floor":23,"turns":6},{"damage":6,"enemies":"Centurion and Healer","floor":29,"turns":5},{"damage":7,"enemies":"3 Cultists","floor":31,"turns":4},{"damage":11,"enemies":"Champ","floor":33,"turns":9},{"damage":1,"enemies":"3 Darklings","floor":35,"turns":3},{"damage":30,"enemies":"3 Shapes","floor":36,"turns":5},{"damage":14,"enemies":"Writhing Mass","floor":39,"turns":5},{"damage":39,"enemies":"Reptomancer","floor":40,"turns":5},{"damage":39,"enemies":"Nemesis","floor":46,"turns":5},{"damage":20,"enemies":"Jaw Worm Horde","floor":47,"turns":4},{"damage":13,"enemies":"Giant Head","floor":48,"turns":6},{"damage":58,"enemies":"Donu and Deca","floor":50,"turns":5}],"seed_played":"662069986588237821","potions_obtained":[{"floor":1,"key":"FairyPotion"},{"floor":5,"key":"BloodPotion"},{"floor":13,"key":"SneckoOil"},{"floor":16,"key":"SneckoOil"},{"floor":18,"key":"HeartOfIron"},{"floor":23,"key":"EssenceOfSteel"}],"is_trial":false,"path_per_floor":["M","M","?","?","M","R","M","R","T","M","R","$","M","M","R","B",null,"M","?","?","$","M","E","?","R","T","$","T","M","R","M","R","B",null,"M","M","?","?","M","E","R","$","T","R","?","E","M","E","R","B"],"character_chosen":"IRONCLAD","items_purchased":["War Paint","ClockworkSouvenir"],"campfire_rested":2,"item_purchase_floors":[12,27],"current_hp_per_floor":[61,67,56,56,54,54,42,42,42,34,34,34,23,21,21,16,80,68,68,68,68,60,22,22,22,22,22,22,22,22,21,45,40,80,80,79,79,79,71,38,38,38,38,38,38,30,21,29,53,0,0],"gold":104,"neow_bonus":"TRANSFORM_TWO_CARDS","is_daily":false,"chose_seed":false,"campfire_upgraded":7,"win_rate":0.0,"timestamp":1608700470,"path_taken":["M","?","?","?","M","R","M","R","T","M","R","$","M","?","R","BOSS","M","?","?","$","?","E","?","R","T","$","?","?","R","M","R","BOSS","M","M","?","?","M","E","R","$","T","R","?","E","M","E","R","BOSS"],"items_purchased_type":["Relic","Relic"],"build_version":"2020-12-22","purchased_purges":2,"victory":false,"max_hp_per_floor":[80,80,80,80,80,80,80,80,80,80,80,80,80,80,80,80,80,80,80,80,80,80,80,80,80,80,80,80,80,80,80,80,80,80,80,80,80,80,80,80,80,80,80,80,80,80,80,80,80,80,80],"card_choices":[{"not_picked":["Hemokinesis","Bloodletting"],"picked":"Clothesline","floor":1},{"not_picked":["Havoc","Body Slam"],"picked":"Spot Weakness","floor":2},{"not_picked":["Warcry","Havoc"],"picked":"Flex","floor":5},{"not_picked":["Bloodletting","Twin Strike"],"picked":"Iron Wave","floor":7},{"not_picked":["Searing Blow","Iron Wave"],"picked":"True Grit","floor":10},{"not_picked":["Clothesline","Clash","Pommel Strike"],"picked":"SKIP","floor":13},{"not_picked":["Headbutt","Seeing Red"],"picked":"Inflame","floor":14},{"not_picked":["Barricade","Feed"],"picked":"Demon Form","floor":16},{"not_picked":["Headbutt+1","Anger"],"picked":"Rage","floor":18},{"not_picked":["Cleave","Dual Wield","Warcry"],"picked":"SKIP","floor":22},{"not_picked":["Clash","Wild Strike+1"],"picked":"Exhume","floor":23},{"not_picked":["Havoc","Iron Wave"],"picked":"Heavy Blade+1","floor":29},{"not_picked":["Warcry","Dual Wield"],"picked":"Cleave","floor":31},{"not_picked":["Bludgeon","Feed"],"picked":"Reaper","floor":33},{"not_picked":["Carnage","Twin Strike"],"picked":"Infernal Blade+1","floor":35},{"not_picked":["Clothesline+1","Heavy Blade","Wild Strike"],"picked":"SKIP","floor":36},{"not_picked":["True Grit+1","Pommel Strike"],"picked":"Headbutt+1","floor":39},{"not_picked":["True Grit+1","Clash","Uppercut"],"picked":"SKIP","floor":40},{"not_picked":["Power Through","Uppercut+1"],"picked":"Feel No Pain+1","floor":46},{"not_picked":["Infernal Blade","Wild Strike+1"],"picked":"Corruption","floor":47},{"not_picked":["Cleave","Sword Boomerang","Searing Blow"],"picked":"SKIP","floor":48}],"player_experience":15675,"relics_obtained":[{"floor":9,"key":"Pen Nib"},{"floor":23,"key":"Anchor"},{"floor":26,"key":"Red Skull"},{"floor":28,"key":"Paper Frog"},{"floor":40,"key":"Juzu Bracelet"},{"floor":46,"key":"Blood Vial"},{"floor":48,"key":"Toy Ornithopter"}],"event_choices":[{"damage_healed":0,"gold_gain":75,"player_choice":"Gather Gold","damage_taken":11,"max_hp_gain":0,"max_hp_loss":0,"event_name":"World of Goop","floor":3,"gold_loss":0},{"damage_healed":0,"gold_gain":0,"cards_transformed":["Strike_R"],"player_choice":"Transformed","damage_taken":0,"max_hp_gain":0,"max_hp_loss":0,"event_name":"Transmorgrifier","floor":4,"gold_loss":0,"cards_obtained":["Metallicize"]},{"damage_healed":0,"gold_gain":0,"player_choice":"Obtained Relic","damage_taken":0,"relics_obtained":["Orichalcum"],"max_hp_gain":0,"max_hp_loss":0,"event_name":"Addict","floor":19,"gold_loss":85},{"damage_healed":0,"gold_gain":0,"player_choice":"Forge","damage_taken":0,"max_hp_gain":0,"max_hp_loss":0,"event_name":"Accursed Blacksmith","floor":20,"gold_loss":0,"cards_upgraded":["Searing Blow"]},{"damage_healed":0,"gold_gain":100,"player_choice":"Bet on Murderer","damage_taken":0,"max_hp_gain":0,"max_hp_loss":0,"event_name":"The Joust","floor":24,"gold_loss":50},{"damage_healed":0,"gold_gain":0,"player_choice":"Paid","damage_taken":0,"relics_obtained":["Red Mask"],"max_hp_gain":0,"max_hp_loss":0,"event_name":"Tomb of Lord Red Mask","floor":37,"gold_loss":168},{"damage_healed":0,"gold_gain":0,"player_choice":"Got Potions","damage_taken":0,"max_hp_gain":0,"max_hp_loss":0,"event_name":"Lab","floor":38,"gold_loss":0},{"damage_healed":0,"gold_gain":0,"player_choice":"Upgraded","damage_taken":0,"max_hp_gain":0,"max_hp_loss":0,"event_name":"Upgrade Shrine","floor":45,"gold_loss":0,"cards_upgraded":["Inflame"]}],"is_beta":false,"boss_relics":[{"not_picked":["Pandora\u0027s Box","Philosopher\u0027s Stone"],"picked":"Empty Cage"},{"not_picked":["Mark of Pain","Tiny House"],"picked":"Sozu"}],"items_purged_floors":[12,21],"is_endless":false,"potions_floor_spawned":[1,5,13,16,18,23,40,47,48],"killed_by":"Donu and Deca","ascension_level":1}}