{"host":"ln6xh2dj126ndm3e","time":1608746104,"event":{"mods":["AchievementEnabler","Aspiration","Astrologer","BaseMod","Better Altar","Better Match","Better Note","Better Sensory Stone","Better Skull","Better Third Choice","BetterRewards","CCEM","Colored Map","Conspire","Downfall","GifTheSpireLib","Halation","Highlight Path","Hubris","Infinite Spire","Minty Spire (QoL Compilation)","Permanent Neow","Replay The Spire","Shop Mod","Spicy Shops","StSLib","Unceasing Turn Reminder"],"gold_per_floor":[111,111,111,130,130,130,141,151,151,226,226,241,270,289,289,392,392,403,417,417,417,432,432,432],"floor_reached":23,"playtime":1536,"items_purged":[],"score":193,"play_id":"74ca7417-716c-4f91-86ec-e305853a21ce","local_time":"20201223115504","is_ascension_mode":false,"campfire_choices":[{"data":"Massacre","floor":6,"key":"SMITH"},{"data":"Clothesline","floor":11,"key":"SMITH"},{"floor":15,"key":"REST"}],"circlet_count":0,"master_deck":["Strike_R","Strike_R","Defend_R","Defend_R","Defend_R","Bash","Pommel Strike","Wild Strike","Clothesline+1","Power Through","Hemogenesis","Hemokinesis","Immolate","ReplayTheSpireMod:LeadingStrike","Clash","ReplayTheSpireMod:Muscle Training+1","Fire Breathing+1","Reaper+1","infinitespire:Starlight","ReplayTheSpireMod:Muscle Training"],"relics":["Burning Blood","halation:EternalFortune","BranchBurnRelic","Smiling Mask","CCEMRelics:Pendulum","infinitespire:Cupcake","Astrolabe"],"acts_visited":["Exordium","TheCity"],"potions_floor_usage":[16,19],"damage_taken":[{"damage":7,"enemies":"Cultist","floor":1,"turns":5},{"damage":0,"enemies":"conspire:RoseBush","floor":4,"turns":3},{"damage":0,"enemies":"Small Slimes","floor":7,"turns":3},{"damage":8,"enemies":"Blue Slaver","floor":8,"turns":3},{"damage":23,"enemies":"Exordium Wildlife","floor":12,"turns":5},{"damage":31,"enemies":"Gremlin Nob","floor":13,"turns":5},{"damage":2,"enemies":"Looter","floor":14,"turns":3},{"damage":52,"enemies":"Slime Boss","floor":16,"turns":7},{"damage":60,"enemies":"3 Byrds","floor":18,"turns":6},{"damage":4,"enemies":"conspire:FuzzyDice","floor":19,"turns":5},{"damage":0,"enemies":"Snake Plant","floor":22,"turns":1},{"damage":64,"enemies":"Nightmare","floor":23,"turns":9}],"seed_played":"8734998624224213439","potions_obtained":[{"floor":4,"key":"HeartOfIron"},{"floor":8,"key":"Strength Potion"},{"floor":12,"key":"Death Potion"},{"floor":13,"key":"Flashbang"}],"is_trial":false,"path_per_floor":["M","?","?","M","?","R","M","M","T","?","R","M","E","M","R","B",null,"M","M","?","AVR","M","NM"],"character_chosen":"IRONCLAD","items_purchased":[],"campfire_rested":1,"item_purchase_floors":[],"current_hp_per_floor":[79,79,79,80,83,83,83,81,81,70,70,67,42,46,70,39,83,29,36,36,36,42,0,0],"gold":432,"neow_bonus":"TRANSFORM_CARD","is_daily":false,"chose_seed":false,"campfire_upgraded":2,"win_rate":0.0,"timestamp":1608746104,"path_taken":["M","?","?","M","?","R","M","M","T","?","R","?","E","M","R","BOSS","M","M","?","AVR","M","NM"],"items_purchased_type":[],"build_version":"2020-12-22","purchased_purges":0,"victory":false,"max_hp_per_floor":[80,80,80,80,83,83,83,83,83,83,83,83,83,83,83,83,83,83,83,83,83,83,83,83],"card_choices":[{"not_picked":["Iron Wave","hubris:CleavingFinish"],"picked":"Pommel Strike","floor":1},{"not_picked":["Warcry","Anger"],"picked":"Wild Strike","floor":4},{"not_picked":["Havoc","Iron Wave"],"picked":"Clothesline","floor":7},{"not_picked":["Clash","True Grit","infinitespire:OneForAll"],"picked":"SKIP","floor":8},{"not_picked":["Rampage","Anger"],"picked":"Power Through","floor":12},{"not_picked":["Second Wind","Anger"],"picked":"Hemogenesis","floor":13},{"not_picked":["hubris:CleavingFinish","Cleave"],"picked":"Hemokinesis","floor":14},{"not_picked":["Juggernaut","Corruption"],"picked":"Immolate","floor":16},{"not_picked":["Cleave","Battle Trance"],"picked":"ReplayTheSpireMod:LeadingStrike","floor":18},{"not_picked":["Havoc","Combust"],"picked":"Clash","floor":19},{"not_picked":["Iron Wave","Replay:Undeath\u0027s Touch"],"picked":"ReplayTheSpireMod:Muscle Training","floor":22}],"player_experience":450493,"relics_obtained":[{"floor":2,"key":"Dead Branch"},{"floor":9,"key":"Smiling Mask"},{"floor":13,"key":"CCEMRelics:Pendulum"}],"event_choices":[{"damage_healed":0,"gold_gain":75,"player_choice":"Gold","damage_taken":11,"max_hp_gain":0,"max_hp_loss":0,"event_name":"betterThird:BetterGoop","floor":10,"gold_loss":0},{"cards_removed":["Massacre"],"damage_healed":0,"gold_gain":0,"player_choice":"Purged","damage_taken":0,"max_hp_gain":0,"max_hp_loss":0,"event_name":"Purifier","floor":20,"gold_loss":0}],"is_beta":false,"boss_relics":[{"not_picked":["halation:SmartPhone","conspire:SlowCooker"],"picked":"infinitespire:Cupcake"}],"items_purged_floors":[],"is_endless":false,"potions_floor_spawned":[4,8,12,13],"killed_by":"Nightmare","ascension_level":0}}