{"host":"pzjm4rhuc0ce13vz","time":1608765395,"event":{"mods":["BaseMod","BetterRewards","Colored Map","Colored Powertips","DeckTracker","Highlight Path","Marisa????????","Minty Spire (QoL Compilation)","Quick Restart","StSLib","The Hierophant","The Senshi"],"gold_per_floor":[211,211,238,249,277,294,294,226,301,359,359,393,384,446,446,390,390],"floor_reached":16,"playtime":1624,"items_purged":[],"score":139,"play_id":"86127499-b6f0-4881-ad08-5323b0ac534b","local_time":"20201224001635","is_ascension_mode":false,"campfire_choices":[{"data":"hierophant:EyeForCoin","floor":7,"key":"SMITH"},{"data":"hierophant:Punish","floor":11,"key":"SMITH"},{"floor":15,"key":"REST"}],"circlet_count":0,"master_deck":["hierophant:Strike_Hierophant","hierophant:Strike_Hierophant","hierophant:Strike_Hierophant","hierophant:Strike_Hierophant","hierophant:Punish+1","hierophant:Defend_Hierophant","hierophant:Defend_Hierophant","hierophant:Defend_Hierophant","hierophant:ChurchCoffers","hierophant:Endure","hierophant:Doubloon","hierophant:Dazzle","hierophant:EyeForCoin+1","hierophant:Doubloon","hierophant:Doubloon+1","hierophant:RustyCrate","hierophant:Doubloon","hierophant:Doubloon","hierophant:Doubloon+1","hierophant:PassingBell","hierophant:Doubloon+1","hierophant:Doubloon+1","hierophant:CursedGold","hierophant:Doubloon+1","hierophant:Encroach+1","hierophant:Doubloon+1","hierophant:Flagellation+1","hierophant:Doubloon+1"],"relics":["hierophant:PropheticMaskRelic","Tiny Chest","InkBottle","Toxic Egg 2","Art of War"],"acts_visited":["Exordium"],"potions_floor_usage":[6,6,8,13,13,16],"damage_taken":[{"damage":1,"enemies":"Jaw Worm","floor":1,"turns":6},{"damage":2,"enemies":"Cultist","floor":4,"turns":4},{"damage":0,"enemies":"Small Slimes","floor":5,"turns":4},{"damage":28,"enemies":"Gremlin Nob","floor":6,"turns":6},{"damage":4,"enemies":"Exordium Thugs","floor":8,"turns":4},{"damage":6,"enemies":"3 Louse","floor":10,"turns":3},{"damage":5,"enemies":"2 Fungi Beasts","floor":12,"turns":3},{"damage":6,"enemies":"Looter","floor":13,"turns":3},{"damage":13,"enemies":"3 Sentries","floor":14,"turns":9},{"damage":28,"enemies":"The Guardian","floor":16,"turns":7}],"seed_played":"-4162350404141062188","potions_obtained":[{"floor":1,"key":"Block Potion"},{"floor":4,"key":"EssenceOfSteel"},{"floor":6,"key":"Swift Potion"},{"floor":8,"key":"EssenceOfSteel"},{"floor":12,"key":"FearPotion"},{"floor":13,"key":"SneckoOil"}],"is_trial":false,"path_per_floor":["M","?","T","M","M","E","R","M","T","M","R","M","M","E","R","B"],"character_chosen":"HIEROPHANT","items_purchased":[],"campfire_rested":1,"item_purchase_floors":[],"current_hp_per_floor":[74,67,67,65,65,37,37,33,33,27,27,22,16,3,25,0,0],"gold":390,"neow_bonus":"HUNDRED_GOLD","is_daily":false,"chose_seed":false,"campfire_upgraded":2,"win_rate":0.0,"timestamp":1608765395,"path_taken":["M","?","?","M","M","E","R","M","T","M","R","M","?","E","R","BOSS"],"items_purchased_type":[],"build_version":"2020-12-22","purchased_purges":0,"victory":false,"max_hp_per_floor":[75,75,75,75,75,75,75,75,75,75,75,75,75,75,75,75,75],"card_choices":[{"not_picked":["hierophant:ConvertCurrency","hierophant:Remorse"],"picked":"hierophant:Endure","floor":1},{"not_picked":["hierophant:MirrorShield","hierophant:Zeal"],"picked":"hierophant:Dazzle","floor":4},{"not_picked":["hierophant:Encroach","hierophant:Bribe"],"picked":"hierophant:EyeForCoin","floor":5},{"not_picked":["hierophant:Doomsaying","hierophant:Sermon","hierophant:Purify"],"picked":"SKIP","floor":6},{"not_picked":["hierophant:AuricBeam","hierophant:Alms"],"picked":"hierophant:RustyCrate","floor":8},{"not_picked":["hierophant:Blessing+1","hierophant:Dazzle+1"],"picked":"hierophant:PassingBell","floor":10},{"not_picked":["hierophant:Glossolalia","hierophant:ConvertCurrency+1"],"picked":"hierophant:CursedGold","floor":12},{"not_picked":["hierophant:RustyCrate+1","hierophant:Cornucopia+1"],"picked":"hierophant:Encroach+1","floor":13},{"not_picked":["hierophant:Exaltation+1","hierophant:Anathema"],"picked":"hierophant:Flagellation+1","floor":14}],"player_experience":207909,"relics_obtained":[{"floor":3,"key":"Tiny Chest"},{"floor":6,"key":"InkBottle"},{"floor":9,"key":"Toxic Egg 2"},{"floor":14,"key":"Art of War"}],"event_choices":[{"cards_removed":["hierophant:Defend_Hierophant"],"damage_healed":0,"gold_gain":0,"player_choice":"Card Removal","damage_taken":7,"max_hp_gain":0,"max_hp_loss":0,"event_name":"Golden Wing","floor":2,"gold_loss":0}],"is_beta":false,"boss_relics":[],"items_purged_floors":[],"is_endless":false,"potions_floor_spawned":[1,4,6,8,12,13],"killed_by":"The Guardian","ascension_level":0}}