{"host":"cyiefo55v5hz1ih5","time":1608686532,"event":{"mods":["2.2 Compatiblity","AchievementEnabler","BaseMod","GifTheSpireLib","Hubris","Minty Spire (QoL Compilation)","Replay The Spire","Robot Space Explorer","Spicy Shops","StSLib","TheFirefly"],"gold_per_floor":[118,293,293,293,309,341,359,376,426,439,1,0,18,36,36,36,36],"floor_reached":16,"playtime":1261,"items_purged":["Doubt"],"score":129,"play_id":"adbda1ae-dba0-420a-bab2-fb20493dfbe8","local_time":"20201222202212","is_ascension_mode":false,"campfire_choices":[{"floor":15,"key":"REST"}],"circlet_count":0,"master_deck":["thefirefly:Strike","thefirefly:Strike","thefirefly:Strike","thefirefly:Strike","thefirefly:Defend","thefirefly:Defend","thefirefly:Defend","thefirefly:Defend","thefirefly:StealthMode+1","thefirefly:PhotonBlast","thefirefly:AlphaStrike","thefirefly:AutoTargeting","thefirefly:ShieldArray","thefirefly:FlareScreen","thefirefly:LaserMail","thefirefly:ChargedLaser"],"relics":["thefirefly:StealthSystem","NeowsBlessing","Quantum Egg","Replay:Wax Seal","Singing Bowl","Toxic Egg 2"],"acts_visited":["Exordium"],"potions_floor_usage":[13],"damage_taken":[{"damage":0,"enemies":"Jaw Worm","floor":1,"turns":1},{"damage":0,"enemies":"2 Louse","floor":5,"turns":1},{"damage":0,"enemies":"Lagavulin","floor":6,"turns":1},{"damage":3,"enemies":"Cultist","floor":7,"turns":4},{"damage":12,"enemies":"Gremlin Gang","floor":8,"turns":6},{"damage":1,"enemies":"3 Louse","floor":10,"turns":5},{"damage":5,"enemies":"Looter","floor":12,"turns":4},{"damage":9,"enemies":"Gremlin Gang","floor":13,"turns":4},{"damage":0,"enemies":"Red Slaver","floor":14,"turns":5},{"damage":8,"enemies":"Fading Forest","floor":16,"turns":7}],"seed_played":"61892338930788004","potions_obtained":[{"floor":1,"key":"Dexterity Potion"},{"floor":8,"key":"SpeedPotion"},{"floor":13,"key":"Block Potion"}],"is_trial":false,"path_per_floor":["M","?","?","?","M","E","M","M","T","M","$","M","M","M","R","B"],"character_chosen":"THE_FIREFLY","items_purchased":["Singing Bowl","Toxic Egg 2"],"campfire_rested":1,"item_purchase_floors":[11,11],"current_hp_per_floor":[55,55,55,55,55,55,52,40,40,39,39,36,29,31,49,41,41],"gold":36,"neow_bonus":"THREE_ENEMY_KILL","is_daily":false,"chose_seed":false,"campfire_upgraded":0,"win_rate":0.0,"timestamp":1608686532,"path_taken":["M","?","?","?","M","E","?","M","T","M","$","?","M","M","R","BOSS"],"items_purchased_type":["Relic","Relic"],"build_version":"2020-12-13","purchased_purges":1,"victory":false,"max_hp_per_floor":[55,55,55,55,55,55,55,55,55,55,55,57,59,61,61,61,61],"card_choices":[{"not_picked":["thefirefly:Lamentation","thefirefly:Distort","thefirefly:Reposition"],"picked":"SKIP","floor":1},{"not_picked":["thefirefly:Boost","thefirefly:Flight"],"picked":"thefirefly:AutoTargeting","floor":5},{"not_picked":["thefirefly:MirrorShield","thefirefly:EMP"],"picked":"thefirefly:ShieldArray","floor":6},{"not_picked":["thefirefly:AccountUncertainty","thefirefly:CreateClone"],"picked":"thefirefly:FlareScreen","floor":7},{"not_picked":["thefirefly:Pacify","thefirefly:Quine"],"picked":"thefirefly:LaserMail","floor":8},{"not_picked":["thefirefly:Rend","thefirefly:LaserMail"],"picked":"thefirefly:ChargedLaser","floor":10},{"not_picked":["thefirefly:Reposition+1","thefirefly:ShieldGenerator","thefirefly:Teleport+1"],"picked":"Singing Bowl","floor":12},{"not_picked":["thefirefly:AutoTargeting","thefirefly:StoredPower+1","thefirefly:Teleport+1"],"picked":"Singing Bowl","floor":13},{"not_picked":["thefirefly:StoredPower+1","thefirefly:ShieldArray+1","thefirefly:Rend"],"picked":"Singing Bowl","floor":14}],"player_experience":618891,"relics_obtained":[{"floor":6,"key":"Quantum Egg"},{"floor":9,"key":"Replay:Wax Seal"}],"event_choices":[{"damage_healed":0,"gold_gain":175,"player_choice":"AGREE","damage_taken":0,"max_hp_gain":0,"max_hp_loss":0,"event_name":"Liars Game","floor":2,"gold_loss":0,"cards_obtained":["Doubt"]},{"damage_healed":0,"gold_gain":0,"player_choice":"1 cards matched","damage_taken":0,"max_hp_gain":0,"max_hp_loss":0,"event_name":"Match and Keep!","floor":4,"gold_loss":0,"cards_obtained":["thefirefly:AlphaStrike"]}],"is_beta":false,"boss_relics":[],"items_purged_floors":[11],"is_endless":false,"potions_floor_spawned":[1,8,13],"killed_by":"Fading Forest","ascension_level":0}}