{"host":"y3iy5gb13b300rns","time":1608690519,"event":{"mods":["BaseMod","Bestiary","Curses Come First","Minty Spire (QoL Compilation)","Replay The Spire","StSLib","The Runesmith"],"gold_per_floor":[115,128,128,145,320,320,320,330,356,370,370,389,15,34,34,138,138,153,167,167,184,109,144,144,164,164,164,192,208,224,239,239,342,342,353,575,588,434,450,450,485,485,485,485,504,504,524,534,534,534],"floor_reached":51,"playtime":3972,"items_purged":[],"score":795,"play_id":"2dfbc074-0701-41fc-96de-6823e829c672","local_time":"20201222202838","is_ascension_mode":false,"campfire_choices":[{"data":"Eruption","floor":6.0,"key":"SMITH"},{"floor":11.0,"key":"REST"},{"floor":15.0,"key":"REST"},{"floor":24.0,"key":"REST"},{"data":"CutThroughFate","floor":27.0,"key":"SMITH"},{"data":"FlyingSleeves","floor":27.0,"key":"SMITH"},{"data":"BowlingBash","floor":32.0,"key":"SMITH"},{"data":"SandsOfTime","floor":32.0,"key":"SMITH"},{"floor":40.0,"key":"REST"},{"floor":42.0,"key":"REST"},{"data":"Crescendo","floor":46.0,"key":"SMITH"},{"data":"CrushJoints","floor":46.0,"key":"SMITH"},{"data":"SpiritShield","floor":49.0,"key":"SMITH"},{"data":"EmptyBody","floor":49.0,"key":"SMITH"}],"circlet_count":0,"master_deck":["Strike_P","Strike_P","Strike_P","Strike_P","Defend_P","Defend_P","Defend_P","Defend_P","Eruption+1","Evaluate","SpiritShield+1","BowlingBash+1","Ragnarok+1","CutThroughFate+1","Worship","Swivel+1","Perseverance+1","FlyingSleeves+1","Brilliance","CrushJoints+1","Crescendo+1","EmptyMind","CutThroughFate+1","EmptyBody+1","Wireheading","FlurryOfBlows+1","SandsOfTime+1","CrushJoints+1","Doubt","Injury","Pain","JustLucky","ClearTheMind+1","ThirdEye+1","Replay:LoomingThreat","CrushJoints+1","Protect","CrushJoints"],"relics":["PureWater","FaceOfCleric","Replay:Baseball","Replay:Arrowhead","Busted Crown","MutagenicStrength","ReplayTheSpireMod:TigerMarble","Damaru","Red Mask","Replay:Ancient Bell","Vajra","Meat on the Bone","TungstenRod","TheAbacus","Gremlin Food","ReplayTheSpireMod:Ninjato"],"acts_visited":["Exordium","TheCity","TheBeyond"],"potions_floor_usage":[50],"damage_taken":[{"damage":16.0,"enemies":"Small Slimes","floor":1.0,"turns":3.0},{"damage":0.0,"enemies":"Cultist","floor":2.0,"turns":2.0},{"damage":0.0,"enemies":"Jaw Worm","floor":4.0,"turns":1.0},{"damage":4.0,"enemies":"Blue Slaver","floor":8.0,"turns":7.0},{"damage":12.0,"enemies":"Gremlin Gang","floor":10.0,"turns":4.0},{"damage":13.0,"enemies":"Large Slime","floor":12.0,"turns":6.0},{"damage":1.0,"enemies":"2 Fungi Beasts","floor":14.0,"turns":3.0},{"damage":15.0,"enemies":"The Guardian","floor":16.0,"turns":9.0},{"damage":0.0,"enemies":"3 Byrds","floor":18.0,"turns":5.0},{"damage":16.0,"enemies":"2 Thieves","floor":19.0,"turns":4.0},{"damage":12.0,"enemies":"Snake Plant","floor":21.0,"turns":3.0},{"damage":0.0,"enemies":"Slavers","floor":23.0,"turns":1.0},{"damage":12.0,"enemies":"Centurion and Healer","floor":25.0,"turns":4.0},{"damage":0.0,"enemies":"Masked Bandits","floor":28.0,"turns":3.0},{"damage":10.0,"enemies":"Cultist and Chosen","floor":29.0,"turns":4.0},{"damage":0.0,"enemies":"Chosen and Byrds","floor":30.0,"turns":4.0},{"damage":0.0,"enemies":"Sentry and Sphere","floor":31.0,"turns":1.0},{"damage":6.0,"enemies":"Collector","floor":33.0,"turns":5.0},{"damage":30.0,"enemies":"3 Darklings","floor":35.0,"turns":5.0},{"damage":0.0,"enemies":"Orb Walker","floor":37.0,"turns":1.0},{"damage":5.0,"enemies":"Sphere and 2 Shapes","floor":39.0,"turns":3.0},{"damage":38.0,"enemies":"Reptomancer","floor":41.0,"turns":3.0},{"damage":14.0,"enemies":"Spire Growth","floor":45.0,"turns":3.0},{"damage":0.0,"enemies":"4 Shapes","floor":47.0,"turns":3.0},{"damage":0.0,"enemies":"3 Darklings","floor":48.0,"turns":3.0},{"damage":84,"enemies":"Donu and Deca","floor":50,"turns":10}],"seed_played":"6541152304068143964","potions_obtained":[{"floor":0.0,"key":"DuplicationPotion"},{"floor":0.0,"key":"Explosive Potion"},{"floor":0.0,"key":"ColorlessPotion"},{"floor":1.0,"key":"Energy Potion"},{"floor":10.0,"key":"SneckoOil"},{"floor":16.0,"key":"Weak Potion"},{"floor":21.0,"key":"Adrenaline Potion"},{"floor":28.0,"key":"Energy Potion"},{"floor":30.0,"key":"GamblersBrew"},{"floor":33.0,"key":"Cursed Concoction"},{"floor":37.0,"key":"PowerPotion"},{"floor":45.0,"key":"Fire Potion"},{"floor":47.0,"key":"SpeedPotion"}],"is_trial":false,"path_per_floor":["M","M","?","M","?","R","?","M","T","M","R","M","$","M","R","B",null,"M","M","?","M","?","E","R","M","T","R","?","M","M","M","R","B",null,"M","?","M","$","M","R","E","R","T","?","M","R","M","M","R","B",null],"character_chosen":"WATCHER","items_purchased":["Replay:Arrowhead","Perseverance+1","TheAbacus"],"campfire_rested":5,"item_purchase_floors":[13,13,38],"current_hp_per_floor":[56,56,56,57,57,57,57,54,54,43,65,53,53,53,76,62,78,79,64,64,53,53,54,78,67,67,67,68,59,64,65,65,60,88,59,59,60,60,56,83,58,85,85,102,89,89,90,91,91,20],"gold":534,"neow_bonus":"THREE_SMALL_POTIONS","is_daily":false,"chose_seed":false,"campfire_upgraded":9,"win_rate":0.0,"timestamp":1608690518,"path_taken":["M","M","?","?","?","R","?","M","T","M","R","M","?","M","R","BOSS","M","?","?","M","?","E","R","M","T","R","?","M","M","M","R","BOSS","M","?","M","$","M","R","E","R","T","?","M","R","M","?","R","BOSS"],"items_purchased_type":["Relic","Card","Relic"],"build_version":"2020-12-13","purchased_purges":0,"victory":true,"max_hp_per_floor":[72,72,72,73,73,73,73,74,74,75,75,76,76,77,77,78,78,79,80,80,81,81,82,82,83,83,83,84,85,86,87,87,88,88,89,89,90,90,91,91,92,92,92,102,103,103,104,105,105,106],"card_choices":[{"not_picked":["EmptyBody","EmptyFist"],"picked":"Evaluate","floor":1.0},{"not_picked":["EmptyBody","Replay:Battleflow"],"picked":"SpiritShield","floor":2.0},{"not_picked":["Adaptation","FlurryOfBlows"],"picked":"BowlingBash","floor":4.0},{"not_picked":["Vengeance","BattleHymn"],"picked":"CutThroughFate","floor":8.0},{"not_picked":["JustLucky","FollowUp"],"picked":"Worship","floor":10.0},{"not_picked":["SashWhip","PathToVictory"],"picked":"Swivel","floor":12.0},{"not_picked":["Sanctity","Replay:Anticipation"],"picked":"FlyingSleeves","floor":14.0},{"not_picked":["Ragnarok","Establishment"],"picked":"Brilliance","floor":16.0},{"not_picked":[],"picked":"CrushJoints+1","floor":18.0},{"not_picked":[],"picked":"Crescendo","floor":19.0},{"not_picked":[],"picked":"EmptyMind","floor":21.0},{"not_picked":[],"picked":"CutThroughFate+1","floor":23.0},{"not_picked":[],"picked":"EmptyBody","floor":25.0},{"not_picked":[],"picked":"Wireheading","floor":28.0},{"not_picked":[],"picked":"FlurryOfBlows+1","floor":29.0},{"not_picked":[],"picked":"SandsOfTime","floor":30.0},{"not_picked":[],"picked":"CrushJoints","floor":31.0},{"not_picked":[],"picked":"Brilliance","floor":33.0},{"not_picked":[],"picked":"Doubt","floor":34.0},{"not_picked":[],"picked":"Injury","floor":34.0},{"not_picked":[],"picked":"Pain","floor":34.0},{"not_picked":[],"picked":"JustLucky","floor":35.0},{"not_picked":[],"picked":"ClearTheMind+1","floor":37.0},{"not_picked":[],"picked":"ThirdEye+1","floor":39.0},{"not_picked":[],"picked":"Replay:LoomingThreat","floor":41.0},{"not_picked":[],"picked":"CrushJoints+1","floor":45.0},{"not_picked":[],"picked":"Protect","floor":47.0},{"not_picked":[],"picked":"CrushJoints","floor":48.0}],"player_experience":363589,"relics_obtained":[{"floor":9.0,"key":"Replay:Baseball"},{"floor":23.0,"key":"ReplayTheSpireMod:TigerMarble"},{"floor":26.0,"key":"Damaru"},{"floor":28.0,"key":"Red Mask"},{"floor":41.0,"key":"Gremlin Food"},{"floor":43.0,"key":"ReplayTheSpireMod:Ninjato"}],"event_choices":[{"damage_healed":0.0,"max_hp_gain":0.0,"max_hp_loss":0.0,"gold_gain":0.0,"event_name":"FaceTrader","player_choice":"Trade","floor":3.0,"gold_loss":0.0,"damage_taken":0.0,"relics_obtained":["FaceOfCleric"]},{"damage_healed":0.0,"max_hp_gain":0.0,"max_hp_loss":0.0,"gold_gain":175.0,"event_name":"Liars Game","player_choice":"AGREE","floor":5.0,"gold_loss":0.0,"damage_taken":0.0,"cards_obtained":["Doubt"]},{"damage_healed":0.0,"max_hp_gain":0.0,"max_hp_loss":0.0,"gold_gain":0.0,"event_name":"Drug Dealer","player_choice":"Inject Mutagens","floor":20.0,"gold_loss":0.0,"damage_taken":0.0,"relics_obtained":["MutagenicStrength"]},{"cards_removed":["Doubt"],"damage_healed":0.0,"max_hp_gain":0.0,"max_hp_loss":0.0,"gold_gain":0.0,"event_name":"Beggar","player_choice":"Gave Gold","floor":22.0,"gold_loss":75.0,"damage_taken":0.0},{"damage_healed":0.0,"max_hp_gain":0.0,"max_hp_loss":0.0,"gold_gain":0.0,"event_name":"Masked Bandits","player_choice":"Fought Bandits","floor":28.0,"gold_loss":0.0,"damage_taken":0.0},{"damage_healed":0.0,"max_hp_gain":0.0,"max_hp_loss":0.0,"gold_gain":222.0,"event_name":"Tomb of Lord Red Mask","player_choice":"Wore Mask","floor":36.0,"gold_loss":0.0,"damage_taken":0.0},{"cards_removed":["Brilliance"],"damage_healed":7.0,"max_hp_gain":10.0,"max_hp_loss":0.0,"gold_gain":0.0,"event_name":"Bonfire Elementals","player_choice":"Offered Rare","floor":44.0,"gold_loss":0.0,"damage_taken":0.0}],"is_beta":false,"boss_relics":[{"not_picked":["SacredBark","Empty Cage"],"picked":"Busted Crown"},{"not_picked":["Fusion Hammer","Runic Pyramid"],"picked":"Replay:Ancient Bell"},{"not_picked":["Smiling Mask","Replay:Wax Seal"],"picked":"Vajra"},{"not_picked":["Garlic","The Courier"],"picked":"Meat on the Bone"},{"not_picked":["Du-Vu Doll","Peace Pipe"],"picked":"TungstenRod"}],"items_purged_floors":[],"is_endless":false,"potions_floor_spawned":[1,10,14,16,18,21,28,30,33,37,45,47],"ascension_level":0}}