{"host":"o7j6aatxjwpw1421","time":1608717012,"event":{"mods":["2.2 Compatiblity","BaseMod","Colored Map","DeckTracker","Highlight Path","Keyboard Shortcuts","Minty Spire (QoL Compilation)","Permanent Neow","Quick Restart","StSLib","SuperFastMode","everything is the same but u backflip on backflip"],"gold_per_floor":[16,34,34,53,68,68,68,103,174,194,194,209,209,219,219,321,321,335,355,280,296,314,314,347,360,360,360,375,400,220,270,270,370,370,386,433,483,203,217,217,243,253,279,312,331,342,359,389,389,389,389,389,70,98,98,98],"floor_reached":55,"playtime":4212,"items_purged":["Anger","Rupture+1"],"score":1330,"play_id":"44881bde-de55-419b-909e-86779ea7c60e","local_time":"20201223185012","is_ascension_mode":true,"campfire_choices":[{"data":"Barricade","floor":6.0,"key":"SMITH"},{"data":"Body Slam","floor":13.0,"key":"SMITH"},{"data":"Dual Wield","floor":15.0,"key":"SMITH"},{"data":"Pommel Strike","floor":23.0,"key":"SMITH"},{"data":"Second Wind","floor":32.0,"key":"SMITH"},{"data":"Apotheosis","floor":40.0,"key":"SMITH"},{"floor":49.0,"key":"RECALL"},{"data":"Exhume","floor":52.0,"key":"SMITH"}],"circlet_count":0,"master_deck":["AscendersBane","Defend_R","Defend_R","Defend_R","Bash","Barricade+1","Wild Strike+1","Battle Trance","Pommel Strike+1","Reckless Charge+1","Impervious","Dual Wield+1","Body Slam+1","Reaper","Battle Trance+1","Ghostly Armor+1","Armaments+1","Second Wind+1","Shockwave","Shrug It Off","Feel No Pain","Fire Breathing","Exhume+1","Power Through","Apotheosis+1","Warcry+1","Evolve"],"relics":["Burning Blood","Charon\u0027s Ashes","The Courier","Astrolabe","Tiny Chest","Matryoshka","Red Skull","Busted Crown","Mango","Sundial","Art of War","Whetstone","Bag of Marbles","Boot","Happy Flower","Shuriken","Bronze Scales","Nunchaku"],"acts_visited":["Exordium","TheCity","TheBeyond","TheEnding"],"potions_floor_usage":[55,55,55],"damage_taken":[{"damage":8.0,"enemies":"Jaw Worm","floor":1.0,"turns":4.0},{"damage":1.0,"enemies":"Cultist","floor":2.0,"turns":3.0},{"damage":3.0,"enemies":"Small Slimes","floor":4.0,"turns":3.0},{"damage":6.0,"enemies":"Exordium Thugs","floor":5.0,"turns":3.0},{"damage":25.0,"enemies":"Lagavulin","floor":8.0,"turns":4.0},{"damage":0.0,"enemies":"3 Louse","floor":10.0,"turns":4.0},{"damage":0.0,"enemies":"Looter","floor":12.0,"turns":1.0},{"damage":0.0,"enemies":"2 Fungi Beasts","floor":14.0,"turns":2.0},{"damage":0.0,"enemies":"Slime Boss","floor":16.0,"turns":8.0},{"damage":0.0,"enemies":"Chosen","floor":18.0,"turns":2.0},{"damage":6.0,"enemies":"3 Byrds","floor":19.0,"turns":5.0},{"damage":13.0,"enemies":"Centurion and Healer","floor":21.0,"turns":6.0},{"damage":30.0,"enemies":"Cultist and Chosen","floor":22.0,"turns":6.0},{"damage":25.0,"enemies":"Gremlin Leader","floor":24.0,"turns":5.0},{"damage":0.0,"enemies":"Chosen and Byrds","floor":25.0,"turns":4.0},{"damage":12.0,"enemies":"Snake Plant","floor":28.0,"turns":5.0},{"damage":20.0,"enemies":"Slavers","floor":29.0,"turns":6.0},{"damage":30.0,"enemies":"Collector","floor":33.0,"turns":9.0},{"damage":0.0,"enemies":"Orb Walker","floor":35.0,"turns":3.0},{"damage":24.0,"enemies":"2 Orb Walkers","floor":36.0,"turns":4.0},{"damage":0.0,"enemies":"3 Shapes","floor":39.0,"turns":7.0},{"damage":59.0,"enemies":"Nemesis","floor":41.0,"turns":7.0},{"damage":18.0,"enemies":"Transient","floor":42.0,"turns":5.0},{"damage":23.0,"enemies":"Reptomancer","floor":44.0,"turns":9.0},{"damage":15.0,"enemies":"Maw","floor":45.0,"turns":7.0},{"damage":0.0,"enemies":"Spire Growth","floor":46.0,"turns":5.0},{"damage":14.0,"enemies":"4 Shapes","floor":47.0,"turns":4.0},{"damage":0.0,"enemies":"Nemesis","floor":48.0,"turns":9.0},{"damage":59.0,"enemies":"Time Eater","floor":50.0,"turns":13.0},{"damage":42.0,"enemies":"Shield and Spear","floor":54.0,"turns":8.0},{"damage":90,"enemies":"The Heart","floor":55,"turns":3}],"seed_played":"8855167603195690181","potions_obtained":[{"floor":3.0,"key":"Swift Potion"},{"floor":3.0,"key":"SteroidPotion"},{"floor":3.0,"key":"Weak Potion"},{"floor":5.0,"key":"Energy Potion"},{"floor":8.0,"key":"CultistPotion"},{"floor":12.0,"key":"EssenceOfSteel"},{"floor":16.0,"key":"ColorlessPotion"},{"floor":18.0,"key":"AttackPotion"},{"floor":19.0,"key":"PowerPotion"},{"floor":21.0,"key":"Swift Potion"},{"floor":24.0,"key":"Energy Potion"},{"floor":41.0,"key":"SpeedPotion"},{"floor":42.0,"key":"Weak Potion"},{"floor":45.0,"key":"AttackPotion"},{"floor":46.0,"key":"Strength Potion"}],"is_trial":false,"path_per_floor":["M","M","?","M","M","R","$","E","T","M","?","M","R","M","R","B",null,"M","M","?","M","M","R","E","M","T","T","M","E","$","?","R","B",null,"M","?","T","$","M","R","E","M","T","E","M","M","M","E","R","B",null,"R","$","E","B"],"character_chosen":"IRONCLAD","items_purchased":["Feel No Pain","Fire Breathing","Power Through","Apotheosis","Evolve","Bronze Scales","LiquidBronze","PowerPotion","BlessingOfTheForge"],"campfire_rested":0,"item_purchase_floors":[30,30,38,38,53,53,53,53,53],"current_hp_per_floor":[70,75,75,78,78,78,78,59,59,65,70,76,76,82,82,85,85,85,85,85,82,64,64,45,51,51,51,52,46,46,46,46,49,76,85,81,81,81,99,99,46,46,46,63,60,73,70,83,83,56,88,88,88,66,0,0],"gold":98,"neow_bonus":"TRANSFORM_TWO_CARDS","is_daily":false,"chose_seed":false,"campfire_upgraded":7,"win_rate":0.0,"timestamp":1608717012,"path_taken":["M","M","?","M","?","R","?","E","T","M","?","M","R","M","R","BOSS","M","M","?","M","M","R","E","M","T","?","M","E","$","?","R","BOSS","M","?","?","$","M","R","E","M","T","E","M","M","M","E","R","BOSS","R","$","E","BOSS"],"items_purchased_type":["Card","Card","Card","Card","Card","Relic","Potion","Potion","Potion"],"build_version":"2020-12-22","purchased_purges":2,"victory":false,"max_hp_per_floor":[80,80,80,80,80,80,80,80,80,80,85,85,85,85,85,85,85,85,85,85,85,85,85,85,85,85,85,85,85,85,85,85,85,85,85,99,99,99,99,99,99,99,99,99,99,99,99,99,99,99,99,99,99,99,99,99],"card_choices":[{"not_picked":["Clash","Rupture"],"picked":"Wild Strike","floor":1.0},{"not_picked":["Cleave","Sword Boomerang"],"picked":"Battle Trance","floor":2.0},{"not_picked":["Armaments","Headbutt"],"picked":"Pommel Strike","floor":4.0},{"not_picked":["Sword Boomerang","Wild Strike"],"picked":"Reckless Charge","floor":5.0},{"not_picked":["Clash","Sword Boomerang"],"picked":"Impervious","floor":8.0},{"not_picked":["Combust","Clash"],"picked":"Dual Wield","floor":10.0},{"not_picked":["Heavy Blade","Havoc"],"picked":"Body Slam","floor":12.0},{"not_picked":["Havoc","Clash","Sword Boomerang"],"picked":"SKIP","floor":14.0},{"not_picked":["Berserk","Brutality"],"picked":"Reaper","floor":16.0},{"not_picked":["Havoc","Pommel Strike","Rupture"],"picked":"SKIP","floor":18.0},{"not_picked":["Iron Wave","Inflame+1","Rupture+1"],"picked":"SKIP","floor":19.0},{"not_picked":["Sever Soul","Flame Barrier+1","Perfected Strike"],"picked":"SKIP","floor":21.0},{"not_picked":["Headbutt+1","Battle Trance"],"picked":"Armaments+1","floor":22.0},{"not_picked":["Feed","Iron Wave"],"picked":"Second Wind","floor":24.0},{"not_picked":["Thunderclap+1","Clothesline"],"picked":"Shockwave","floor":25.0},{"not_picked":["Pommel Strike","Warcry","Wild Strike+1"],"picked":"SKIP","floor":28.0},{"not_picked":["Cleave+1","Havoc"],"picked":"Shrug It Off","floor":29.0},{"not_picked":["Offering","Feed"],"picked":"Exhume","floor":33.0},{"not_picked":["Second Wind+1"],"picked":"SKIP","floor":35.0},{"not_picked":["Iron Wave"],"picked":"SKIP","floor":39.0},{"not_picked":["Sword Boomerang+1"],"picked":"SKIP","floor":41.0},{"not_picked":[],"picked":"Warcry+1","floor":42.0},{"not_picked":["Blood for Blood"],"picked":"SKIP","floor":44.0},{"not_picked":["Reckless Charge"],"picked":"SKIP","floor":45.0},{"not_picked":["Clothesline"],"picked":"SKIP","floor":46.0},{"not_picked":["Fire Breathing+1"],"picked":"SKIP","floor":47.0},{"not_picked":["Clothesline"],"picked":"SKIP","floor":48.0},{"not_picked":["Warcry+1"],"picked":"SKIP","floor":54.0}],"player_experience":329321,"relics_obtained":[{"floor":8.0,"key":"Charon\u0027s Ashes"},{"floor":9.0,"key":"The Courier"},{"floor":24.0,"key":"Tiny Chest"},{"floor":27.0,"key":"Matryoshka"},{"floor":29.0,"key":"Red Skull"},{"floor":36.0,"key":"Mango"},{"floor":37.0,"key":"Sundial"},{"floor":37.0,"key":"Art of War"},{"floor":41.0,"key":"Whetstone"},{"floor":43.0,"key":"Bag of Marbles"},{"floor":43.0,"key":"Boot"},{"floor":44.0,"key":"Happy Flower"},{"floor":48.0,"key":"Shuriken"},{"floor":54.0,"key":"Nunchaku"}],"event_choices":[{"damage_healed":0.0,"max_hp_gain":0.0,"max_hp_loss":0.0,"gold_gain":0.0,"event_name":"Lab","player_choice":"Got Potions","floor":3.0,"gold_loss":0.0,"damage_taken":0.0},{"damage_healed":0.0,"max_hp_gain":5.0,"max_hp_loss":0.0,"gold_gain":0.0,"event_name":"Big Fish","player_choice":"Donut","floor":11.0,"gold_loss":0.0,"damage_taken":0.0},{"cards_removed":["Defend_R"],"damage_healed":0.0,"max_hp_gain":0.0,"max_hp_loss":0.0,"gold_gain":0.0,"event_name":"Beggar","player_choice":"Gave Gold","floor":20.0,"gold_loss":75.0,"damage_taken":0.0},{"damage_healed":0.0,"max_hp_gain":0.0,"max_hp_loss":0.0,"gold_gain":100.0,"event_name":"The Joust","player_choice":"Bet on Murderer","floor":31.0,"gold_loss":50.0,"damage_taken":0.0},{"damage_healed":0.0,"max_hp_gain":0.0,"max_hp_loss":0.0,"gold_gain":0.0,"event_name":"Mysterious Sphere","player_choice":"Fight","floor":36.0,"gold_loss":0.0,"damage_taken":0.0}],"is_beta":false,"boss_relics":[{"not_picked":["Sozu","Runic Cube"],"picked":"Astrolabe"},{"not_picked":["Cursed Key","Tiny House"],"picked":"Busted Crown"}],"items_purged_floors":[30,38],"is_endless":false,"potions_floor_spawned":[5,8,12,16,18,19,21,24,41,42,45,46,54],"killed_by":"The Heart","ascension_level":10}}