{"host":"t7kvkl97w82750ny","time":1608719426,"event":{"mods":["2.2 Compatiblity","BaseMod","Bestiary","Minty Spire (QoL Compilation)","Permanent Neow","Relic Stats","StSLib"],"gold_per_floor":[109,124,124,124,139,139,139],"floor_reached":6,"playtime":202,"items_purged":[],"score":72,"play_id":"a0474a0b-939b-4496-ac6d-6c962e5c2e65","local_time":"20201223113026","is_ascension_mode":true,"campfire_choices":[],"circlet_count":0,"master_deck":["AscendersBane","Strike_P","Strike_P","Strike_P","Strike_P","Defend_P","Defend_P","Defend_P","Defend_P","Eruption+1","Vigilance","Wireheading","EmptyFist","FlurryOfBlows"],"relics":["Sozu","Golden Idol"],"acts_visited":["Exordium"],"potions_floor_usage":[],"damage_taken":[{"damage":0,"enemies":"Cultist","floor":1,"turns":2},{"damage":10,"enemies":"Small Slimes","floor":2,"turns":4},{"damage":2,"enemies":"Jaw Worm","floor":5,"turns":4},{"damage":12,"enemies":"Lagavulin","floor":6,"turns":5}],"seed_played":"-1261935911000142547","potions_obtained":[],"is_trial":false,"path_per_floor":["M","M","?","?","M","E"],"character_chosen":"WATCHER","items_purchased":[],"campfire_rested":0,"item_purchase_floors":[],"current_hp_per_floor":[61,51,28,28,26,14,14],"gold":139,"neow_bonus":"BOSS_RELIC","is_daily":false,"chose_seed":false,"campfire_upgraded":0,"win_rate":0.0,"timestamp":1608719426,"path_taken":["M","M","?","?","?","E"],"items_purchased_type":[],"build_version":"2020-12-22","purchased_purges":0,"victory":false,"max_hp_per_floor":[68,68,68,68,68,68,68],"relic_stats":{"Sozu":2,"counters":[4,15],"Golden Idol":3,"obtain_stats":[{"Sozu":0,"Golden Idol":3,"PureWater":0},{"Sozu":0,"Golden Idol":2,"PureWater":0},{"Sozu":0,"Golden Idol":6,"PureWater":0}]},"card_choices":[{"not_picked":["Swivel","Prostrate"],"picked":"Wireheading","floor":1},{"not_picked":["WreathOfFlame","Prostrate"],"picked":"EmptyFist","floor":2},{"not_picked":["WreathOfFlame","MentalFortress"],"picked":"FlurryOfBlows","floor":5}],"player_experience":1204629,"relics_obtained":[],"event_choices":[{"damage_healed":0,"gold_gain":0,"player_choice":"Take Damage","damage_taken":23,"relics_obtained":["Golden Idol"],"max_hp_gain":0,"max_hp_loss":0,"event_name":"Golden Idol","floor":3,"gold_loss":0},{"damage_healed":0,"gold_gain":0,"player_choice":"Grow","damage_taken":0,"max_hp_gain":0,"max_hp_loss":0,"event_name":"Living Wall","floor":4,"gold_loss":0,"cards_upgraded":["Eruption"]}],"is_beta":false,"boss_relics":[],"items_purged_floors":[],"is_endless":false,"potions_floor_spawned":[1,5],"killed_by":"Lagavulin","ascension_level":20}}