{"host":"684z1xpuwaoqmmh1","time":1608737117,"event":{"mods":["BaseMod","Downfall","Hermit","Jorbs\u0027s Wanderer Trilogy","Marisa????????","Minty Spire (QoL Compilation)","StSLib","The Hierophant","The Mystic"],"gold_per_floor":[99,114,131,131,147,166,190,190,206,235,10,26,26,46,60,136,136,136,156,256,269,279,279,279,279],"floor_reached":23,"playtime":1222,"items_purged":["hexamod:Strike"],"score":374,"play_id":"d5ad883f-6ac4-4a2f-882f-bdf171c52824","local_time":"20201223172517","is_ascension_mode":true,"campfire_choices":[{"data":"hexamod:Float","floor":1.0,"key":"SMITH"},{"data":"hexamod:EmpoweredFlame","floor":8.0,"key":"SMITH"},{"floor":13.0,"key":"REST"},{"floor":18.0,"key":"RECALL"}],"circlet_count":0,"master_deck":["AscendersBane","hexamod:Strike","hexamod:Strike","hexamod:Strike","hexamod:Defend","hexamod:Defend","hexamod:Defend","hexamod:Defend+1","hexamod:Sear","hexamod:Float+1","hexamod:EmpoweredFlame+1","hexamod:FourthSeal","hexamod:RadiantFlame","hexamod:ThirdSeal","hexamod:TimeWarp","hexamod:ShieldOfDarkness","hexamod:EmpoweredFlame","hexamod:HeatShield+1","hexamod:SixthSeal","hexamod:FlamesFromBeyond+1","hexamod:FastForward+1","hexamod:ChargedBarrage","hexamod:FastForward+1","hexamod:EmpoweredFlame","hexamod:WildfireWeapon","hexamod:SwordOfDarkness","hexamod:Hexaguard","hexamod:ExtraCrispy"],"relics":["hexamod:SpiritBrand","Smiling Mask","Bronze Scales","Regal Pillow","hexamod:MatchstickCase","SlaversCollar"],"acts_visited":["Exordium","TheCity"],"potions_floor_usage":[19,22,22,23],"damage_taken":[{"damage":1.0,"enemies":"Small Slimes","floor":2.0,"turns":3.0},{"damage":0.0,"enemies":"2 Louse","floor":3.0,"turns":3.0},{"damage":1.0,"enemies":"Cultist","floor":5.0,"turns":5.0},{"damage":11.0,"enemies":"2 Fungi Beasts","floor":6.0,"turns":4.0},{"damage":5.0,"enemies":"Blue Slaver","floor":9.0,"turns":4.0},{"damage":4.0,"enemies":"Lagavulin","floor":10.0,"turns":7.0},{"damage":0.0,"enemies":"downfall:FleeingMerchant","floor":11.0,"turns":4.0},{"damage":8.0,"enemies":"Exordium Thugs","floor":12.0,"turns":4.0},{"damage":15.0,"enemies":"Exordium Wildlife","floor":14.0,"turns":6.0},{"damage":6.0,"enemies":"Lots of Slimes","floor":15.0,"turns":4.0},{"damage":35.0,"enemies":"downfall:Ironclad","floor":16.0,"turns":10.0},{"damage":10,"enemies":"3 Byrds","floor":19,"turns":3},{"damage":29,"enemies":"Centurion and Healer","floor":21,"turns":9},{"damage":11,"enemies":"3 Cultists","floor":22,"turns":4},{"damage":22,"enemies":"Gremlin Leader","floor":23,"turns":2}],"seed_played":"-2432004604604672058","potions_obtained":[{"floor":0.0,"key":"Fire Potion"},{"floor":0.0,"key":"Energy Potion"},{"floor":2.0,"key":"PowerPotion"},{"floor":6.0,"key":"PowerPotion"},{"floor":9.0,"key":"Strength Potion"},{"floor":10.0,"key":"LiquidMemories"},{"floor":11.0,"key":"Fruit Juice"},{"floor":12.0,"key":"GamblersBrew"},{"floor":14.0,"key":"FairyPotion"},{"floor":15.0,"key":"Dexterity Potion"},{"floor":16.0,"key":"AttackPotion"},{"floor":16.0,"key":"Regen Potion"},{"floor":21,"key":"GamblersBrew"},{"floor":22,"key":"DistilledChaos"}],"is_trial":false,"path_per_floor":["R","M","M","?","M","M","T","R","M","E","$","M","R","M","M","B",null,"R","M","?","M","M","E"],"character_chosen":"THE_SPIRIT","items_purchased":["hexamod:MatchstickCase"],"campfire_rested":1,"item_purchase_floors":[11],"current_hp_per_floor":[57,56,56,51,50,39,39,39,34,30,35,27,62,47,41,6,53,53,55,55,26,15,0,0,0],"gold":279,"neow_bonus":"THREE_SMALL_POTIONS","is_daily":false,"chose_seed":false,"campfire_upgraded":2,"win_rate":0.0,"timestamp":1608737117,"path_taken":["R","M","M","?","M","M","T","R","M","E","$","M","R","M","M","BOSS","BOSS","R","M","?","M","?","E"],"items_purchased_type":["Relic"],"build_version":"2020-12-22","purchased_purges":1,"victory":false,"max_hp_per_floor":[63,63,63,63,63,63,63,63,63,63,68,68,68,68,68,68,68,68,68,68,68,68,68,68,68],"card_choices":[{"not_picked":["hexamod:GhostLash","hexamod:GhostShield"],"picked":"hexamod:EmpoweredFlame","floor":2.0},{"not_picked":["hexamod:StepThrough","hexamod:GhostShield"],"picked":"hexamod:FourthSeal","floor":3.0},{"not_picked":["hexamod:Hexaguard","hexamod:GhostLash"],"picked":"hexamod:RadiantFlame","floor":5.0},{"not_picked":["hexamod:BacktrackSmack","hexamod:PhantomCloak"],"picked":"hexamod:ThirdSeal","floor":6.0},{"not_picked":["hexamod:ShieldOfDarkness","hexamod:HauntingEcho"],"picked":"hexamod:TimeWarp","floor":9.0},{"not_picked":["hexamod:Hexaguard","hexamod:SpectersWail"],"picked":"hexamod:ShieldOfDarkness","floor":9.0},{"not_picked":["hexamod:SpectersWail","hexamod:FourthSeal"],"picked":"hexamod:EmpoweredFlame","floor":10.0},{"not_picked":["hexamod:ThermalTransfer","hexamod:HauntingEcho"],"picked":"hexamod:HeatShield","floor":10.0},{"not_picked":["hexamod:ParanormalForm","hexamod:InspiringFlames"],"picked":"hexamod:SixthSeal","floor":11.0},{"not_picked":["hexamod:InspiringFlames","hexamod:NightmareStrike"],"picked":"hexamod:FlamesFromBeyond","floor":11.0},{"not_picked":["hexamod:ParanormalForm","hexamod:BurningTouch"],"picked":"hexamod:FastForward","floor":12.0},{"not_picked":["hexamod:GhostLash","hexamod:ThermalTransfer","hexamod:BacktrackSmack"],"picked":"SKIP","floor":12.0},{"not_picked":["hexamod:InspiringFlames","hexamod:Firestarter"],"picked":"hexamod:ChargedBarrage","floor":14.0},{"not_picked":["hexamod:Rewind","hexamod:Firestarter"],"picked":"hexamod:FastForward","floor":14.0},{"not_picked":["hexamod:ThermalTransfer","hexamod:Hexaguard"],"picked":"hexamod:EmpoweredFlame","floor":15.0},{"not_picked":["hexamod:ChargedBarrage","hexamod:NecessarySacrifice","hexamod:BacktrackSmack"],"picked":"SKIP","floor":15.0},{"not_picked":["hexamod:TimeWarp","hexamod:ParanormalForm"],"picked":"hexamod:WildfireWeapon","floor":16.0},{"not_picked":["hexamod:Again","hexamod:ShieldOfDarkness+1"],"picked":"hexamod:SwordOfDarkness","floor":19},{"not_picked":["hexamod:Firestarter","hexamod:AdvancingGuard","hexamod:ThirdSeal"],"picked":"SKIP","floor":19},{"not_picked":["hexamod:GhostShield","hexamod:RainOfEmbers","hexamod:SwordOfDarkness+1"],"picked":"SKIP","floor":21},{"not_picked":["hexamod:Firestarter","hexamod:InspiringFlames","hexamod:SkipABeat"],"picked":"SKIP","floor":21},{"not_picked":["hexamod:EtherealExpedition","hexamod:RecurringNightmare"],"picked":"hexamod:Hexaguard","floor":22},{"not_picked":["hexamod:GhostShield","hexamod:GhostLash"],"picked":"hexamod:ExtraCrispy","floor":22}],"player_experience":2385779,"relics_obtained":[{"floor":7.0,"key":"Bronze Scales"},{"floor":10.0,"key":"Regal Pillow"}],"event_choices":[{"damage_healed":0.0,"max_hp_gain":0.0,"max_hp_loss":0.0,"gold_gain":0.0,"event_name":"Scrap Ooze","player_choice":"Success","floor":4.0,"gold_loss":0.0,"damage_taken":5.0,"relics_obtained":["Smiling Mask"]}],"is_beta":false,"boss_relics":[{"not_picked":["Astrolabe","Runic Pyramid"],"picked":"SlaversCollar"}],"items_purged_floors":[11],"is_endless":false,"potions_floor_spawned":[2,9,12,14,16,22],"killed_by":"Gremlin Leader","ascension_level":18}}