{"host":"6999i8eg5ewbhdiq","time":1608744017,"event":{"mods":["AchievementEnabler","BaseMod","Colored Map","Colored Powertips","Highlight Path","Minty Spire (QoL Compilation)"],"gold_per_floor":[115,133,408,223,240,274,136,136,136,136,152,163,113,113,113,213,213,223,234,234,109,127,127,39,39,39,55,55,69,69,69],"floor_reached":30,"playtime":1036,"items_purged":["Regret","Strike_R","Perfected Strike"],"score":351,"play_id":"756a3633-818f-4e4b-9f22-0c2d123a15c1","local_time":"20201223182017","is_ascension_mode":true,"campfire_choices":[{"floor":8,"key":"REST"},{"data":"Combust","floor":10,"key":"SMITH"},{"data":"Combust","floor":15,"key":"SMITH"},{"floor":23,"key":"REST"},{"floor":28,"key":"REST"}],"circlet_count":0,"master_deck":["Bash","Blood for Blood","Evolve","Combust+1","Hemokinesis","Combust+1","Bloodletting","Combust","Blood for Blood","Hemokinesis","Limit Break","Exhume","Combust","Searing Blow","Blood for Blood","Bandage Up","Blood for Blood"],"relics":["Burning Blood","Pear","War Paint","Pandora\u0027s Box","Dream Catcher"],"acts_visited":["Exordium","TheCity"],"potions_floor_usage":[16,20,30],"damage_taken":[{"damage":9,"enemies":"Jaw Worm","floor":1,"turns":5},{"damage":5,"enemies":"Cultist","floor":2,"turns":4},{"damage":6,"enemies":"2 Louse","floor":5,"turns":2},{"damage":35,"enemies":"Lagavulin","floor":6,"turns":6},{"damage":8,"enemies":"Looter","floor":11,"turns":2},{"damage":15,"enemies":"Blue Slaver","floor":12,"turns":4},{"damage":79,"enemies":"Hexaghost","floor":16,"turns":6},{"damage":22,"enemies":"Spheric Guardian","floor":18,"turns":3},{"damage":43,"enemies":"2 Thieves","floor":19,"turns":3},{"damage":0,"enemies":"Masked Bandits","floor":20,"turns":1},{"damage":41,"enemies":"Snecko","floor":22,"turns":4},{"damage":58,"enemies":"Snake Plant","floor":27,"turns":3},{"damage":37,"enemies":"Cultist and Chosen","floor":29,"turns":4},{"damage":39,"enemies":"3 Cultists","floor":30,"turns":3}],"seed_played":"4556168179331811978","potions_obtained":[{"floor":1,"key":"Fire Potion"},{"floor":16,"key":"SmokeBomb"},{"floor":18,"key":"FairyPotion"},{"floor":27,"key":"LiquidMemories"},{"floor":29,"key":"DistilledChaos"}],"is_trial":false,"path_per_floor":["M","M","?","$","M","E","$","R","T","R","M","M","?","?","R","B",null,"M","M","?","$","M","R","$","?","T","M","R","M","M"],"character_chosen":"IRONCLAD","items_purchased":["Combust","Hemokinesis","Combust","Bandage Up"],"campfire_rested":3,"item_purchase_floors":[4,4,7,24],"current_hp_per_floor":[85,86,86,86,86,67,67,96,96,96,94,85,85,85,85,12,98,82,45,51,51,16,45,45,45,45,27,56,29,0,0],"gold":69,"neow_bonus":"TEN_PERCENT_HP_BONUS","is_daily":false,"chose_seed":false,"campfire_upgraded":2,"win_rate":0.0,"timestamp":1608744017,"path_taken":["M","M","?","$","M","E","$","R","T","R","?","M","?","?","R","BOSS","M","M","?","$","M","R","$","?","T","M","R","?","?"],"items_purchased_type":["Card","Card","Card","Card"],"build_version":"2020-12-22","purchased_purges":3,"victory":false,"max_hp_per_floor":[88,88,88,88,88,98,98,98,98,98,98,98,98,98,98,98,98,98,98,98,98,98,98,98,98,98,98,98,98,98,98],"card_choices":[{"not_picked":["Havoc","Iron Wave"],"picked":"Blood for Blood","floor":1},{"not_picked":["Headbutt","Thunderclap"],"picked":"Evolve","floor":2},{"not_picked":["Twin Strike","Headbutt"],"picked":"Combust","floor":5},{"not_picked":["Thunderclap","Twin Strike"],"picked":"Bloodletting","floor":6},{"not_picked":["Heavy Blade","Twin Strike","Wild Strike"],"picked":"SKIP","floor":11},{"not_picked":["Pommel Strike","Evolve"],"picked":"Blood for Blood","floor":12},{"not_picked":["Dual Wield","Pommel Strike","Metallicize"],"picked":"SKIP","floor":18},{"not_picked":["Anger","Burning Pact","Body Slam"],"picked":"SKIP","floor":19},{"not_picked":["Sword Boomerang+1","Shockwave","Body Slam"],"picked":"SKIP","floor":22},{"not_picked":["Shockwave","Power Through+1","Ghostly Armor"],"picked":"SKIP","floor":27},{"not_picked":["Infernal Blade+1","Perfected Strike","Body Slam"],"picked":"SKIP","floor":29}],"player_experience":99115,"relics_obtained":[{"floor":6,"key":"Pear"},{"floor":9,"key":"War Paint"},{"floor":26,"key":"Dream Catcher"}],"event_choices":[{"damage_healed":0,"gold_gain":275,"player_choice":"Desecrate","damage_taken":0,"max_hp_gain":0,"max_hp_loss":0,"event_name":"Golden Shrine","floor":3,"gold_loss":0,"cards_obtained":["Regret"]},{"cards_removed":["Strike_R"],"damage_healed":0,"gold_gain":0,"player_choice":"Card Removal","damage_taken":0,"max_hp_gain":0,"max_hp_loss":0,"event_name":"The Cleric","floor":13,"gold_loss":50},{"damage_healed":0,"gold_gain":0,"player_choice":"Ignored","damage_taken":0,"max_hp_gain":0,"max_hp_loss":0,"event_name":"Golden Idol","floor":14,"gold_loss":0},{"damage_healed":0,"gold_gain":0,"player_choice":"Fought Bandits","damage_taken":0,"max_hp_gain":0,"max_hp_loss":0,"event_name":"Masked Bandits","floor":20,"gold_loss":0},{"damage_healed":0,"gold_gain":0,"player_choice":"Copied","damage_taken":0,"max_hp_gain":0,"max_hp_loss":0,"event_name":"Duplicator","floor":25,"gold_loss":0,"cards_obtained":["Blood for Blood"]}],"is_beta":false,"boss_relics":[{"not_picked":["Runic Cube","Mark of Pain"],"picked":"Pandora\u0027s Box"}],"items_purged_floors":[4,7,21],"is_endless":false,"potions_floor_spawned":[1,16,18,27,29],"killed_by":"3 Cultists","ascension_level":4}}