{"host":"ss2ocoam53r2lno0","time":1608751839,"event":{"mods":["Act Like it!","BaseMod","ChefMod","Colored Powertips","Displayed Cursed Tome","Downfall","Googly Eyes","Hallownest","Highlight Path","Minty Spire (QoL Compilation)","Rare Cards Sparkle","Robot Space Explorer","Shade Mod","Shop Mod","Spicy Shops","StSLib","The Marked"],"gold_per_floor":[112,112,126,126,146,173,173,201,201,201,234,251,281,291,291,394,394,408,80,100,0,20,20,20,20,43,61,61,80,100,127,127,227,227,242,242,252,270,270,305,26,38,64,98,98,98,98,109,109,109],"floor_reached":51,"playtime":2298,"items_purged":["theMarked:Strike","theMarked:Strike","Decay"],"score":747,"play_id":"68174d0f-4c20-4005-8204-5c8ef951b4b9","local_time":"20201223203039","is_ascension_mode":false,"campfire_choices":[{"data":"theMarked:SoldierOfQuellstein","floor":7.0,"key":"SMITH"},{"floor":15.0,"key":"REST"},{"data":"theMarked:Defy","floor":24.0,"key":"SMITH"},{"data":"theMarked:Challenge","floor":28.0,"key":"SMITH"},{"data":"theMarked:Parkour","floor":32.0,"key":"SMITH"},{"data":"theMarked:BindingBlade","floor":47.0,"key":"SMITH"},{"floor":49.0,"key":"REST"}],"circlet_count":0,"master_deck":["theMarked:Defend+1","theMarked:Defend","theMarked:Defend+1","theMarked:Defend","theMarked:SoldierOfQuellstein+1","theMarked:SwordAndMagic+1","theMarked:Challenge+1","theMarked:Parkour","theMarked:Defy+1","Shame","theMarked:EmpowerWeapon+1","theMarked:BindingBlade+1","theMarked:EmpowerWeapon+1","theMarked:Overcharge+1","Madness","theMarked:SwordAndMagic"],"relics":["sneckomod:SneckoTalon","HornCleat","InkBottle","Kunai","Dream Catcher","Empty Cage","Shuriken","MutagenicStrength","Nunchaku","sneckomod:BlankCard","Bird Faced Urn","theMarked:SpiritSword","Frozen Egg 2","Mango","Toy Ornithopter","Torii"],"acts_visited":["Exordium","TheCity","TheBeyond"],"potions_floor_usage":[50,50],"damage_taken":[{"damage":1.0,"enemies":"Jaw Worm","floor":1.0,"turns":3.0},{"damage":6.0,"enemies":"Cultist","floor":3.0,"turns":3.0},{"damage":0.0,"enemies":"2 Louse","floor":5.0,"turns":3.0},{"damage":46.0,"enemies":"Gremlin Nob","floor":6.0,"turns":5.0},{"damage":18.0,"enemies":"Lagavulin","floor":8.0,"turns":6.0},{"damage":3.0,"enemies":"Gremlin Nob","floor":11.0,"turns":4.0},{"damage":0.0,"enemies":"Large Slime","floor":12.0,"turns":5.0},{"damage":0.0,"enemies":"Lots of Slimes","floor":14.0,"turns":4.0},{"damage":8.0,"enemies":"Slime Boss","floor":16.0,"turns":7.0},{"damage":6.0,"enemies":"2 Thieves","floor":18.0,"turns":4.0},{"damage":0.0,"enemies":"Chosen","floor":20.0,"turns":4.0},{"damage":1.0,"enemies":"Snake Plant","floor":22.0,"turns":3.0},{"damage":0.0,"enemies":"3 Cultists","floor":27.0,"turns":4.0},{"damage":0.0,"enemies":"Shelled Parasite and Fungi","floor":29.0,"turns":2.0},{"damage":0.0,"enemies":"Cultist and Chosen","floor":30.0,"turns":3.0},{"damage":8.0,"enemies":"Gremlin Leader","floor":31.0,"turns":4.0},{"damage":19.0,"enemies":"Automaton","floor":33.0,"turns":6.0},{"damage":0.0,"enemies":"3 Darklings","floor":35.0,"turns":3.0},{"damage":0.0,"enemies":"Orb Walker","floor":37.0,"turns":1.0},{"damage":0.0,"enemies":"Transient","floor":38.0,"turns":5.0},{"damage":19.0,"enemies":"Nemesis","floor":40.0,"turns":5.0},{"damage":0.0,"enemies":"Sphere and 2 Shapes","floor":42.0,"turns":3.0},{"damage":15.0,"enemies":"Giant Head","floor":44.0,"turns":6.0},{"damage":0.0,"enemies":"Jaw Worm Horde","floor":48.0,"turns":1.0},{"damage":49,"enemies":"Time Eater","floor":50,"turns":6}],"seed_played":"-5276311132786387447","potions_obtained":[{"floor":1.0,"key":"FairyPotion"},{"floor":6.0,"key":"SteroidPotion"},{"floor":14.0,"key":"Block Potion"},{"floor":22.0,"key":"ColorlessPotion"},{"floor":30.0,"key":"PowerPotion"},{"floor":31.0,"key":"theMarked:SummonPotion"},{"floor":37.0,"key":"Swift Potion"},{"floor":48.0,"key":"SkillPotion"}],"is_trial":false,"path_per_floor":["M","?","M","?","M","E","R","E","T","?","E","M","?","M","R","B",null,"M","$","M","$","M","?","R","?","T","M","R","M","M","E","R","B",null,"M","?","M","M","?","E","$","M","T","E","$","?","R","M","R","B",null],"character_chosen":"THE_DEFAULT","items_purchased":["Shuriken","Mango"],"campfire_rested":2,"item_purchase_floors":[19,41],"current_hp_per_floor":[69,69,63,49,49,3,3,21,21,21,18,18,18,18,39,31,70,64,64,64,64,63,63,63,63,63,63,63,63,63,55,55,36,70,70,70,70,70,70,51,65,65,65,55,55,55,55,60,84,35],"gold":109,"neow_bonus":"BOSS_RELIC","is_daily":false,"chose_seed":false,"campfire_upgraded":5,"win_rate":0.0,"timestamp":1608751839,"path_taken":["M","?","?","?","M","E","R","E","T","?","E","?","?","M","R","BOSS","M","$","M","$","M","?","R","?","T","M","R","M","M","E","R","BOSS","M","?","M","M","?","E","$","?","T","E","$","?","R","M","R","BOSS"],"items_purchased_type":["Relic","Relic"],"build_version":"2020-12-22","purchased_purges":3,"victory":true,"max_hp_per_floor":[70,70,70,70,70,70,70,70,70,70,70,70,70,70,70,70,70,70,70,70,70,70,70,70,70,70,70,70,70,70,70,70,70,70,70,70,70,70,70,70,84,84,84,84,84,84,84,84,84,84],"card_choices":[{"not_picked":["theMarked:EnhanceMovement","theMarked:ShockingTouch","theMarked:Reabsorb"],"picked":"SKIP","floor":1.0},{"not_picked":["theMarked:ResourceFulStrike","theMarked:Frustration","theMarked:WastefulDefense"],"picked":"SKIP","floor":3.0},{"not_picked":["theMarked:ChainLightning","theMarked:Seal","theMarked:RepellingDischarge"],"picked":"SKIP","floor":5.0},{"not_picked":["theMarked:Improvise","theMarked:KeepCalmAndFightOn"],"picked":"theMarked:SwordAndMagic","floor":6.0},{"not_picked":["theMarked:Convert","theMarked:LightningStrikesTwice","theMarked:Parkour"],"picked":"SKIP","floor":8.0},{"not_picked":["theMarked:EnhancedHearing","theMarked:SwordAndMagic"],"picked":"theMarked:Challenge","floor":11.0},{"not_picked":["theMarked:ReduceFriction","theMarked:Static","theMarked:ResourceFulStrike"],"picked":"SKIP","floor":12.0},{"not_picked":["theMarked:MaelstromOfLightning","theMarked:BanishingWave"],"picked":"theMarked:Parkour","floor":14.0},{"not_picked":["theMarked:DispelDoubt","theMarked:Challenge"],"picked":"theMarked:Defy","floor":16.0},{"not_picked":["theMarked:StartUp","theMarked:ChainLightning","theMarked:RepellingDischarge"],"picked":"SKIP","floor":18.0},{"not_picked":["theMarked:BanishingStrike+1","theMarked:WardOff+1"],"picked":"theMarked:Parkour","floor":20.0},{"not_picked":["theMarked:TwofoldDefense","theMarked:Frustration","theMarked:WastefulAttack+1"],"picked":"SKIP","floor":22.0},{"not_picked":["theMarked:Polarize","theMarked:ResourceFulStrike"],"picked":"theMarked:EmpowerWeapon+1","floor":27.0},{"not_picked":["theMarked:Improvise","theMarked:WastefulAttack","theMarked:ElectricStrings"],"picked":"SKIP","floor":29.0},{"not_picked":["theMarked:RepellingDischarge","theMarked:WastefulAttack","theMarked:Defy"],"picked":"SKIP","floor":30.0},{"not_picked":["theMarked:Frustration","theMarked:Static","theMarked:ContemptForTheProud"],"picked":"SKIP","floor":31.0},{"not_picked":["theMarked:UnarmedFury","theMarked:FavorableWinds"],"picked":"theMarked:BindingBlade","floor":33.0},{"not_picked":["theMarked:WastefulDefense","theMarked:BanishingStrike","theMarked:EnhanceMovement+1"],"picked":"SKIP","floor":35.0},{"not_picked":["theMarked:Overthink+1","theMarked:Parkour+1"],"picked":"theMarked:EmpowerWeapon+1","floor":37.0},{"not_picked":["theMarked:WardOff+1","theMarked:Improvise","theMarked:Aftermath"],"picked":"SKIP","floor":38.0},{"not_picked":["theMarked:BanishingWave","theMarked:Static","theMarked:Convert"],"picked":"SKIP","floor":40.0},{"not_picked":["theMarked:WastefulAttack+1","theMarked:MuscleMemory","theMarked:MaelstromOfLightning+1"],"picked":"SKIP","floor":42.0},{"not_picked":["theMarked:LightningStrikesTwice+1","theMarked:Aftermath"],"picked":"theMarked:Overcharge+1","floor":44.0},{"not_picked":["expansioncontent:Torchfire","expansioncontent:AwakenDeath+1"],"picked":"Madness","floor":46.0},{"not_picked":["theMarked:BanishingStrike+1","theMarked:Polarize","theMarked:Electrocute+1"],"picked":"SKIP","floor":48.0},{"not_picked":["theMarked:Reabsorb+1","theMarked:MaelstromOfLightning+1"],"picked":"theMarked:SwordAndMagic","floor":49.0}],"player_experience":597564,"relics_obtained":[{"floor":6.0,"key":"HornCleat"},{"floor":8.0,"key":"InkBottle"},{"floor":9.0,"key":"Kunai"},{"floor":11.0,"key":"Dream Catcher"},{"floor":26.0,"key":"sneckomod:BlankCard"},{"floor":31.0,"key":"Bird Faced Urn"},{"floor":40.0,"key":"Frozen Egg 2"},{"floor":43.0,"key":"Toy Ornithopter"},{"floor":44.0,"key":"Torii"}],"event_choices":[{"cards_removed":["theMarked:Strike"],"damage_healed":0.0,"max_hp_gain":0.0,"max_hp_loss":0.0,"gold_gain":0.0,"event_name":"Bonfire Elementals","player_choice":"Offered Basic","floor":2.0,"gold_loss":0.0,"damage_taken":0.0},{"damage_healed":0.0,"max_hp_gain":0.0,"max_hp_loss":0.0,"gold_gain":0.0,"event_name":"Shining Light","player_choice":"Entered Light","floor":4.0,"gold_loss":0.0,"damage_taken":14.0,"cards_upgraded":["theMarked:Defend","theMarked:Defend"]},{"damage_healed":0.0,"max_hp_gain":0.0,"max_hp_loss":0.0,"gold_gain":0.0,"event_name":"Upgrade Shrine","player_choice":"Upgraded","floor":10.0,"gold_loss":0.0,"damage_taken":0.0,"cards_upgraded":["theMarked:SwordAndMagic"]},{"damage_healed":0.0,"max_hp_gain":0.0,"max_hp_loss":0.0,"gold_gain":30.0,"event_name":"Dead Adventurer","player_choice":"Searched \u00272\u0027 times","floor":13.0,"gold_loss":0.0,"damage_taken":0.0},{"damage_healed":0.0,"max_hp_gain":0.0,"max_hp_loss":0.0,"gold_gain":0.0,"event_name":"Drug Dealer","player_choice":"Inject Mutagens","floor":23.0,"gold_loss":0.0,"damage_taken":0.0,"relics_obtained":["MutagenicStrength"]},{"damage_healed":0.0,"max_hp_gain":0.0,"max_hp_loss":0.0,"gold_gain":0.0,"event_name":"Addict","player_choice":"Stole Relic","floor":25.0,"gold_loss":0.0,"damage_taken":0.0,"relics_obtained":["Nunchaku"],"cards_obtained":["Shame"]},{"cards_removed":["theMarked:Parkour"],"damage_healed":0.0,"max_hp_gain":0.0,"max_hp_loss":0.0,"gold_gain":0.0,"event_name":"Falling","player_choice":"Removed Attack","floor":36.0,"gold_loss":0.0,"damage_taken":0.0},{"damage_healed":0.0,"max_hp_gain":0.0,"max_hp_loss":0.0,"gold_gain":0.0,"event_name":"Wheel of Change","player_choice":"Cursed","floor":39.0,"gold_loss":0.0,"damage_taken":0.0,"cards_obtained":["Decay"]},{"damage_healed":0.0,"max_hp_gain":0.0,"max_hp_loss":0.0,"gold_gain":0.0,"event_name":"SensoryStone","player_choice":"Memory 1","floor":46.0,"gold_loss":0.0,"damage_taken":0.0}],"is_beta":false,"boss_relics":[{"not_picked":["Tiny House","SlaversCollar"],"picked":"Empty Cage"},{"not_picked":["Fusion Hammer","Busted Crown"],"picked":"theMarked:SpiritSword"}],"items_purged_floors":[19,21,41],"is_endless":false,"potions_floor_spawned":[1,6,14,22,29,30,31,37,38,42,48],"ascension_level":0}}