{"host":"cbq8yyebcqrqowe9","time":1608760105,"event":{"mods":["BaseMod","Better Altar","Better Match","Better Note","Better Sensory Stone","Better Skull","Better Third Choice","Hermit","Hubris","Minty Spire (QoL Compilation)","StSLib","The Blue Laboratory"],"gold_per_floor":[119,79,94,114,114,114,149,149,173,191,215,247,247,262,262,366,366,377,390,3,3,3,3],"floor_reached":22,"playtime":1258,"items_purged":[],"score":213,"play_id":"4b03b2e6-903d-40ab-baf1-10205b1de790","local_time":"20201223134825","is_ascension_mode":true,"campfire_choices":[{"data":"Noxious Fumes","floor":6,"key":"SMITH"},{"floor":13,"key":"REST"},{"floor":15,"key":"REST"}],"circlet_count":0,"master_deck":["Strike_G","Strike_G","Strike_G","Strike_G","Strike_G","Defend_G","Defend_G","Defend_G","Defend_G","Defend_G","Survivor","Neutralize","Noxious Fumes+1","Distraction","Poisoned Stab","Catalyst","Rupture+1","hubris:SlightOfHand","hubris:Counter","Noxious Fumes","Venomology","Outmaneuver+1","Deadly Poison","Noxious Fumes","Burst"],"relics":["Ring of the Snake","NeowsBlessing","Toy Ornithopter","hubris:TenFootPole","Centennial Puzzle","Potion Belt","hubris:AncientText","SacredBark","Lantern"],"acts_visited":["Exordium","TheCity"],"potions_floor_usage":[7,7,7,10,16,18,18,19,19,22],"damage_taken":[{"damage":0,"enemies":"Jaw Worm","floor":1,"turns":1},{"damage":0,"enemies":"Cultist","floor":3,"turns":1},{"damage":0,"enemies":"Small Slimes","floor":4,"turns":1},{"damage":4,"enemies":"3 Sentries","floor":7,"turns":6},{"damage":3,"enemies":"Blue Slaver","floor":10,"turns":4},{"damage":35,"enemies":"Gremlin Nob","floor":12,"turns":5},{"damage":34,"enemies":"Lots of Slimes","floor":14,"turns":4},{"damage":16,"enemies":"Hexaghost","floor":16,"turns":9},{"damage":36,"enemies":"3 Byrds","floor":18,"turns":4},{"damage":17,"enemies":"Shell Parasite","floor":19,"turns":3},{"damage":48,"enemies":"Snecko","floor":22,"turns":5}],"seed_played":"-7093528431581680044","potions_obtained":[{"floor":2,"key":"blueLaboratory:StoneskinPotion"},{"floor":2,"key":"Strength Potion"},{"floor":2,"key":"blueLaboratory:SuffocatingSmog"},{"floor":7,"key":"blueLaboratory:BubblePotion"},{"floor":14,"key":"blueLaboratory:EmptyBottle"},{"floor":16,"key":"blueLaboratory:AbyssPotion"},{"floor":18,"key":"LiquidMemories"}],"is_trial":false,"path_per_floor":["M","?","M","M","?","R","E","?","T","M","T","E","R","M","R","B",null,"M","M","$","?","M"],"character_chosen":"THE_SILENT","items_purchased":["Lantern","Noxious Fumes","Burst"],"campfire_rested":2,"item_purchase_floors":[20,20,20],"current_hp_per_floor":[70,70,70,70,70,70,66,58,58,60,60,25,46,12,33,22,70,45,38,38,38,0,0],"gold":3,"neow_bonus":"THREE_ENEMY_KILL","is_daily":false,"chose_seed":false,"campfire_upgraded":1,"win_rate":0.0,"timestamp":1608760105,"path_taken":["M","?","?","M","?","R","E","?","T","M","?","E","R","M","R","BOSS","M","M","$","?","M"],"items_purchased_type":["Relic","Card","Card"],"build_version":"2020-12-22","purchased_purges":0,"victory":false,"max_hp_per_floor":[70,70,70,70,70,70,70,70,70,70,70,70,70,70,70,70,70,74,74,74,74,74,74],"card_choices":[{"not_picked":["Blade Dance","Bouncing Flask"],"picked":"Noxious Fumes","floor":1},{"not_picked":["Caltrops","Dodge and Roll"],"picked":"Distraction","floor":3},{"not_picked":["Caltrops","Flechettes"],"picked":"Poisoned Stab","floor":4},{"not_picked":["Well Laid Plans","Distraction"],"picked":"Catalyst","floor":7},{"not_picked":["hubris:Sniper","Backflip"],"picked":"hubris:SlightOfHand","floor":10},{"not_picked":["Backflip","Dagger Throw"],"picked":"hubris:Counter","floor":12},{"not_picked":["Dodge and Roll","Flying Knee"],"picked":"Noxious Fumes","floor":14},{"not_picked":["Envenom","Glass Knife"],"picked":"Venomology","floor":16},{"not_picked":["Finisher","Quick Slash"],"picked":"Outmaneuver+1","floor":18},{"not_picked":["Bane+1","Concentrate+1"],"picked":"Deadly Poison","floor":19}],"player_experience":224679,"relics_obtained":[{"floor":7,"key":"Toy Ornithopter"},{"floor":9,"key":"Centennial Puzzle"},{"floor":11,"key":"Potion Belt"},{"floor":12,"key":"hubris:AncientText"}],"event_choices":[{"damage_healed":0,"gold_gain":0,"player_choice":"Bought 3 Potions","damage_taken":0,"max_hp_gain":0,"max_hp_loss":0,"event_name":"The Woman in Blue","floor":2,"gold_loss":0},{"damage_healed":0,"gold_gain":0,"player_choice":"Ignored","damage_taken":0,"max_hp_gain":0,"max_hp_loss":0,"event_name":"Golden Wing","floor":5,"gold_loss":0},{"damage_healed":0,"gold_gain":0,"player_choice":"Ignored","damage_taken":0,"max_hp_gain":0,"max_hp_loss":0,"event_name":"Ghosts","floor":21,"gold_loss":0}],"is_beta":false,"boss_relics":[{"not_picked":["Snecko Eye","Busted Crown"],"picked":"SacredBark"}],"items_purged_floors":[],"is_endless":false,"potions_floor_spawned":[3,7,14,16,18],"killed_by":"Snecko","ascension_level":2}}