{"host":"18wi9kpcl4eah7pe","time":1608710160,"event":{"mods":["BaseMod","Colored Powertips","Downfall","Minty Spire (QoL Compilation)","StSLib"],"gold_per_floor":[99,99,99,99,99,274,274,199,199,228,328,348,379,437,448,448,448,448],"floor_reached":16,"playtime":539,"items_purged":[],"score":129,"play_id":"c4b3f468-90d9-493a-8074-25d46c1aed87","local_time":"20201223015600","is_ascension_mode":false,"campfire_choices":[{"floor":1,"key":"RECALL"},{"data":"champ:FlashCut","floor":8,"key":"SMITH"}],"circlet_count":0,"master_deck":["champ:Strike","champ:Strike","champ:Strike","champ:Strike","champ:Defend","champ:Defend","champ:Defend","champ:Defend","champ:Execute","champ:Taunt","champ:FlashCut+1","champ:TornadoPunch","Doubt","champ:ShieldWall","champ:StrikeOfGenius","champ:Riposte","champ:Haymaker","champ:BringItOn","champ:DeathBlow"],"relics":["champ:ChampionCrown","downfall:HeartsMalice","downfall:BrokenWingStatue","champ:LiftRelic","Ginger","downfall:HeartBlessingRed","Toy Ornithopter","StrikeDummy","Champion Belt","Bag of Preparation","WingedGreaves"],"acts_visited":["Exordium"],"potions_floor_usage":[14,15,15],"damage_taken":[{"damage":0,"enemies":"Jaw Worm","floor":2,"turns":1},{"damage":0,"enemies":"Small Slimes","floor":5,"turns":1},{"damage":0,"enemies":"Lagavulin","floor":10,"turns":1},{"damage":33,"enemies":"Lagavulin","floor":11,"turns":4},{"damage":5,"enemies":"2 Louse","floor":12,"turns":3},{"damage":32,"enemies":"3 Sentries","floor":13,"turns":5},{"damage":29,"enemies":"Lagavulin Event","floor":14,"turns":6},{"damage":13,"enemies":"2 Fungi Beasts","floor":15,"turns":4},{"damage":10,"enemies":"downfall:Ironclad","floor":16,"turns":2}],"seed_played":"-4029902493137354323","potions_obtained":[{"floor":10,"key":"Weak Potion"},{"floor":11,"key":"hexamod:EctoCoolerPotion"},{"floor":13,"key":"Swift Potion"}],"is_trial":false,"path_per_floor":["R","M","?","?","M","?","T","R","?","E","?","M","E","?","M","B"],"character_chosen":"THE_CHAMP","items_purchased":[],"campfire_rested":0,"item_purchase_floors":[],"current_hp_per_floor":[90,90,90,90,90,90,90,90,78,78,50,50,28,4,1,0,0,0],"gold":448,"neow_bonus":"THREE_ENEMY_KILL","is_daily":false,"chose_seed":false,"campfire_upgraded":1,"win_rate":0.0,"timestamp":1608710160,"path_taken":["R","M","?","?","M","?","T","R","?","E","?","M","E","?","M","BOSS"],"items_purchased_type":[],"build_version":"2020-12-22","purchased_purges":0,"victory":false,"max_hp_per_floor":[90,90,90,90,90,90,90,90,90,90,90,90,90,90,90,90,90,90],"card_choices":[{"not_picked":["champ:FanOfKnives","champ:Backstep"],"picked":"champ:FlashCut","floor":2},{"not_picked":["champ:ViciousMockery","champ:DefensiveShout"],"picked":"champ:TornadoPunch","floor":5},{"not_picked":["champ:Backstep","champ:GladiatorsShout"],"picked":"champ:ShieldWall","floor":10},{"not_picked":["champ:Encircle","champ:FanOfKnives"],"picked":"champ:StrikeOfGenius","floor":11},{"not_picked":["champ:FocusedGladiator","champ:BerserkersShout"],"picked":"champ:Riposte","floor":12},{"not_picked":["champ:CrownThrow","champ:HeartStrike"],"picked":"champ:Haymaker","floor":13},{"not_picked":["champ:AdrenalArmor","champ:PerfectedStrike"],"picked":"champ:BringItOn","floor":14},{"not_picked":["champ:CrookedStrike","champ:RecklessLeap"],"picked":"champ:DeathBlow","floor":15}],"player_experience":839810,"relics_obtained":[{"floor":7,"key":"Ginger"},{"floor":10,"key":"StrikeDummy"},{"floor":11,"key":"Champion Belt"},{"floor":13,"key":"Bag of Preparation"}],"event_choices":[{"damage_healed":0,"gold_gain":0,"player_choice":"Success","damage_taken":12,"relics_obtained":["Toy Ornithopter"],"max_hp_gain":0,"max_hp_loss":0,"event_name":"Scrap Ooze","floor":9,"gold_loss":0}],"is_beta":false,"boss_relics":[],"items_purged_floors":[],"is_endless":false,"potions_floor_spawned":[10,11,13],"killed_by":"downfall:Ironclad","ascension_level":0}}