{"host":"dwyzfvnzfcqffr30","time":1608720126,"event":{"mods":["2.2 Compatiblity","Act Like it!","BaseMod","Beaked The Cultist","Better Altar","Better Match","Better Note","Better Sensory Stone","Better Skull","Better Third Choice","Clockwork Mod","Colored Map","Colored Powertips","Conspire","Downfall","Elementarium","GifTheSpireLib","Halation","Hermit","Hubris","Infinite Spire","Ironclad Rager","Jedi Mod","Menagerie","Mimic Mod","Minty Spire (QoL Compilation)","Permanent Neow","Random Character Button","Replay The Spire","Spicy Shops","StSLib","Stuff the Spire","The Construct","The Disciple","The Druid","The Marked","TheFirefly","Trackpad","vexMod"],"gold_per_floor":[418,430,430,15,28,156,156,156,183,196,320,320,333,437,437,540,540,551,551,107,22,133,257,257,257,339,471,671,787,787,787,787,887,887,898,908,923,923,923],"floor_reached":38,"playtime":2540,"items_purged":["Strike_P+1"],"score":632,"play_id":"cddf9a10-430a-4599-8860-57485a0ee656","local_time":"20201223024206","is_ascension_mode":true,"campfire_choices":[{"floor":7,"key":"RECALL"},{"floor":12,"key":"REST"},{"floor":24,"key":"REST"},{"floor":25,"key":"REST"},{"floor":32,"key":"REST"}],"circlet_count":0,"master_deck":["hermit:Strike_Hermit+1","hermit:Strike_Hermit+1","hermit:Strike_Hermit+1","hermit:Strike_Hermit+1","hermit:Defend_Hermit+1","hermit:Defend_Hermit+1","hermit:Defend_Hermit+1","hermit:Defend_Hermit+1","hermit:Snapshot+1","hermit:SprayPray+1","MasterReality+1","hermit:Gestalt+1","hermit:WideOpen+1","hermit:Desperado+1","hermit:Snipe+1","hermit:PistolWhip+1","hermit:LoneWolf+1","hermit:FinalCanter+1","hermit:HoleUp+1","Madness+1","hermit:Quickdraw+1","hermit:Malice+1","hermit:Coalescence+1","hermit:LowProfile+1","hermit:Maintenance+1"],"relics":["hermit:Momento","Bottled Tornado","Quantum Egg","Frozen Egg 2","Toxic Egg 2","Molten Egg 2","Juzu Bracelet","StuffTheSpire:TintedRock","hubris:EvacipatedBox","hubris:FruitBowl","ClockworkSouvenir","Regal Pillow","beaked:ShinyBauble","Replay:Rubber Ducky","trackpad:CultistFigurine","Centennial Puzzle","construct:ClawGrip","Mango","Lantern","hubris:BundleOfHerbs","Blood Vial","jedi:cryingmask","vexMod:BarristanHead","Replay:Wax Seal","trackpad:SappingStone","Black Star"],"acts_visited":["Menagerie:Menagerie","TheCity","TheBeyond"],"potions_floor_usage":[11,16,23,33],"damage_taken":[{"damage":0,"enemies":"Menagerie:StygianBoar","floor":1,"turns":3},{"damage":1,"enemies":"Menagerie:WhisperingWraith","floor":2,"turns":3},{"damage":0,"enemies":"Menagerie:2_RABBITS","floor":5,"turns":2},{"damage":13,"enemies":"Menagerie:Hydra","floor":6,"turns":4},{"damage":1,"enemies":"Menagerie:DREAD_MOTH_AND_GRAFTED_WORMS","floor":10,"turns":3},{"damage":16,"enemies":"Menagerie:VoidReaper","floor":11,"turns":4},{"damage":0,"enemies":"Menagerie:STYGIAN_BOAR_AND_RABBIT","floor":13,"turns":3},{"damage":15,"enemies":"Menagerie:Hydra","floor":14,"turns":3},{"damage":20,"enemies":"Menagerie:Chimera","floor":16,"turns":5},{"damage":12,"enemies":"Chosen","floor":18,"turns":3},{"damage":27,"enemies":"Replay:Snechameleon","floor":23,"turns":5},{"damage":39,"enemies":"Slavers","floor":27,"turns":6},{"damage":22,"enemies":"Gremlin Leader","floor":29,"turns":4},{"damage":63,"enemies":"conspire:MysteriousRune","floor":33,"turns":10},{"damage":61,"enemies":"3 Darklings","floor":35,"turns":11},{"damage":10,"enemies":"3 Shapes","floor":36,"turns":6},{"damage":5,"enemies":"Transient","floor":37,"turns":5},{"damage":42,"enemies":"conspire:MimicChest","floor":38,"turns":5}],"seed_played":"-7642757542758575679","potions_obtained":[{"floor":5,"key":"jedi:wingpotion"},{"floor":14,"key":"Regen Potion"},{"floor":16,"key":"Energy Potion"},{"floor":29,"key":"hermit:Tonic"}],"is_trial":false,"path_per_floor":["M","M","?","$","M","E","R","?","T","M","E","R","M","E","R_BF","B",null,"M","?","$","?","?","E","R","R","T","E","?","E","?","?","R","B",null,"M","M","M","?"],"character_chosen":"HERMIT","items_purchased":["ClockworkSouvenir","Regal Pillow","ColorlessPotion","Mango","Lantern"],"campfire_rested":4,"item_purchase_floors":[4,4,4,20,20],"current_hp_per_floor":[75,74,74,74,74,61,61,61,61,60,44,75,75,60,60,45,75,63,48,69,69,45,26,69,96,96,63,63,49,49,49,92,31,96,41,33,36,0,0],"gold":923,"neow_bonus":"TRANSFORM_CARD","is_daily":false,"chose_seed":false,"campfire_upgraded":0,"win_rate":0.0,"timestamp":1608720126,"path_taken":["M","M","?","$","M","E","R","?","T","M","E","R","M","E","R_BF","BOSS","M","?","$","?","?","E","R","R","T","E","?","E","?","?","R","BOSS","M","M","M","?"],"items_purchased_type":["Relic","Relic","Potion","Relic","Relic"],"build_version":"2020-12-22","purchased_purges":1,"victory":false,"max_hp_per_floor":[75,75,75,75,75,75,75,75,75,75,75,75,75,75,75,75,75,75,75,96,96,96,96,96,96,96,96,96,96,96,96,96,96,96,96,96,96,96,96],"card_choices":[{"not_picked":["hermit:Feint+1","hermit:Deadeye+1"],"picked":"hermit:Gestalt+1","floor":1},{"not_picked":["hermit:Headshot+1","hermit:Ricochet+1"],"picked":"hermit:WideOpen+1","floor":2},{"not_picked":["hermit:Vantage+1","hermit:DeadMansHand+1","hermit:BigShot+1"],"picked":"SKIP","floor":5},{"not_picked":["hermit:CalledShot+1","hermit:HighNoon+1","hermit:Ricochet+1"],"picked":"SKIP","floor":6},{"not_picked":["hermit:Roulette+1","hermit:Vantage+1"],"picked":"hermit:Desperado+1","floor":10},{"not_picked":["hermit:Misfire+1","hermit:TrackingShot+1"],"picked":"hermit:Snipe+1","floor":11},{"not_picked":["hermit:Vantage+1","hermit:Dive+1"],"picked":"hermit:PistolWhip+1","floor":13},{"not_picked":["hermit:OverwhelmingPower+1","hermit:Ricochet+1"],"picked":"hermit:LoneWolf+1","floor":14},{"not_picked":["hermit:FromBeyond+1","hermit:OverwhelmingPower+1"],"picked":"hermit:FinalCanter+1","floor":16},{"not_picked":["hermit:SprayPray+1","hermit:Desperado+1"],"picked":"hermit:HoleUp+1","floor":18},{"not_picked":["hermit:BigShot+1","hermit:LuckOfTheDraw+1"],"picked":"hermit:Quickdraw+1","floor":22},{"not_picked":["hermit:CalledShot+1","hermit:Cheat+1"],"picked":"hermit:Malice+1","floor":23},{"not_picked":["hermit:Roulette+1","hermit:ItchyTrigger+1","hermit:HighNoon+1"],"picked":"SKIP","floor":27},{"not_picked":["hermit:Roulette+1","hermit:Snipe+1"],"picked":"hermit:Coalescence+1","floor":29},{"not_picked":["hermit:Feint+1","hermit:Headshot+1"],"picked":"hermit:LowProfile+1","floor":35},{"not_picked":["hermit:Misfire+1","hermit:CursedWeapon+1","hermit:SprayPray+1"],"picked":"SKIP","floor":36},{"not_picked":["hermit:Midnight+1","hermit:HighCaliber+1"],"picked":"hermit:Maintenance+1","floor":37}],"player_experience":2349015,"relics_obtained":[{"floor":6,"key":"beaked:ShinyBauble"},{"floor":9,"key":"Replay:Rubber Ducky"},{"floor":11,"key":"trackpad:CultistFigurine"},{"floor":14,"key":"Centennial Puzzle"},{"floor":22,"key":"Blood Vial"},{"floor":23,"key":"jedi:cryingmask"},{"floor":27,"key":"vexMod:BarristanHead"},{"floor":29,"key":"Replay:Wax Seal"},{"floor":30,"key":"trackpad:SappingStone"}],"event_choices":[{"damage_healed":0,"gold_gain":0,"player_choice":"Simplicity","damage_taken":0,"max_hp_gain":0,"max_hp_loss":8,"event_name":"betterThird:BetterWriting","floor":0,"gold_loss":0},{"damage_healed":0,"gold_gain":0,"player_choice":"Ignore","damage_taken":0,"max_hp_gain":0,"max_hp_loss":0,"event_name":"Menagerie:ShimmeringGrove","floor":3,"gold_loss":0,"cards_obtained":["Strike_P"]},{"damage_healed":0,"gold_gain":0,"player_choice":"Ignored","damage_taken":0,"max_hp_gain":0,"max_hp_loss":0,"event_name":"Accursed Blacksmith","floor":8,"gold_loss":0},{"damage_healed":0,"gold_gain":2,"player_choice":"2","damage_taken":0,"max_hp_gain":0,"max_hp_loss":15,"event_name":"betterStone:BetterStone","floor":19,"gold_loss":0},{"damage_healed":0,"gold_gain":0,"player_choice":"Obtained Relic","damage_taken":0,"relics_obtained":["hubris:BundleOfHerbs"],"max_hp_gain":0,"max_hp_loss":0,"event_name":"Addict","floor":21,"gold_loss":85},{"damage_healed":0,"gold_gain":200,"player_choice":"Gold","damage_taken":0,"max_hp_gain":0,"max_hp_loss":0,"event_name":"Wheel of Change","floor":28,"gold_loss":0},{"damage_healed":0,"gold_gain":0,"player_choice":"Ignored","damage_taken":0,"max_hp_gain":0,"max_hp_loss":0,"event_name":"Ghosts","floor":31,"gold_loss":0}],"is_beta":false,"boss_relics":[{"not_picked":["vexMod:FluxCapacitor","trackpad:StolenKidneys","Honey Jar"],"picked":"construct:ClawGrip"},{"not_picked":["beaked:MawFillet","vexMod:RockOfEvil","ChewingGum"],"picked":"Black Star"}],"items_purged_floors":[4],"is_endless":false,"potions_floor_spawned":[5,14,16,29,35],"killed_by":"conspire:MimicChest","ascension_level":4}}