{"host":"4eao2pkwlmv012cz","time":1608712373,"event":{"mods":["BaseMod","Colored Powertips","Minty Spire (QoL Compilation)","Permanent Neow","Quick Restart","Random Character Button","StSLib"],"gold_per_floor":[109,109,34,53,66,66,80,111,182,182,194,194,225,236,236,308,308,323,32,48,5,25,25,25,25,25],"floor_reached":25,"playtime":805,"items_purged":["Defend_B"],"score":466,"play_id":"500232a2-753f-4e88-9298-99e0d518597a","local_time":"20201223033253","is_ascension_mode":true,"campfire_choices":[{"floor":6,"key":"REST"},{"floor":12,"key":"REST"},{"floor":15,"key":"REST"},{"floor":24,"key":"REST"}],"circlet_count":0,"master_deck":["AscendersBane","Strike_B","Strike_B","Defend_B+1","Defend_B","Zap","Dualcast","Force Field","Defragment+1","Sweeping Beam","Coolheaded+1","Ball Lightning","Glacier","Cold Snap","Biased Cognition","Darkness","Creative AI","Glacier","Compile Driver","Conserve Battery","Consume"],"relics":["Cracked Core","Emotion Chip","Pantograph","Tiny Chest","Busted Crown","MealTicket"],"acts_visited":["Exordium","TheCity"],"potions_floor_usage":[8,13,23,23],"damage_taken":[{"damage":2,"enemies":"Cultist","floor":1,"turns":4},{"damage":5,"enemies":"Small Slimes","floor":4,"turns":2},{"damage":10,"enemies":"Jaw Worm","floor":5,"turns":3},{"damage":10,"enemies":"Blue Slaver","floor":7,"turns":4},{"damage":15,"enemies":"Lagavulin","floor":8,"turns":6},{"damage":0,"enemies":"Looter","floor":11,"turns":4},{"damage":18,"enemies":"3 Sentries","floor":13,"turns":6},{"damage":4,"enemies":"Lots of Slimes","floor":14,"turns":2},{"damage":20,"enemies":"Slime Boss","floor":16,"turns":9},{"damage":8,"enemies":"Shell Parasite","floor":18,"turns":4},{"damage":13,"enemies":"Spheric Guardian","floor":20,"turns":5},{"damage":19,"enemies":"Snake Plant","floor":22,"turns":5},{"damage":14,"enemies":"Gremlin Leader","floor":23,"turns":2},{"damage":45,"enemies":"Slavers","floor":25,"turns":7}],"seed_played":"1693224087463650556","potions_obtained":[{"floor":1,"key":"CultistPotion"},{"floor":8,"key":"SkillPotion"},{"floor":16,"key":"SmokeBomb"},{"floor":20,"key":"CultistPotion"}],"is_trial":false,"path_per_floor":["M","?","?","M","M","R","M","E","T","?","M","R","E","M","R","B",null,"M","$","M","$","M","E","R","E"],"character_chosen":"DEFECT","items_purchased":["MealTicket","Compile Driver","Consume"],"campfire_rested":4,"item_purchase_floors":[19,19,21],"current_hp_per_floor":[44,44,44,39,29,50,40,25,25,4,4,25,7,3,24,29,61,53,53,40,55,36,22,43,0,0],"gold":25,"neow_bonus":"TRANSFORM_TWO_CARDS","is_daily":false,"chose_seed":false,"campfire_upgraded":0,"win_rate":0.0,"timestamp":1608712373,"path_taken":["M","?","?","?","M","R","M","E","T","?","M","R","E","M","R","BOSS","M","$","M","$","M","E","R","E"],"items_purchased_type":["Relic","Card","Card"],"build_version":"2020-12-22","purchased_purges":1,"victory":false,"max_hp_per_floor":[71,71,71,71,71,71,71,71,71,71,71,71,71,71,71,71,71,71,71,71,71,71,71,71,71,71],"card_choices":[{"not_picked":["Rebound","Gash"],"picked":"Sweeping Beam","floor":1},{"not_picked":["Static Discharge","Hologram"],"picked":"Coolheaded","floor":4},{"not_picked":["Go for the Eyes","Hologram"],"picked":"Ball Lightning","floor":5},{"not_picked":["Streamline","Steam Power","Gash"],"picked":"SKIP","floor":7},{"not_picked":["Barrage","Sunder"],"picked":"Glacier","floor":8},{"not_picked":["White Noise","Heatsinks"],"picked":"Cold Snap","floor":11},{"not_picked":["Seek","BootSequence"],"picked":"Biased Cognition","floor":13},{"not_picked":["Hologram","Tempest"],"picked":"Darkness","floor":14},{"not_picked":["Fission","Multi-Cast"],"picked":"Creative AI","floor":16},{"not_picked":[],"picked":"Glacier","floor":18},{"not_picked":[],"picked":"Conserve Battery","floor":20},{"not_picked":["Steam"],"picked":"SKIP","floor":22}],"player_experience":2845290,"relics_obtained":[{"floor":8,"key":"Emotion Chip"},{"floor":9,"key":"Pantograph"},{"floor":13,"key":"Tiny Chest"}],"event_choices":[{"damage_healed":0,"gold_gain":0,"player_choice":"Grow","damage_taken":0,"max_hp_gain":0,"max_hp_loss":0,"event_name":"Living Wall","floor":2,"gold_loss":0,"cards_upgraded":["Defragment"]},{"cards_removed":["Strike_B"],"damage_healed":0,"gold_gain":0,"player_choice":"Card Removal","damage_taken":0,"max_hp_gain":0,"max_hp_loss":0,"event_name":"The Cleric","floor":3,"gold_loss":75},{"damage_healed":0,"gold_gain":0,"player_choice":"Entered Light","damage_taken":21,"max_hp_gain":0,"max_hp_loss":0,"event_name":"Shining Light","floor":10,"gold_loss":0,"cards_upgraded":["Coolheaded","Defend_B"]}],"is_beta":false,"boss_relics":[{"not_picked":["SacredBark","Empty Cage"],"picked":"Busted Crown"}],"items_purged_floors":[19],"is_endless":false,"potions_floor_spawned":[1,8,16,20,23],"killed_by":"Slavers","ascension_level":20}}