{"host":"eez7vtcxu2i37lck","time":1608722564,"event":{"mods":["AchievementEnabler","BaseMod","Colored Map","Colored Powertips","Downfall","Hermit","Highlight Path","Hubris","Infinite Spire","Jorbs\u0027s Wanderer Trilogy","Minty Spire (QoL Compilation)","Quick Restart","Rare Cards Sparkle","Replay The Spire","Shop Mod","StSLib","The IronCluck"],"gold_per_floor":[99,118,137,137,39,50,50,50,63,79,179,179,179,179,179],"floor_reached":13,"playtime":453,"items_purged":[],"score":75,"play_id":"53ed83b0-c1ad-4d4b-9551-c213e845d16b","local_time":"20201223062244","is_ascension_mode":false,"campfire_choices":[{"data":"Slimebound:Tackle","floor":1,"key":"PURGE"},{"data":"Slimebound:TongueLash","floor":12,"key":"SMITH"}],"circlet_count":0,"master_deck":["Slimebound:Strike_Slimebound","Slimebound:Strike_Slimebound","Slimebound:Strike_Slimebound","Slimebound:Defend_Slimebound","Slimebound:Defend_Slimebound","Slimebound:Defend_Slimebound","Slimebound:Defend_Slimebound","Slimebound:Split","Slimebound:CorrosiveSpit","Slimebound:TongueLash","Slimebound:HauntingLick","Slimebound:SlimeSpikes","Slimebound:SamplingLick","Slimebound:TongueLash","Slimebound:HauntingLick","Slimebound:LeechingTouch","Slimebound:TongueLash+1"],"relics":["Slimebound:AbsorbEndCombat","Blood Vial","Sundial"],"acts_visited":["Exordium"],"potions_floor_usage":[13],"damage_taken":[{"damage":11,"enemies":"Jaw Worm","floor":2,"turns":5},{"damage":9,"enemies":"Cultist","floor":3,"turns":5},{"damage":9,"enemies":"downfall:FleeingMerchant","floor":5,"turns":4},{"damage":6,"enemies":"2 Louse","floor":6,"turns":2},{"damage":23,"enemies":"Gremlin Gang","floor":9,"turns":4},{"damage":8,"enemies":"Large Slime","floor":10,"turns":7},{"damage":85,"enemies":"Gremlin Nob","floor":13,"turns":6}],"seed_played":"6297322606569296132","potions_obtained":[{"floor":3,"key":"champ:CounterPotion"},{"floor":4,"key":"SteroidPotion"},{"floor":4,"key":"Doom Potion"}],"is_trial":false,"path_per_floor":["R_BF","M","M","?","$","M","T","?","M","M","?","R","E"],"character_chosen":"SLIMEBOUND","items_purchased":["Slimebound:SamplingLick","Slimebound:TongueLash"],"campfire_rested":0,"item_purchase_floors":[5,5],"current_hp_per_floor":[60,57,59,59,59,58,58,58,49,60,60,60,0,0,0],"gold":179,"neow_bonus":"RANDOM_COMMON_RELIC","is_daily":false,"chose_seed":false,"campfire_upgraded":1,"win_rate":0.0,"timestamp":1608722564,"path_taken":["R_BF","M","M","?","?","M","T","?","M","?","?","R","E"],"items_purchased_type":["Card","Card"],"build_version":"2020-12-22","purchased_purges":0,"victory":false,"max_hp_per_floor":[60,60,60,60,60,60,60,60,60,60,60,60,60,60,60],"card_choices":[{"not_picked":["Slimebound:Schlurp","Slimebound:SlimeSpikes"],"picked":"Slimebound:TongueLash","floor":2},{"not_picked":["Slimebound:LivingWall","Slimebound:FinishingTackle"],"picked":"Slimebound:HauntingLick","floor":3},{"not_picked":["Slimebound:SplitLeeching","Slimebound:ComboTackle"],"picked":"Slimebound:SlimeSpikes","floor":5},{"not_picked":["Slimebound:SplitLeeching","Slimebound:ComboTackle"],"picked":"Slimebound:HauntingLick","floor":6},{"not_picked":["Slimebound:Prepare","Slimebound:SlimeSpikes"],"picked":"Slimebound:LeechingTouch","floor":9},{"not_picked":["Slimebound:Nibble","Slimebound:LeechEnergy"],"picked":"Slimebound:TongueLash","floor":10}],"player_experience":225432,"relics_obtained":[{"floor":7,"key":"Sundial"}],"event_choices":[{"damage_healed":0,"gold_gain":0,"player_choice":"Got Potions","damage_taken":0,"max_hp_gain":0,"max_hp_loss":0,"event_name":"Lab","floor":4,"gold_loss":0},{"damage_healed":0,"gold_gain":0,"player_choice":"Ignored","damage_taken":0,"max_hp_gain":0,"max_hp_loss":0,"event_name":"NoteForYourself","floor":8,"gold_loss":0}],"is_beta":false,"boss_relics":[],"items_purged_floors":[],"is_endless":false,"potions_floor_spawned":[3,6,9],"killed_by":"Gremlin Nob","ascension_level":0}}