{"host":"7o30bgpqouqblh42","time":1608684396,"event":{"mods":["AchievementEnabler","Aspiration","BaseMod","Colored Map","Downfall","Highlight Path","Minty Spire (QoL Compilation)","StSLib","SuperFastMode"],"gold_per_floor":[99,112,127,127,37,37,37,37,137,162,177,177,177,177],"floor_reached":12,"playtime":544,"items_purged":["hexamod:Strike"],"score":66,"play_id":"b004a1f7-070b-45df-8a15-5faaa1604849","local_time":"20201222194636","is_ascension_mode":false,"campfire_choices":[{"floor":1,"key":"RECALL"},{"data":"hexamod:ParanormalForm","floor":6,"key":"SMITH"},{"data":"hexamod:DynamicBlow","floor":8,"key":"SMITH"}],"circlet_count":0,"master_deck":["hexamod:Strike","hexamod:Strike","hexamod:Strike","hexamod:Defend","hexamod:Defend","hexamod:Defend","hexamod:Defend","hexamod:Sear","hexamod:Float","hexamod:ParanormalForm+1","hexamod:DynamicBlow+1","hexamod:GhostLash","hexamod:PhantomCloak","hexamod:NecessarySacrifice"],"relics":["hexamod:SpiritBrand","downfall:BrokenWingStatue","Pear","Blood Vial"],"acts_visited":["Exordium"],"potions_floor_usage":[],"damage_taken":[{"damage":0,"enemies":"Cultist","floor":2,"turns":3},{"damage":0,"enemies":"Jaw Worm","floor":3,"turns":3},{"damage":0,"enemies":"downfall:FleeingMerchant","floor":5,"turns":4},{"damage":0,"enemies":"2 Louse","floor":11,"turns":3},{"damage":27,"enemies":"3 Sentries","floor":12,"turns":4}],"seed_played":"-5929119685645117473","potions_obtained":[{"floor":2,"key":"EssenceOfSteel"}],"is_trial":false,"path_per_floor":["R","M","M","?","$","R","T","R","?","T","M","E"],"character_chosen":"THE_SPIRIT","items_purchased":[],"campfire_rested":0,"item_purchase_floors":[],"current_hp_per_floor":[63,63,63,63,63,63,73,73,73,73,73,46,46,46],"gold":177,"neow_bonus":"THREE_RARE_CARDS","is_daily":false,"chose_seed":false,"campfire_upgraded":2,"win_rate":0.0,"timestamp":1608684396,"path_taken":["R","M","M","?","$","R","T","R","?","?","?","E"],"items_purchased_type":[],"build_version":"2020-12-13","purchased_purges":1,"victory":false,"max_hp_per_floor":[63,63,63,63,63,63,73,73,73,73,73,73,73,73],"card_choices":[{"not_picked":["hexamod:TimeWarp","hexamod:TurnItUp"],"picked":"hexamod:ParanormalForm","floor":0},{"not_picked":["hexamod:RadiantFlame","hexamod:RetreatToShadows"],"picked":"hexamod:DynamicBlow","floor":2},{"not_picked":["hexamod:RainOfEmbers","hexamod:ShieldOfDarkness"],"picked":"hexamod:GhostLash","floor":3},{"not_picked":["hexamod:Firestarter","hexamod:Hexaguard"],"picked":"hexamod:PhantomCloak","floor":5},{"not_picked":["hexamod:ExtraCrispy","hexamod:InspiringFlames"],"picked":"hexamod:NecessarySacrifice","floor":11}],"player_experience":89341,"relics_obtained":[{"floor":7,"key":"Pear"},{"floor":10,"key":"Blood Vial"}],"event_choices":[],"is_beta":false,"boss_relics":[],"items_purged_floors":[5],"is_endless":false,"potions_floor_spawned":[2],"killed_by":"3 Sentries","ascension_level":0}}