{"host":"8dhn6p16jorj0i1s","time":1608761270,"event":{"mods":["BaseMod","Colored Map","DeckTracker","Minty Spire (QoL Compilation)","Permanent Neow","Quick Restart"],"gold_per_floor":[117,117,133,35,35,67,67,67,67],"floor_reached":8,"playtime":440,"items_purged":["Strike_P"],"score":68,"play_id":"8772d912-af62-4128-8a65-a9a65dd35ce5","local_time":"20201223230750","daily_mods":["Heirloom","Uncertain Future","Elite Swarm"],"is_ascension_mode":true,"campfire_choices":[{"data":"Worship","floor":7.0,"key":"SMITH"}],"circlet_count":0,"master_deck":["Strike_P","Strike_P","Defend_P","Defend_P","Defend_P","Defend_P","Eruption","Vigilance","ThirdEye","Worship+1","Prostrate","Brilliance"],"relics":["PureWater","Prayer Wheel","Bottled Lightning"],"acts_visited":["Exordium"],"potions_floor_usage":[],"damage_taken":[{"damage":2.0,"enemies":"Jaw Worm","floor":1.0,"turns":3.0},{"damage":2.0,"enemies":"Cultist","floor":3.0,"turns":4.0},{"damage":57.0,"enemies":"Lagavulin","floor":6.0,"turns":10.0},{"damage":10,"enemies":"Gremlin Nob","floor":8,"turns":3}],"seed_played":"-7807404091636892242","potions_obtained":[{"floor":1.0,"key":"SmokeBomb"},{"floor":3.0,"key":"Explosive Potion"}],"is_trial":true,"path_per_floor":["M","?","M","$","$","E","R","E"],"character_chosen":"WATCHER","items_purchased":["Prostrate"],"campfire_rested":0,"item_purchase_floors":[4],"current_hp_per_floor":[70,70,68,68,68,11,11,1,1],"gold":67,"neow_bonus":"","is_daily":false,"chose_seed":false,"campfire_upgraded":1,"win_rate":0.0,"timestamp":1608761270,"path_taken":["M","?","M","?","$","E","R","E"],"items_purchased_type":["Card"],"build_version":"2020-12-22","purchased_purges":1,"victory":false,"max_hp_per_floor":[72,72,72,72,72,72,72,72,72],"card_choices":[{"not_picked":["FearNoEvil","EmptyBody","TalkToTheHand"],"picked":"SKIP","floor":1.0},{"not_picked":["Crescendo","Wireheading","FlyingSleeves"],"picked":"SKIP","floor":1.0},{"not_picked":["LikeWater","Weave"],"picked":"Worship","floor":3.0},{"not_picked":["EmptyMind","Wireheading","SashWhip"],"picked":"SKIP","floor":3.0},{"not_picked":["Devotion","SpiritShield"],"picked":"Brilliance","floor":6.0}],"player_experience":380845,"relics_obtained":[{"floor":6.0,"key":"Bottled Lightning"}],"event_choices":[{"damage_healed":0.0,"max_hp_gain":0.0,"max_hp_loss":0.0,"gold_gain":0.0,"cards_transformed":["Strike_P"],"event_name":"Living Wall","player_choice":"Change","floor":2.0,"gold_loss":0.0,"damage_taken":0.0,"cards_obtained":["ThirdEye"]}],"is_beta":false,"boss_relics":[],"items_purged_floors":[4],"is_endless":true,"potions_floor_spawned":[1,3],"killed_by":"Gremlin Nob","ascension_level":5}}