{"host":"oy4pyvr762z5n0bb","time":1608687032,"event":{"mods":["AchievementEnabler","BaseMod","Colored Map","Colored Powertips","Googly Eyes","Key Reminder","Minty Spire (QoL Compilation)","Quick Restart","Relic Sorter","StSLib","SuperFastMode","Unceasing Turn Reminder","slay the spire mod where everything is the same but ironclad has a cowboy hat"],"gold_per_floor":[119,133,55,67,67,99,99,115,115,115,115,115,115,131,131,226,226,242,271,271,271,285,285,312,312,335,335,347,347,134,165,165,165,165],"floor_reached":33,"playtime":520,"items_purged":["Strike_R"],"score":337,"play_id":"d4e711f3-23c8-42ac-bf28-670ed1048cb6","local_time":"20201222173032","is_ascension_mode":true,"campfire_choices":[{"floor":7,"key":"REST"},{"floor":11,"key":"REST"},{"data":"Spot Weakness","floor":15,"key":"SMITH"},{"floor":23,"key":"REST"},{"floor":27,"key":"REST"},{"floor":29,"key":"REST"},{"data":"Double Tap","floor":32,"key":"SMITH"}],"circlet_count":0,"master_deck":["Strike_R","Strike_R","Strike_R","Strike_R","Defend_R","Defend_R","Defend_R","Defend_R","Bash+1","Headbutt","Cleave","Pommel Strike","Spot Weakness+1","Anger","Havoc","Wild Strike","Regret","Anger","Demon Form","Inflame+1","Power Through","Anger","Necronomicurse","Pummel+1","Double Tap+1","Ghostly Armor","Rage+1"],"relics":["Burning Blood","Ornamental Fan","Matryoshka","Blood Vial","Question Card","Mercury Hourglass","Sozu","Red Mask","Blue Candle","Necronomicon","Strawberry","Ancient Tea Set","Omamori"],"acts_visited":["Exordium","TheCity"],"potions_floor_usage":[16,16],"damage_taken":[{"damage":1,"enemies":"Cultist","floor":1,"turns":3},{"damage":7,"enemies":"Jaw Worm","floor":2,"turns":3},{"damage":7,"enemies":"Small Slimes","floor":4,"turns":3},{"damage":46,"enemies":"Lagavulin","floor":6,"turns":6},{"damage":12,"enemies":"Looter","floor":8,"turns":3},{"damage":12,"enemies":"Large Slime","floor":14,"turns":4},{"damage":40,"enemies":"Hexaghost","floor":16,"turns":8},{"damage":7,"enemies":"Chosen","floor":18,"turns":2},{"damage":28,"enemies":"Masked Bandits","floor":19,"turns":4},{"damage":3,"enemies":"Spheric Guardian","floor":22,"turns":3},{"damage":29,"enemies":"Gremlin Leader","floor":24,"turns":6},{"damage":25,"enemies":"Snecko","floor":28,"turns":4},{"damage":16,"enemies":"Book of Stabbing","floor":31,"turns":4},{"damage":88,"enemies":"Collector","floor":33,"turns":5}],"seed_played":"8695153452107804413","potions_obtained":[{"floor":6,"key":"SkillPotion"},{"floor":14,"key":"DistilledChaos"}],"is_trial":false,"path_per_floor":["M","M","$","M","?","E","R","M","T","?","R","?","T","M","R","B",null,"M","?","?","?","M","R","E","?","T","R","M","R","$","E","R","B"],"character_chosen":"IRONCLAD","items_purchased":["Spot Weakness","Double Tap","Ghostly Armor"],"campfire_rested":5,"item_purchase_floors":[3,30,30],"current_hp_per_floor":[80,79,79,78,78,38,62,56,56,56,80,80,80,74,74,42,80,79,58,43,43,48,73,52,36,43,70,53,80,80,72,72,0,0],"gold":165,"neow_bonus":"THREE_CARDS","is_daily":false,"chose_seed":false,"campfire_upgraded":2,"win_rate":0.0,"timestamp":1608687032,"path_taken":["M","M","$","M","?","E","R","M","T","?","R","?","?","M","R","BOSS","M","?","?","?","M","R","E","?","T","R","M","R","?","E","R","BOSS"],"items_purchased_type":["Card","Card","Card"],"build_version":"2020-12-13","purchased_purges":1,"victory":false,"max_hp_per_floor":[80,80,80,80,80,80,80,80,80,80,80,80,80,80,80,80,80,80,80,85,85,85,85,85,85,92,92,92,92,92,92,92,92,92],"card_choices":[{"not_picked":["Shrug It Off","Power Through"],"picked":"Headbutt","floor":0},{"not_picked":["Body Slam","Metallicize"],"picked":"Cleave","floor":1},{"not_picked":["Ghostly Armor","Battle Trance"],"picked":"Pommel Strike","floor":2},{"not_picked":["Armaments","Shrug It Off"],"picked":"Anger","floor":4},{"not_picked":["Perfected Strike","Heavy Blade"],"picked":"Havoc","floor":6},{"not_picked":["Iron Wave","Twin Strike"],"picked":"Wild Strike","floor":8},{"not_picked":["Bludgeon","Clash","Fire Breathing"],"picked":"Anger","floor":14},{"not_picked":["Offering","Brutality","Corruption"],"picked":"Demon Form","floor":16},{"not_picked":["Intimidate","Disarm+1","Ghostly Armor"],"picked":"Inflame+1","floor":18},{"not_picked":["Entrench","Twin Strike","Iron Wave"],"picked":"Power Through","floor":19},{"not_picked":["Thunderclap+1","Shrug It Off+1","Pummel"],"picked":"Anger","floor":22},{"not_picked":["Bloodletting","Dropkick","Second Wind+1","Bludgeon"],"picked":"SKIP","floor":24},{"not_picked":["Reckless Charge","Uppercut","True Grit"],"picked":"Pummel+1","floor":28},{"not_picked":["Flex","Reckless Charge","True Grit"],"picked":"Rage+1","floor":31}],"player_experience":553919,"relics_obtained":[{"floor":6,"key":"Ornamental Fan"},{"floor":9,"key":"Matryoshka"},{"floor":13,"key":"Question Card"},{"floor":13,"key":"Mercury Hourglass"},{"floor":19,"key":"Red Mask"},{"floor":24,"key":"Blue Candle"},{"floor":25,"key":"Necronomicon"},{"floor":26,"key":"Strawberry"},{"floor":26,"key":"Ancient Tea Set"},{"floor":31,"key":"Omamori"}],"event_choices":[{"damage_healed":0,"gold_gain":0,"player_choice":"Leave","damage_taken":0,"max_hp_gain":0,"max_hp_loss":0,"event_name":"The Cleric","floor":5,"gold_loss":0},{"damage_healed":0,"gold_gain":0,"player_choice":"Grow","damage_taken":0,"max_hp_gain":0,"max_hp_loss":0,"event_name":"Living Wall","floor":10,"gold_loss":0,"cards_upgraded":["Bash"]},{"damage_healed":0,"gold_gain":0,"player_choice":"Box","damage_taken":0,"relics_obtained":["Blood Vial"],"max_hp_gain":0,"max_hp_loss":0,"event_name":"Big Fish","floor":12,"gold_loss":0,"cards_obtained":["Regret"]},{"damage_healed":0,"gold_gain":0,"player_choice":"Fought Bandits","damage_taken":0,"max_hp_gain":0,"max_hp_loss":0,"event_name":"Masked Bandits","floor":19,"gold_loss":0},{"damage_healed":0,"gold_gain":0,"player_choice":"Shed Blood","damage_taken":20,"max_hp_gain":5,"max_hp_loss":0,"event_name":"Forgotten Altar","floor":20,"gold_loss":0},{"damage_healed":0,"gold_gain":0,"player_choice":"Ignored","damage_taken":0,"max_hp_gain":0,"max_hp_loss":0,"event_name":"Ghosts","floor":21,"gold_loss":0},{"damage_healed":0,"gold_gain":0,"player_choice":"Obtained Book","damage_taken":16,"max_hp_gain":0,"max_hp_loss":0,"event_name":"Cursed Tome","floor":25,"gold_loss":0}],"is_beta":false,"boss_relics":[{"not_picked":["SacredBark","Astrolabe"],"picked":"Sozu"}],"items_purged_floors":[30],"is_endless":false,"potions_floor_spawned":[6,14,24,31],"killed_by":"Collector","ascension_level":4}}