{"host":"qw1m3zcvi888b4j7","time":1608690283,"event":{"mods":["AchievementEnabler","Act Like it!","BaseMod","Block Reminder","Colored Map","Colored Powertips","Curses Come First","DeckTracker","Hermit","Highlight Path","Hubris","Minty Spire (QoL Compilation)","Quick Restart","Rare Cards Sparkle","Relic Sorter","Relic Stats","Replay The Spire","StSLib","SuperFastMode","The Blue Laboratory","The Cursed","The Servant 0.9.4","everything is the same but u backflip on backflip"],"gold_per_floor":[117,117,128,198,198,198,209,234,260,260,289,289,316,1,1,102,102,120,137,187,211,211,211,211,211,211],"floor_reached":25,"playtime":1072,"items_purged":[],"score":228,"play_id":"db1bee24-8a11-41e9-a143-905d36406f81","local_time":"20201223032443","is_ascension_mode":true,"campfire_choices":[{"floor":6,"key":"RECALL"},{"floor":10,"key":"REST"},{"floor":12,"key":"REST"},{"floor":15,"key":"REST"},{"floor":23,"key":"REST"}],"circlet_count":0,"master_deck":["Strike_B","Strike_B","Strike_B","Strike_B","Defend_B","Defend_B","Defend_B","Defend_B","Zap+1","Dualcast","Reboot+1","Static Discharge","Sweeping Beam","Turbo","Melter","ReplayTheSpireMod:Repulse","Lockon","Conserve Battery","Rebound","Rebound","Echo Form","Mayhem","Dramatic Entrance","Midas Touch","Machine Learning","AbeCurse","Genetic Algorithm+1","Steam Power+1","Delirium","Capacitor","Core Surge","Necronomicurse"],"relics":["Cracked Core","ReplayTheSpireMod:ShopPack","hubris:Towel","Vajra","Orichalcum","ReplayTheSpireMod:Lightbulb","Eternal Feather","FossilizedHelix","Abe\u0027s Treasure","Ring of Greed","Ring of Fury","Golden Idol","MealTicket","Necronomicon"],"acts_visited":["Exordium","TheCity"],"potions_floor_usage":[8,8,8,16],"damage_taken":[{"damage":1,"enemies":"2 Louse","floor":1,"turns":2},{"damage":6,"enemies":"Jaw Worm","floor":3,"turns":3},{"damage":6,"enemies":"Small Slimes","floor":7,"turns":3},{"damage":12,"enemies":"3 Sentries","floor":8,"turns":5},{"damage":22,"enemies":"Replay:BlueRogue","floor":11,"turns":4},{"damage":20,"enemies":"Lagavulin","floor":13,"turns":5},{"damage":31,"enemies":"Hexaghost","floor":16,"turns":7},{"damage":21,"enemies":"Chosen","floor":18,"turns":5},{"damage":12,"enemies":"Shell Parasite","floor":19,"turns":3},{"damage":36,"enemies":"Shelled Parasite and Fungi","floor":21,"turns":3},{"damage":34,"enemies":"Gremlin Leader","floor":25,"turns":4}],"seed_played":"-2339373717588677075","potions_obtained":[{"floor":3,"key":"blueLaboratory:LouseDecoction"},{"floor":4,"key":"blueLaboratory:Moonshine"},{"floor":4,"key":"blueLaboratory:BubblePotion"},{"floor":13,"key":"DistilledChaos"},{"floor":21,"key":"ColorlessPotion"}],"is_trial":false,"path_per_floor":["M","?","M","?","?","R","M","E","T","R","E","R","E","$","R","B",null,"M","M","?","M","?","R","?","E"],"character_chosen":"DEFECT","items_purchased":["Rebound","ReplayTheSpireMod:ShopPack","Echo Form"],"campfire_rested":4,"item_purchase_floors":[14,14,14],"current_hp_per_floor":[74,74,68,50,35,35,29,17,17,39,17,48,28,28,62,31,75,54,42,42,6,6,46,30,0,0],"gold":211,"neow_bonus":"ONE_RANDOM_RARE_CARD","is_daily":false,"chose_seed":false,"campfire_upgraded":0,"win_rate":0.0,"timestamp":1608690283,"path_taken":["M","?","M","?","?","R","M","E","T","R","E","R","E","$","R","BOSS","M","M","?","M","?","R","?","E"],"items_purchased_type":["Card","Relic","Card"],"build_version":"2020-12-13","purchased_purges":0,"victory":false,"max_hp_per_floor":[75,75,75,75,75,75,75,75,75,75,75,75,75,75,75,75,75,75,75,75,75,75,75,75,75,75],"relic_stats":{"counters":[11,44],"Golden Idol":5,"Eternal Feather":39,"MealTicket":0,"Necronomicon":[0],"Orichalcum":[114],"obtain_stats":[{"Golden Idol":20,"Vajra":4,"Eternal Feather":11,"Ring of Greed":20,"hubris:Towel":2,"Orichalcum":8,"Ring of Fury":20,"MealTicket":20,"Necronomicon":24,"Cracked Core":0,"ReplayTheSpireMod:Lightbulb":9,"FossilizedHelix":13,"Abe\u0027s Treasure":17,"ReplayTheSpireMod:ShopPack":14},{"Golden Idol":9,"Vajra":2,"Eternal Feather":5,"Ring of Greed":9,"hubris:Towel":1,"Orichalcum":4,"Ring of Fury":9,"MealTicket":9,"Necronomicon":10,"Cracked Core":0,"ReplayTheSpireMod:Lightbulb":4,"FossilizedHelix":6,"Abe\u0027s Treasure":7,"ReplayTheSpireMod:ShopPack":6},{"Golden Idol":37,"Vajra":5,"Eternal Feather":17,"Ring of Greed":37,"hubris:Towel":2,"Orichalcum":13,"Ring of Fury":37,"MealTicket":37,"Necronomicon":40,"Cracked Core":0,"ReplayTheSpireMod:Lightbulb":13,"FossilizedHelix":22,"Abe\u0027s Treasure":29,"ReplayTheSpireMod:ShopPack":22}]},"card_choices":[{"not_picked":["Gash","Steam Power"],"picked":"Static Discharge","floor":1},{"not_picked":["Redo","Hologram"],"picked":"Sweeping Beam","floor":3},{"not_picked":["Reprogram","Chill"],"picked":"Turbo","floor":4},{"not_picked":["Sweeping Beam","Lockon"],"picked":"Melter","floor":7},{"not_picked":["Panic Button","ReplayTheSpireMod:GoodbyeWorld"],"picked":"ReplayTheSpireMod:Repulse","floor":8},{"not_picked":["Rebound","Sweeping Beam"],"picked":"Lockon","floor":11},{"not_picked":["Panic Button","Sweeping Beam"],"picked":"Conserve Battery","floor":13},{"not_picked":["ReplayUltimateDefense","Crow Ritual"],"picked":"Mayhem","floor":14},{"not_picked":["Replay:Parry","Blind"],"picked":"Dramatic Entrance","floor":14},{"not_picked":["Replay:Sssssssssstrike","hubris:Ssssneak"],"picked":"Midas Touch","floor":14},{"not_picked":["Echo Form","All For One"],"picked":"Machine Learning","floor":16},{"not_picked":["Steam","Stack"],"picked":"Genetic Algorithm+1","floor":18},{"not_picked":["Steam+1","Streamline"],"picked":"Steam Power+1","floor":19},{"not_picked":["Ball Lightning+1","Turbo"],"picked":"Capacitor","floor":21}],"player_experience":119070,"relics_obtained":[{"floor":4,"key":"Vajra"},{"floor":8,"key":"Orichalcum"},{"floor":9,"key":"ReplayTheSpireMod:Lightbulb"},{"floor":11,"key":"Eternal Feather"},{"floor":13,"key":"FossilizedHelix"},{"floor":20,"key":"Ring of Greed"},{"floor":20,"key":"Ring of Fury"},{"floor":20,"key":"Golden Idol"},{"floor":20,"key":"MealTicket"},{"floor":24,"key":"Necronomicon"}],"event_choices":[{"damage_healed":0,"gold_gain":0,"player_choice":"Entered Light","damage_taken":15,"max_hp_gain":0,"max_hp_loss":0,"event_name":"Shining Light","floor":5,"gold_loss":0,"cards_upgraded":["Reboot","Zap"]},{"damage_healed":0,"gold_gain":0,"player_choice":"Obtained Book","damage_taken":16,"max_hp_gain":0,"max_hp_loss":0,"event_name":"Cursed Tome","floor":24,"gold_loss":0}],"is_beta":false,"boss_relics":[{"not_picked":["Replay:Wanted Poster","Philosopher\u0027s Stone"],"picked":"Abe\u0027s Treasure"}],"items_purged_floors":[],"is_endless":false,"potions_floor_spawned":[3,7,13,21],"killed_by":"Gremlin Leader","ascension_level":1}}