{"host":"gj32n68c553yo87c","time":1608708956,"event":{"mods":["BaseMod","Downfall","Minty Spire (QoL Compilation)","Replay The Spire","StSLib","The Disciple"],"gold_per_floor":[112,112,127,147,147,163,163,173,196,211,211,236,246,266,266,363,413,368,368,379,478,578,578,578],"floor_reached":23,"playtime":2159,"items_purged":[],"score":218,"play_id":"62c5701b-8d3a-419c-960d-739dea4147da","local_time":"20201222233556","is_ascension_mode":false,"campfire_choices":[{"data":"SecondHand","floor":7.0,"key":"SMITH"},{"data":"Echoward","floor":15.0,"key":"SMITH"}],"circlet_count":0,"master_deck":["Strike_Br","Strike_Br","Strike_Br","Strike_Br","Defend_Br","Defend_Br","Defend_Br","Defend_Br","SecondHand+1","PatternShift","AlternateTimeline","LockedAnchor","Pot Of Greed+1","Pot Of Greed","HandsUpB","Echoward+1","ExoVibe","Tempo"],"relics":["Chronometer","NeowsBlessing","FaceOfCleric","SlipperyGoo","Grinning Jar","PreservedInsect","Blue Doll","Tiny House"],"acts_visited":["Exordium","TheCity"],"potions_floor_usage":[23],"damage_taken":[{"damage":0.0,"enemies":"Small Slimes","floor":1.0,"turns":1.0},{"damage":0.0,"enemies":"Cultist","floor":3.0,"turns":1.0},{"damage":0.0,"enemies":"2 Louse","floor":4.0,"turns":1.0},{"damage":8.0,"enemies":"Exordium Thugs","floor":6.0,"turns":7.0},{"damage":0.0,"enemies":"Red Slaver","floor":8.0,"turns":6.0},{"damage":0.0,"enemies":"3 Louse","floor":10.0,"turns":5.0},{"damage":18.0,"enemies":"3 Sentries","floor":12.0,"turns":13.0},{"damage":6.0,"enemies":"Lots of Slimes","floor":13.0,"turns":6.0},{"damage":0.0,"enemies":"Large Slime","floor":14.0,"turns":7.0},{"damage":39.0,"enemies":"Fading Forest","floor":16.0,"turns":11.0},{"damage":10.0,"enemies":"2 Thieves","floor":18.0,"turns":4.0},{"damage":0.0,"enemies":"3 Byrds","floor":20.0,"turns":10.0},{"damage":72,"enemies":"Book of Stabbing","floor":23,"turns":11}],"seed_played":"4549499452667950063","potions_obtained":[{"floor":1.0,"key":"Fire Potion"},{"floor":4.0,"key":"SpeedPotion"},{"floor":8.0,"key":"LifebloodPotion"},{"floor":12.0,"key":"SpeedPotion"},{"floor":17.0,"key":"SneckoOil"},{"floor":20.0,"key":"SteroidPotion"}],"is_trial":false,"path_per_floor":["M","?","M","M","T","M","R","M","T","M","?","E","M","M","R","B",null,"M","?","M","?","?","E"],"character_chosen":"CHRONO_CLASS","items_purchased":[],"campfire_rested":0,"item_purchase_floors":[],"current_hp_per_floor":[65,65,66,67,67,60,60,61,61,62,62,45,40,41,41,13,79,70,70,71,71,71,0,0],"gold":578,"neow_bonus":"THREE_ENEMY_KILL","is_daily":false,"chose_seed":false,"campfire_upgraded":2,"win_rate":0.0,"timestamp":1608708956,"path_taken":["M","?","?","M","?","M","R","M","T","?","?","E","M","M","R","BOSS","M","?","?","?","?","E"],"items_purchased_type":[],"build_version":"2020-12-13","purchased_purges":0,"victory":false,"max_hp_per_floor":[65,65,66,67,67,68,68,69,69,70,70,71,72,73,73,74,79,80,80,81,81,81,81,81],"card_choices":[{"not_picked":["TickedOff","LockedWhetstone"],"picked":"AlternateTimeline","floor":1.0},{"not_picked":["ExoVibe","LockedPlans","CrunchTime"],"picked":"SKIP","floor":3.0},{"not_picked":["ReapSow","HandsUpC"],"picked":"LockedAnchor","floor":4.0},{"not_picked":["Echoward","LockedWhetstone","LockedScales"],"picked":"SKIP","floor":6.0},{"not_picked":["Backlash","BiteCommand","LockedMercury"],"picked":"SKIP","floor":8.0},{"not_picked":["LockedTornado","Pendulum","LockedBlood"],"picked":"SKIP","floor":10.0},{"not_picked":["PrimeTime","Engulf","BlueShift"],"picked":"SKIP","floor":12.0},{"not_picked":["LockedScales","LockedUrn"],"picked":"HandsUpB","floor":13.0},{"not_picked":["ExoVibe","Parity"],"picked":"Echoward","floor":14.0},{"not_picked":["ShortSighted+1","PrimeTime"],"picked":"ExoVibe","floor":18.0},{"not_picked":["BiteCommand","Echoward+1"],"picked":"Tempo","floor":20.0}],"player_experience":37987,"relics_obtained":[{"floor":5.0,"key":"SlipperyGoo"},{"floor":9.0,"key":"Grinning Jar"},{"floor":12.0,"key":"Blue Doll"}],"event_choices":[{"damage_healed":0.0,"max_hp_gain":0.0,"max_hp_loss":0.0,"gold_gain":0.0,"event_name":"FaceTrader","player_choice":"Trade","floor":2.0,"gold_loss":0.0,"damage_taken":0.0,"relics_obtained":["FaceOfCleric"]},{"damage_healed":0.0,"max_hp_gain":0.0,"max_hp_loss":0.0,"gold_gain":0.0,"event_name":"WeMeetAgain","player_choice":"Gave Potion","floor":11.0,"gold_loss":0.0,"damage_taken":0.0,"relics_obtained":["PreservedInsect"]},{"damage_healed":0.0,"max_hp_gain":0.0,"max_hp_loss":0.0,"gold_gain":0.0,"event_name":"NoteForYourself","player_choice":"Ignored","floor":19.0,"gold_loss":0.0,"damage_taken":0.0},{"damage_healed":0.0,"max_hp_gain":0.0,"max_hp_loss":0.0,"gold_gain":99.0,"event_name":"Nest","player_choice":"Stole From Cult","floor":21.0,"gold_loss":0.0,"damage_taken":0.0},{"damage_healed":0.0,"max_hp_gain":0.0,"max_hp_loss":0.0,"gold_gain":100.0,"event_name":"Golden Shrine","player_choice":"Pray","floor":22.0,"gold_loss":0.0,"damage_taken":0.0}],"is_beta":false,"boss_relics":[{"not_picked":["Black Star","Busted Crown"],"picked":"Tiny House"}],"items_purged_floors":[],"is_endless":false,"potions_floor_spawned":[1,4,8,12,20],"killed_by":"Book of Stabbing","ascension_level":0}}