{"host":"jzjaw782v8gfe8gb","time":1608706070,"event":{"mods":["BaseMod","Better Match","Better Note","Better Third Choice","Conspire","Energized Spire","Marked Mod","Minty Spire (QoL Compilation)","StSLib"],"gold_per_floor":[116,144,157,174,192,192,224,299,372,6,80,80,406,426,426,522,522,536,547,565,19,36,67,67,17,69,69,87,98,110,125,125,223,223,236,0,10,10,24,24,24,24,77,108,58,71,106,117,117,117,117,117,17,51,51,51],"floor_reached":55,"playtime":7285,"items_purged":["Strike_P","Eruption+1","Strike_P","Defend_P"],"score":860,"play_id":"cd52c5d2-fca4-4621-8c70-cf61782d3549","local_time":"20201222224750","is_ascension_mode":false,"campfire_choices":[{"data":"MarkedMod:ChiBlock","floor":6,"key":"SMITH"},{"floor":12,"key":"DIG"},{"floor":15,"key":"DIG"},{"floor":24,"key":"DIG"},{"data":"MarkedMod:PinPointDefense","floor":32,"key":"SMITH"},{"floor":40,"key":"DIG"},{"floor":42,"key":"DIG"},{"floor":49,"key":"RECALL"},{"floor":52,"key":"DIG"}],"circlet_count":0,"master_deck":["Strike_P+1","Defend_P","Defend_P","Defend_P","Vigilance","EmptyMind","PathToVictory","MarkedMod:ChiBlock+1","MarkedMod:PinPointDefense+1","Protect","MarkedMod:Acupuncture","Evaluate+1","Establishment","MarkedMod:GracefulMovements+1","PathToVictory+1","EmptyBody+1","MarkedMod:GentlePulse+1","WindmillStrike+1","PathToVictory+1","DevaForm","PathToVictory+1","FearNoEvil+1","WaveOfTheHand+1"],"relics":["PureWater","conspire:GiftBox","Whetstone","Toxic Egg 2","Shovel","Meat on the Bone","conspire:DecoderRing","Old Coin","Bag of Marbles","energizedSpire:MagnifyingGlass","Prayer Wheel","Bronze Scales","conspire:Flyswatter","conspire:Boomerang","Red Mask","Spirit Poop","Smiling Mask","Strawberry","Omamori","MealTicket","Molten Egg 2","Mummified Hand","StoneCalendar"],"acts_visited":["Exordium","TheCity","TheBeyond","TheEnding"],"potions_floor_usage":[2,3,16,20,29,39,44,47,54],"damage_taken":[{"damage":1,"enemies":"Jaw Worm","floor":1,"turns":3},{"damage":13,"enemies":"conspire:MimicChest","floor":2,"turns":6},{"damage":0,"enemies":"Small Slimes","floor":3,"turns":4},{"damage":0,"enemies":"conspire:RoseBush","floor":4,"turns":4},{"damage":4,"enemies":"Exordium Wildlife","floor":5,"turns":7},{"damage":21,"enemies":"3 Sentries","floor":7,"turns":16},{"damage":4,"enemies":"Lagavulin","floor":13,"turns":5},{"damage":1,"enemies":"3 Louse","floor":14,"turns":5},{"damage":0,"enemies":"Hexaghost","floor":16,"turns":10},{"damage":9,"enemies":"Chosen","floor":18,"turns":9},{"damage":2,"enemies":"Spheric Guardian","floor":19,"turns":7},{"damage":2,"enemies":"Centurion and Healer","floor":20,"turns":10},{"damage":1,"enemies":"Sentry and Sphere","floor":22,"turns":5},{"damage":0,"enemies":"Book of Stabbing","floor":23,"turns":4},{"damage":1,"enemies":"Snecko","floor":28,"turns":5},{"damage":1,"enemies":"Centurion and Healer","floor":29,"turns":5},{"damage":0,"enemies":"Chosen and Byrds","floor":30,"turns":5},{"damage":0,"enemies":"Cultist and Chosen","floor":31,"turns":5},{"damage":14,"enemies":"conspire:MysteriousRune","floor":33,"turns":9},{"damage":5,"enemies":"3 Shapes","floor":35,"turns":5},{"damage":1,"enemies":"Orb Walker","floor":37,"turns":4},{"damage":15,"enemies":"Spire Growth","floor":39,"turns":7},{"damage":21,"enemies":"Giant Head","floor":44,"turns":7},{"damage":0,"enemies":"Sphere and 2 Shapes","floor":46,"turns":4},{"damage":25,"enemies":"Reptomancer","floor":47,"turns":8},{"damage":4,"enemies":"Jaw Worm Horde","floor":48,"turns":5},{"damage":39,"enemies":"conspire:OrnateMirror","floor":50,"turns":11},{"damage":39,"enemies":"Shield and Spear","floor":54,"turns":6},{"damage":62,"enemies":"The Heart","floor":55,"turns":3}],"seed_played":"7131159434509689732","potions_obtained":[{"floor":1,"key":"DistilledChaos"},{"floor":2,"key":"Regen Potion"},{"floor":7,"key":"DistilledChaos"},{"floor":16,"key":"GamblersBrew"},{"floor":28,"key":"DistilledChaos"},{"floor":29,"key":"StancePotion"},{"floor":31,"key":"Weak Potion"},{"floor":46,"key":"SpeedPotion"}],"is_trial":false,"path_per_floor":["M","?","M","M","M","R","E","?","T","$","T","R","E","M","R","B",null,"M","M","M","$","M","E","R","?","T","?","M","M","M","M","R","B",null,"M","?","M","?","M","R","?","R","T","E","$","M","E","M","R","B",null,"R","$","E","B"],"character_chosen":"WATCHER","items_purchased":["Shovel","Prayer Wheel","Bronze Scales","BottledMiracle"],"campfire_rested":0,"item_purchase_floors":[10,21,21,53],"current_hp_per_floor":[71,58,70,70,66,66,45,34,34,34,34,34,42,41,41,41,72,63,61,59,59,58,58,58,58,58,58,57,56,56,56,56,42,72,67,67,66,66,51,51,51,58,58,49,64,64,51,47,47,20,79,79,79,40,0,0],"gold":51,"neow_bonus":"TRANSFORM_CARD","is_daily":false,"chose_seed":false,"campfire_upgraded":2,"win_rate":0.0,"timestamp":1608706070,"path_taken":["M","?","M","M","M","R","E","?","T","$","?","R","E","M","R","BOSS","M","M","M","$","M","E","R","?","T","?","M","M","?","M","R","BOSS","M","?","M","?","?","R","?","R","T","E","$","M","E","M","R","BOSS","R","$","E","BOSS"],"items_purchased_type":["Relic","Relic","Relic","Potion"],"build_version":"2020-12-13","purchased_purges":4,"victory":false,"max_hp_per_floor":[72,72,72,72,72,72,72,72,72,72,72,72,72,72,72,72,72,72,72,72,72,72,72,72,72,72,72,72,72,72,72,72,72,72,72,72,72,72,72,72,72,79,79,79,79,79,79,79,79,79,79,79,79,79,79,79],"card_choices":[{"not_picked":["Wireheading","JustLucky"],"picked":"PathToVictory","floor":1},{"not_picked":["Ragnarok","DeusExMachina"],"picked":"MarkedMod:ChiBlock","floor":2},{"not_picked":["EmptyFist","Swivel"],"picked":"MarkedMod:PinPointDefense","floor":2},{"not_picked":["Halt","Crescendo","MentalFortress"],"picked":"SKIP","floor":3},{"not_picked":["Crescendo","Vengeance"],"picked":"Protect","floor":4},{"not_picked":["SashWhip","Protect","Study"],"picked":"SKIP","floor":5},{"not_picked":["Prostrate","WheelKick"],"picked":"MarkedMod:Acupuncture","floor":7},{"not_picked":["TalkToTheHand","FlyingSleeves"],"picked":"Evaluate+1","floor":13},{"not_picked":["ClearTheMind+1","ReachHeaven","Consecrate"],"picked":"SKIP","floor":14},{"not_picked":["Judgement+1","Scrawl+1"],"picked":"Establishment","floor":16},{"not_picked":["ThirdEye+1","MarkedMod:Acupuncture+1"],"picked":"MarkedMod:GracefulMovements+1","floor":18},{"not_picked":["CarveReality","Wireheading","Nirvana"],"picked":"SKIP","floor":19},{"not_picked":["BattleHymn","CutThroughFate+1"],"picked":"PathToVictory+1","floor":20},{"not_picked":["Protect+1","BowlingBash"],"picked":"EmptyBody+1","floor":22},{"not_picked":["BattleHymn","EmptyBody+1"],"picked":"MarkedMod:GentlePulse+1","floor":22},{"not_picked":["ClearTheMind+1","Brilliance","Ragnarok"],"picked":"SKIP","floor":23},{"not_picked":["Protect+1","FlurryOfBlows+1"],"picked":"WindmillStrike+1","floor":28},{"not_picked":["WheelKick","WreathOfFlame+1","SashWhip"],"picked":"SKIP","floor":28},{"not_picked":["Protect+1","Crescendo+1"],"picked":"PathToVictory+1","floor":29},{"not_picked":["Pray+1","Evaluate+1","MarkedMod:Acupuncture"],"picked":"SKIP","floor":29},{"not_picked":["Judgement+1","CarveReality+1","Tantrum"],"picked":"SKIP","floor":30},{"not_picked":["Crescendo+1","WindmillStrike","ThirdEye+1"],"picked":"SKIP","floor":30},{"not_picked":["Consecrate","FollowUp","Study"],"picked":"SKIP","floor":31},{"not_picked":["DeceiveReality+1","EmptyBody+1","MarkedMod:Acupuncture"],"picked":"SKIP","floor":31},{"not_picked":["MasterReality","Brilliance"],"picked":"DevaForm","floor":33},{"not_picked":["EmptyFist+1","WheelKick"],"picked":"PathToVictory+1","floor":35},{"not_picked":["ForeignInfluence+1","SashWhip+1","JustLucky"],"picked":"SKIP","floor":35},{"not_picked":["Adaptation","WheelKick+1"],"picked":"FearNoEvil+1","floor":37},{"not_picked":["Halt+1","Vengeance+1","MarkedMod:Acupuncture+1"],"picked":"SKIP","floor":37},{"not_picked":["ClearTheMind+1","BowlingBash","CrushJoints"],"picked":"SKIP","floor":39},{"not_picked":["ClearTheMind+1","FlyingSleeves+1","WheelKick"],"picked":"SKIP","floor":39},{"not_picked":["InnerPeace+1","CutThroughFate+1","CarveReality+1"],"picked":"SKIP","floor":44},{"not_picked":["EmptyBody+1","FollowUp+1"],"picked":"WaveOfTheHand+1","floor":46},{"not_picked":["BowlingBash+1","ThirdEye+1","FlyingSleeves+1"],"picked":"SKIP","floor":46},{"not_picked":["Sanctity+1","Omniscience+1","CarveReality+1"],"picked":"SKIP","floor":47},{"not_picked":["ClearTheMind+1","Protect+1","Swivel+1"],"picked":"SKIP","floor":48},{"not_picked":["Crescendo+1","CrushJoints+1","FlyingSleeves+1"],"picked":"SKIP","floor":48},{"not_picked":["Conclude+1","Sanctity+1","EmptyBody+1"],"picked":"SKIP","floor":54}],"player_experience":1900244,"relics_obtained":[{"floor":2,"key":"conspire:GiftBox"},{"floor":7,"key":"Whetstone"},{"floor":9,"key":"Toxic Egg 2"},{"floor":11,"key":"Meat on the Bone"},{"floor":12,"key":"conspire:DecoderRing"},{"floor":13,"key":"Old Coin"},{"floor":15,"key":"Bag of Marbles"},{"floor":23,"key":"conspire:Flyswatter"},{"floor":24,"key":"conspire:Boomerang"},{"floor":40,"key":"Smiling Mask"},{"floor":42,"key":"Strawberry"},{"floor":43,"key":"Omamori"},{"floor":44,"key":"MealTicket"},{"floor":47,"key":"Molten Egg 2"},{"floor":52,"key":"Mummified Hand"},{"floor":54,"key":"StoneCalendar"}],"event_choices":[{"damage_healed":0,"gold_gain":75,"player_choice":"Gold","damage_taken":11,"max_hp_gain":0,"max_hp_loss":0,"event_name":"betterThird:BetterGoop","floor":8,"gold_loss":0},{"damage_healed":0,"gold_gain":0,"player_choice":"Bet on Owner","damage_taken":0,"max_hp_gain":0,"max_hp_loss":0,"event_name":"The Joust","floor":25,"gold_loss":50},{"damage_healed":0,"gold_gain":0,"player_choice":"Cursed","damage_taken":0,"max_hp_gain":0,"max_hp_loss":0,"event_name":"Wheel of Change","floor":27,"gold_loss":0,"cards_obtained":["Decay"]},{"damage_healed":0,"gold_gain":0,"player_choice":"Paid","damage_taken":0,"relics_obtained":["Red Mask"],"max_hp_gain":0,"max_hp_loss":0,"event_name":"Tomb of Lord Red Mask","floor":36,"gold_loss":236},{"cards_removed":["Decay"],"damage_healed":0,"gold_gain":0,"player_choice":"Offered Curse","damage_taken":0,"relics_obtained":["Spirit Poop"],"max_hp_gain":0,"max_hp_loss":0,"event_name":"Bonfire Elementals","floor":38,"gold_loss":0},{"damage_healed":0,"gold_gain":0,"player_choice":"Leave","damage_taken":0,"max_hp_gain":0,"max_hp_loss":0,"event_name":"conspire:Investor","floor":41,"gold_loss":0}],"is_beta":false,"boss_relics":[{"not_picked":["Cursed Key","energizedSpire:NeverEndingSparkler"],"picked":"energizedSpire:MagnifyingGlass"},{"not_picked":["Philosopher\u0027s Stone","Runic Dome","energizedSpire:StickyHand"]}],"items_purged_floors":[10,21,45,53],"is_endless":false,"potions_floor_spawned":[1,2,7,16,28,29,31,46],"killed_by":"The Heart","ascension_level":0}}