{"host":"o5hcpxouyak38pnq","time":1608761535,"event":{"mods":["BaseMod","DeckTracker","Downfall","Hermit","Hubris","Minty Spire (QoL Compilation)","Replay The Spire","StSLib","The Construct","The Cursed","The Poker Player"],"gold_per_floor":[161,161,161,64,78,107,160,160,160,160,172,7,7,21,37,135,135,60,78,96,3,23,41,41,53,87,102,102,102,27,60,75,175,175,100,113,52,52,66,98,169,199,199,544,578,578,595,614,625,625,625,625],"floor_reached":50,"playtime":12146,"items_purged":[],"score":672,"play_id":"262b31f2-5265-458e-8f55-426e5ca6609f","local_time":"20201223171215","is_ascension_mode":false,"campfire_choices":[{"data":"hexamod:SkipABeat","floor":8.0,"key":"SMITH"},{"data":"hexamod:GhostflameInferno","floor":10.0,"key":"SMITH"},{"floor":13.0,"key":"REST"},{"floor":18.0,"key":"RECALL"},{"floor":30.0,"key":"REST"},{"data":"hexamod:Strike","floor":35.0,"key":"PURGE"},{"floor":43.0,"key":"REST"},{"floor":46,"key":"REST"}],"circlet_count":0,"master_deck":["hexamod:Strike","hexamod:Defend","hexamod:Defend","hexamod:Defend","hexamod:Defend","hexamod:Sear+1","hexamod:Float+1","hexamod:HeatMetal+1","hexamod:Hexaguard+1","hexamod:FastForward+1","hexamod:InspiringFlames+1","hexamod:SkipABeat+1","hexamod:ThermalTransfer+1","hexamod:GhostflameInferno+1","hexamod:DynamicBlow+1","hexamod:FastForward+1","hexamod:SixthSeal","hexamod:Rewind+1","hexamod:TimeOfNeed+1","hexamod:GhostOfSpirePast+1","hexamod:BacktrackSmack+1","hexamod:PhantomFireball+1","hexamod:Hexaguard+1","hexamod:Hexaguard+1","hexamod:EmpoweredFlame+1","hexamod:PhantomCloak+1","hexamod:BacktrackSmack+1","hexamod:TimeOfNeed+1","hexamod:Rewind+1","hexamod:AdvancingGuard+1","hexamod:Hexaguard+1","hexamod:HauntingEcho+1","hexamod:RadiantFlame+1","hexamod:GhostOfSpireFuture+1","hexamod:StepThrough+1","hexamod:HeatCrush+1","hexamod:GhostOfSpireFuture+1","hexamod:SkipABeat+1"],"relics":["hexamod:SpiritBrand","downfall:HeartsMalice","Replay:Wax Seal","Fusion Hammer","Molten Egg 2","Peace Pipe","War Paint","construct:WeddingRing","hubris:Reverence","hubris:DisguiseKit","Simple Rune"],"acts_visited":["Exordium","TheCity","TheBeyond"],"potions_floor_usage":[50,50,50],"damage_taken":[{"damage":0.0,"enemies":"Jaw Worm","floor":2.0,"turns":1.0},{"damage":0.0,"enemies":"Cultist","floor":3.0,"turns":1.0},{"damage":0.0,"enemies":"downfall:FleeingMerchant","floor":4.0,"turns":1.0},{"damage":7.0,"enemies":"Small Slimes","floor":5.0,"turns":4.0},{"damage":39.0,"enemies":"Gremlin Nob","floor":6.0,"turns":5.0},{"damage":0.0,"enemies":"3 Louse","floor":11.0,"turns":4.0},{"damage":0.0,"enemies":"downfall:FleeingMerchant","floor":12.0,"turns":4.0},{"damage":7.0,"enemies":"2 Fungi Beasts","floor":14.0,"turns":3.0},{"damage":0.0,"enemies":"Lots of Slimes","floor":15.0,"turns":2.0},{"damage":11.0,"enemies":"downfall:Ironclad","floor":16.0,"turns":9.0},{"damage":0.0,"enemies":"Chosen","floor":19.0,"turns":3.0},{"damage":0.0,"enemies":"Spheric Guardian","floor":20.0,"turns":3.0},{"damage":0.0,"enemies":"downfall:FleeingMerchant","floor":21.0,"turns":4.0},{"damage":9.0,"enemies":"Snecko","floor":22.0,"turns":5.0},{"damage":12.0,"enemies":"3 Cultists","floor":23.0,"turns":5.0},{"damage":3.0,"enemies":"Centurion and Healer","floor":25.0,"turns":3.0},{"damage":22.0,"enemies":"Slavers","floor":26.0,"turns":6.0},{"damage":0.0,"enemies":"Sentry and Sphere","floor":27.0,"turns":4.0},{"damage":8.0,"enemies":"Book of Stabbing","floor":31.0,"turns":5.0},{"damage":0.0,"enemies":"Snake Plant","floor":32.0,"turns":3.0},{"damage":32.0,"enemies":"downfall:Watcher","floor":33.0,"turns":4.0},{"damage":10.0,"enemies":"3 Shapes","floor":36.0,"turns":3.0},{"damage":4.0,"enemies":"downfall:FleeingMerchant","floor":37.0,"turns":4.0},{"damage":0.0,"enemies":"Orb Walker","floor":39.0,"turns":2.0},{"damage":12.0,"enemies":"Giant Head","floor":40.0,"turns":8.0},{"damage":52.0,"enemies":"Reptomancer","floor":42.0,"turns":6.0},{"damage":0.0,"enemies":"downfall:FleeingMerchant","floor":44.0,"turns":3.0},{"damage":0,"enemies":"Giant Head","floor":45,"turns":7},{"damage":24,"enemies":"Jaw Worm Horde","floor":47,"turns":5},{"damage":0,"enemies":"Maw","floor":48,"turns":6},{"damage":16,"enemies":"Spire Growth","floor":49,"turns":5},{"damage":12,"enemies":"downfall:Silent","floor":50,"turns":3}],"seed_played":"-5864968608269227390","potions_obtained":[{"floor":6.0,"key":"construct:ShiftPotion"},{"floor":11.0,"key":"Adrenaline Potion"},{"floor":14.0,"key":"Explosive Potion"},{"floor":15.0,"key":"SteroidPotion"},{"floor":16.0,"key":"Fire Potion"},{"floor":19.0,"key":"ColorlessPotion"},{"floor":29.0,"key":"CultistPotion"},{"floor":32.0,"key":"Death Potion"},{"floor":33.0,"key":"SkillPotion"},{"floor":40.0,"key":"Languid Potion"},{"floor":45,"key":"Ancient Potion"}],"is_trial":false,"path_per_floor":["R","M","M","$","M","E","T","R","?","R","M","$","R","M","M","B",null,"R","M","M","$","M","M","T","M","E","M","?","?","R","E","M","B",null,"R","M","$","?","M","E","T","E","R","?","E","R","M","M","M","B"],"character_chosen":"THE_SPIRIT","items_purchased":["hexamod:InspiringFlames","hexamod:SkipABeat","hexamod:SixthSeal","hexamod:PhantomFireball","hexamod:Hexaguard"],"campfire_rested":4,"item_purchase_floors":[4,4,12,21,37],"current_hp_per_floor":[70,70,70,70,63,24,24,24,24,24,24,24,45,38,38,27,70,80,80,80,80,71,59,59,56,34,34,34,34,58,50,50,18,80,80,70,66,66,66,54,54,2,26,26,26,50,26,26,10,0,0,0],"gold":625,"neow_bonus":"THREE_ENEMY_KILL","is_daily":false,"chose_seed":false,"campfire_upgraded":2,"win_rate":0.0,"timestamp":1608761535,"path_taken":["R","M","M","$","M","E","T","R","?","R","M","$","R","M","M","BOSS","R","M","M","$","M","M","T","M","E","M","?","?","R","E","M","BOSS","R","M","$","?","M","E","T","E","R","?","E","R","M","M","M","BOSS"],"items_purchased_type":["Card","Card","Card","Card","Card"],"build_version":"2020-12-22","purchased_purges":0,"victory":false,"max_hp_per_floor":[70,70,70,70,70,70,70,70,70,70,70,70,70,70,70,70,70,80,80,80,80,80,80,80,80,80,80,80,80,80,80,80,80,80,80,80,80,80,80,80,80,80,80,80,80,80,80,80,80,80,80,80],"card_choices":[{"not_picked":["hexamod:GhostLash","hexamod:GhostShield"],"picked":"hexamod:HeatMetal","floor":2.0},{"not_picked":["hexamod:GhostLash","hexamod:RecurringNightmare"],"picked":"hexamod:Hexaguard","floor":3.0},{"not_picked":["hexamod:RainOfEmbers","hexamod:GhostOfSpireFuture"],"picked":"hexamod:FastForward","floor":4.0},{"not_picked":["hexamod:GhostOfSpirePast","hexamod:NightmareStrike"],"picked":"hexamod:ThermalTransfer","floor":5.0},{"not_picked":["hexamod:GhostLash","hexamod:Firestarter"],"picked":"hexamod:GhostflameInferno","floor":6.0},{"not_picked":["hexamod:Firestarter","hexamod:NightmareStrike"],"picked":"hexamod:DynamicBlow","floor":11.0},{"not_picked":["hexamod:NightmareGuise","hexamod:CatchUp"],"picked":"hexamod:FastForward","floor":12.0},{"not_picked":["hexamod:SecondSeal","hexamod:HeatMetal"],"picked":"hexamod:Rewind","floor":14.0},{"not_picked":["hexamod:InspiringFlames","hexamod:BacktrackSmack","hexamod:BurningTouch"],"picked":"SKIP","floor":15.0},{"not_picked":["hexamod:VolcanoVisage","hexamod:TurnItUp"],"picked":"hexamod:TimeOfNeed","floor":16.0},{"not_picked":["hexamod:Hexaguard","hexamod:GhostOfSpireFuture+1"],"picked":"hexamod:GhostOfSpirePast+1","floor":19.0},{"not_picked":["hexamod:FirstSeal","hexamod:GhostShield+1"],"picked":"hexamod:BacktrackSmack+1","floor":20.0},{"not_picked":["hexamod:Haunt+1","hexamod:GhostflameBarrier","hexamod:RecurringNightmare"],"picked":"SKIP","floor":21.0},{"not_picked":["hexamod:RetreatToShadows","hexamod:Incineration"],"picked":"hexamod:Hexaguard","floor":22.0},{"not_picked":["hexamod:BurningTouch+1","hexamod:FourthSeal"],"picked":"hexamod:Hexaguard","floor":23.0},{"not_picked":["hexamod:RetreatToShadows","hexamod:ParanormalForm","hexamod:Incineration+1"],"picked":"SKIP","floor":25.0},{"not_picked":["hexamod:NightmareStrike+1","hexamod:Firestarter+1"],"picked":"hexamod:EmpoweredFlame","floor":26.0},{"not_picked":["hexamod:GhostLash+1","hexamod:SpectersWail+1","hexamod:NecessarySacrifice+1"],"picked":"SKIP","floor":27.0},{"not_picked":["hexamod:GhostShield","hexamod:HeatShield+1"],"picked":"hexamod:PhantomCloak","floor":31.0},{"not_picked":["hexamod:BurningTouch","hexamod:NecessarySacrifice+1"],"picked":"hexamod:BacktrackSmack+1","floor":32.0},{"not_picked":["hexamod:UnleashSpirits+1","hexamod:SixthSeal"],"picked":"hexamod:TimeOfNeed","floor":33.0},{"not_picked":["hexamod:ShieldOfDarkness+1","hexamod:GhostShield"],"picked":"hexamod:Rewind+1","floor":36.0},{"not_picked":["hexamod:InspiringFlames","hexamod:ShieldOfDarkness"],"picked":"hexamod:AdvancingGuard","floor":37.0},{"not_picked":["hexamod:SwordOfDarkness+1","hexamod:ShieldOfDarkness"],"picked":"hexamod:HauntingEcho+1","floor":39.0},{"not_picked":["hexamod:TurnItUp","hexamod:Firestarter+1"],"picked":"hexamod:RadiantFlame","floor":40.0},{"not_picked":["hexamod:Haunt","hexamod:FourthSeal","hexamod:GhostLash+1"],"picked":"SKIP","floor":42.0},{"not_picked":["hexamod:AdvancingGuard+1","hexamod:BurningTouch","PokerPlayerMod:ClubStrike"],"picked":"hexamod:GhostOfSpireFuture+1","floor":44},{"not_picked":["hexamod:SoulSteal","hexamod:SkipABeat","PokerPlayerMod:FillThePot"],"picked":"hexamod:StepThrough+1","floor":45},{"not_picked":["hexamod:Hexaguard+1","hexamod:BacktrackSmack+1","PokerPlayerMod:JackOfSpades"],"picked":"hexamod:HeatCrush+1","floor":47},{"not_picked":["hexamod:FastForward","hexamod:StepThrough+1","PokerPlayerMod:ClubsClub"],"picked":"hexamod:GhostOfSpireFuture+1","floor":48},{"not_picked":["hexamod:Firestarter+1","hexamod:AdvancingGuard","PokerPlayerMod:Extraction"],"picked":"hexamod:SkipABeat+1","floor":49}],"player_experience":501762,"relics_obtained":[{"floor":6.0,"key":"Replay:Wax Seal"},{"floor":24.0,"key":"Molten Egg 2"},{"floor":26.0,"key":"Peace Pipe"},{"floor":31.0,"key":"War Paint"},{"floor":41.0,"key":"hubris:Reverence"},{"floor":42.0,"key":"hubris:DisguiseKit"},{"floor":45,"key":"Simple Rune"}],"event_choices":[{"cards_removed":["hexamod:Strike"],"damage_healed":0.0,"max_hp_gain":0.0,"max_hp_loss":0.0,"gold_gain":0.0,"event_name":"Purifier","player_choice":"Purged","floor":9.0,"gold_loss":0.0,"damage_taken":0.0},{"cards_removed":["hexamod:Strike"],"damage_healed":0,"gold_gain":0,"player_choice":"Purged","damage_taken":0,"max_hp_gain":0,"max_hp_loss":0,"event_name":"Purifier","floor":44,"gold_loss":0}],"is_beta":false,"boss_relics":[{"not_picked":["Pandora\u0027s Box","hubris:Stopwatch"],"picked":"Fusion Hammer"},{"not_picked":["Replay:Bronze Core","Velvet Choker"],"picked":"construct:WeddingRing"}],"items_purged_floors":[],"is_endless":false,"potions_floor_spawned":[6,11,14,15,16,19,23,25,26,27,32,33,36,40,45,47,49],"killed_by":"downfall:Silent","ascension_level":0}}