{"host":"6999i8eg5ewbhdiq","time":1608744795,"event":{"mods":["AchievementEnabler","BaseMod","Colored Map","Colored Powertips","Highlight Path","Minty Spire (QoL Compilation)"],"gold_per_floor":[118,118,136,136,136,168,168,179,179,164,175,175,187,199,199,199,199],"floor_reached":16,"playtime":770,"items_purged":[],"score":125,"play_id":"3a08c990-e478-471c-8461-07fde21cbb38","local_time":"20201223183315","is_ascension_mode":true,"campfire_choices":[{"floor":7,"key":"REST"},{"floor":12,"key":"REST"},{"data":"Flame Barrier","floor":15,"key":"SMITH"}],"circlet_count":0,"master_deck":["Strike_R","Strike_R","Strike_R","Strike_R","Defend_R","Defend_R","Defend_R","Defend_R","Bash","Corruption+1","Ghostly Armor","Regret","Headbutt","Battle Trance","Flame Barrier+1"],"relics":["Burning Blood","Self Forming Clay","Ancient Tea Set","Bottled Flame"],"acts_visited":["Exordium"],"potions_floor_usage":[10,16,16],"damage_taken":[{"damage":8,"enemies":"2 Louse","floor":1,"turns":5},{"damage":7,"enemies":"Jaw Worm","floor":3,"turns":4},{"damage":47,"enemies":"Gremlin Nob","floor":6,"turns":5},{"damage":6,"enemies":"Cultist","floor":8,"turns":3},{"damage":12,"enemies":"Exordium Thugs","floor":10,"turns":4},{"damage":11,"enemies":"Red Slaver","floor":11,"turns":5},{"damage":3,"enemies":"Looter","floor":13,"turns":3},{"damage":21,"enemies":"Lots of Slimes","floor":14,"turns":6},{"damage":66,"enemies":"Slime Boss","floor":16,"turns":9}],"seed_played":"7037150348347566769","potions_obtained":[{"floor":3,"key":"AttackPotion"},{"floor":6,"key":"ElixirPotion"},{"floor":14,"key":"SneckoOil"}],"is_trial":false,"path_per_floor":["M","?","M","?","?","E","R","M","T","M","M","R","M","M","R","B"],"character_chosen":"IRONCLAD","items_purchased":[],"campfire_rested":2,"item_purchase_floors":[],"current_hp_per_floor":[78,78,77,77,77,36,60,60,60,54,49,73,76,61,61,0,0],"gold":199,"neow_bonus":"ONE_RANDOM_RARE_CARD","is_daily":false,"chose_seed":false,"campfire_upgraded":1,"win_rate":0.0,"timestamp":1608744795,"path_taken":["M","?","M","?","?","E","R","M","T","?","M","R","M","M","R","BOSS"],"items_purchased_type":[],"build_version":"2020-12-22","purchased_purges":0,"victory":false,"max_hp_per_floor":[80,80,80,80,80,80,80,80,80,80,80,80,80,80,80,80,80],"card_choices":[{"not_picked":["Anger","Searing Blow"],"picked":"Ghostly Armor","floor":1},{"not_picked":["Twin Strike","Heavy Blade"],"picked":"Headbutt","floor":3},{"not_picked":["Warcry","Pommel Strike"],"picked":"Flame Barrier","floor":6},{"not_picked":["Pommel Strike","Perfected Strike","Twin Strike"],"picked":"SKIP","floor":8},{"not_picked":["Rupture","Clothesline","Sword Boomerang"],"picked":"SKIP","floor":10},{"not_picked":["Armaments","Wild Strike","Clash"],"picked":"SKIP","floor":11},{"not_picked":["Corruption","Intimidate","Perfected Strike"],"picked":"SKIP","floor":13},{"not_picked":["Shrug It Off","Clash","Sword Boomerang"],"picked":"SKIP","floor":14}],"player_experience":100151,"relics_obtained":[{"floor":6,"key":"Ancient Tea Set"},{"floor":9,"key":"Bottled Flame"}],"event_choices":[{"damage_healed":0,"gold_gain":0,"player_choice":"Box","damage_taken":0,"relics_obtained":["Self Forming Clay"],"max_hp_gain":0,"max_hp_loss":0,"event_name":"Big Fish","floor":2,"gold_loss":0,"cards_obtained":["Regret"]},{"damage_healed":0,"gold_gain":0,"player_choice":"Grow","damage_taken":0,"max_hp_gain":0,"max_hp_loss":0,"event_name":"Living Wall","floor":4,"gold_loss":0,"cards_upgraded":["Corruption"]},{"damage_healed":0,"gold_gain":0,"cards_transformed":["Strike_R"],"player_choice":"Transformed","damage_taken":0,"max_hp_gain":0,"max_hp_loss":0,"event_name":"Transmorgrifier","floor":5,"gold_loss":0,"cards_obtained":["Battle Trance"]}],"is_beta":false,"boss_relics":[],"items_purged_floors":[],"is_endless":false,"potions_floor_spawned":[3,6,14],"killed_by":"Slime Boss","ascension_level":4}}