{"host":"6wux4armhsntp4yb","time":1608762499,"event":{"mods":["BaseMod","Colored Map","DeckTracker","Minty Spire (QoL Compilation)","Relic Stats"],"gold_per_floor":[111,128,128,147,160,160,160,187,187,200,200,233,233,233,233,233,233],"floor_reached":16,"playtime":558,"items_purged":[],"score":220,"play_id":"70269e58-1dd2-47de-b6ed-061b0dfd5afc","local_time":"20201224072819","is_ascension_mode":true,"campfire_choices":[{"data":"Neutralize","floor":6.0,"key":"SMITH"},{"data":"Doppelganger","floor":11,"key":"SMITH"},{"floor":15,"key":"REST"}],"circlet_count":0,"master_deck":["AscendersBane","Strike_G","Strike_G","Strike_G","Strike_G","Strike_G","Defend_G","Defend_G","Defend_G","Defend_G","Defend_G","Survivor","Neutralize+1","Sucker Punch","Infinite Blades","Skewer+1","Quick Slash+1","Doppelganger+1","Calculated Gamble","Neutralize+1"],"relics":["Ring of the Snake","NeowsBlessing","Molten Egg 2","StrikeDummy","The Courier","Toy Ornithopter","Calipers"],"acts_visited":["Exordium"],"potions_floor_usage":[8,10],"damage_taken":[{"damage":0.0,"enemies":"Cultist","floor":1.0,"turns":1.0},{"damage":0.0,"enemies":"Jaw Worm","floor":2.0,"turns":1.0},{"damage":0.0,"enemies":"2 Louse","floor":4.0,"turns":1.0},{"damage":1.0,"enemies":"2 Fungi Beasts","floor":5.0,"turns":4.0},{"damage":12,"enemies":"Gremlin Nob","floor":8,"turns":4},{"damage":14,"enemies":"Exordium Thugs","floor":10,"turns":5},{"damage":24,"enemies":"3 Sentries","floor":12,"turns":7},{"damage":28,"enemies":"Slime Boss","floor":16,"turns":6}],"seed_played":"667103569705781363","potions_obtained":[{"floor":4.0,"key":"Ancient Potion"},{"floor":8,"key":"SneckoOil"}],"is_trial":false,"path_per_floor":["M","M","T","M","M","R","?","E","T","M","R","E","?","?","R","B"],"character_chosen":"THE_SILENT","items_purchased":[],"campfire_rested":1,"item_purchase_floors":[],"current_hp_per_floor":[59,59,59,59,58,58,58,46,46,32,32,8,8,8,27,0,0],"gold":233,"neow_bonus":"THREE_ENEMY_KILL","is_daily":false,"chose_seed":false,"campfire_upgraded":2,"win_rate":0.0,"timestamp":1608762499,"path_taken":["M","M","?","?","M","R","?","E","T","M","R","E","?","?","R","BOSS"],"items_purchased_type":[],"build_version":"2020-12-22","purchased_purges":0,"victory":false,"max_hp_per_floor":[66,66,66,66,66,66,66,66,66,66,66,66,66,66,66,66,66],"relic_stats":{"counters":[8,29],"obtain_stats":[{"Calipers":13,"NeowsBlessing":0,"Molten Egg 2":3,"The Courier":9,"StrikeDummy":8,"Toy Ornithopter":12,"Ring of the Snake":0},{"Calipers":7,"NeowsBlessing":0,"Molten Egg 2":2,"The Courier":5,"StrikeDummy":5,"Toy Ornithopter":7,"Ring of the Snake":0},{"Calipers":23,"NeowsBlessing":0,"Molten Egg 2":2,"The Courier":11,"StrikeDummy":11,"Toy Ornithopter":23,"Ring of the Snake":0}],"Toy Ornithopter":0,"Ring of the Snake":[16]},"card_choices":[{"not_picked":["Dodge and Roll","Choke"],"picked":"Sucker Punch","floor":1.0},{"not_picked":["Sucker Punch","Acrobatics"],"picked":"Infinite Blades","floor":2.0},{"not_picked":["Underhanded Strike+1","Flying Knee+1"],"picked":"Skewer+1","floor":4.0},{"not_picked":["Prepared","Backflip"],"picked":"Quick Slash+1","floor":5.0},{"not_picked":["Slice+1","Backflip"],"picked":"Doppelganger","floor":8},{"not_picked":["Distraction","Flechettes+1","Deadly Poison"],"picked":"SKIP","floor":10},{"not_picked":["Acrobatics","Deflect"],"picked":"Calculated Gamble","floor":12}],"player_experience":5697673,"relics_obtained":[{"floor":3.0,"key":"Molten Egg 2"},{"floor":8,"key":"StrikeDummy"},{"floor":9,"key":"The Courier"},{"floor":12,"key":"Toy Ornithopter"}],"event_choices":[{"damage_healed":0,"gold_gain":0,"player_choice":"Fled","damage_taken":0,"max_hp_gain":0,"max_hp_loss":0,"event_name":"Scrap Ooze","floor":7,"gold_loss":0},{"damage_healed":0,"gold_gain":0,"player_choice":"Searched \u00271\u0027 times","damage_taken":0,"relics_obtained":["Calipers"],"max_hp_gain":0,"max_hp_loss":0,"event_name":"Dead Adventurer","floor":13,"gold_loss":0},{"damage_healed":0,"gold_gain":0,"player_choice":"1 cards matched","damage_taken":0,"max_hp_gain":0,"max_hp_loss":0,"event_name":"Match and Keep!","floor":14,"gold_loss":0,"cards_obtained":["Neutralize"]}],"is_beta":false,"boss_relics":[],"items_purged_floors":[],"is_endless":false,"potions_floor_spawned":[4,8],"killed_by":"Slime Boss","ascension_level":20}}