{"host":"baymyijz6sxaqj5s","time":1608738373,"event":{"mods":["AchievementEnabler","BaseMod","Colored Map","Colored Powertips","DeckTracker","KOR Keyword Fix","Keyboard Shortcuts","Minty Spire (QoL Compilation)","Quick Restart","StSLib","SuperFastMode"],"gold_per_floor":[112,112,122,197,208,208,230,285,309,320,320,330,330,330,330,330,330],"floor_reached":16,"playtime":259,"items_purged":[],"score":95,"play_id":"2f26010b-8070-489c-b5db-78202174c004","local_time":"20201224004613","is_ascension_mode":true,"campfire_choices":[{"data":"Heavy Blade","floor":6,"key":"SMITH"},{"floor":13,"key":"REST"},{"data":"Shrug It Off","floor":15,"key":"SMITH"}],"circlet_count":0,"master_deck":["Strike_R","Strike_R","Strike_R","Strike_R","Strike_R","Defend_R","Defend_R","Defend_R","Defend_R","Bash","Shrug It Off+1","Heavy Blade+1","Sword Boomerang"],"relics":["Burning Blood","Odd Mushroom","Happy Flower"],"acts_visited":["Exordium"],"potions_floor_usage":[12],"damage_taken":[{"damage":9,"enemies":"Small Slimes","floor":1,"turns":5},{"damage":2,"enemies":"2 Louse","floor":3,"turns":4},{"damage":5,"enemies":"Jaw Worm","floor":5,"turns":4},{"damage":43,"enemies":"The Mushroom Lair","floor":7,"turns":7},{"damage":4,"enemies":"Blue Slaver","floor":10,"turns":5},{"damage":0,"enemies":"3 Louse","floor":12,"turns":2},{"damage":31,"enemies":"Hexaghost","floor":16,"turns":3}],"seed_played":"-8987070362781501818","potions_obtained":[{"floor":7,"key":"Explosive Potion"},{"floor":10,"key":"Block Potion"},{"floor":12,"key":"GamblersBrew"}],"is_trial":false,"path_per_floor":["M","?","M","?","M","R","?","?","T","M","$","M","R","?","R","B"],"character_chosen":"IRONCLAD","items_purchased":[],"campfire_rested":1,"item_purchase_floors":[],"current_hp_per_floor":[85,85,88,77,78,78,41,41,41,43,43,49,75,80,80,49,49],"gold":330,"neow_bonus":"TEN_PERCENT_HP_BONUS","is_daily":false,"chose_seed":false,"campfire_upgraded":2,"win_rate":0.0,"timestamp":1608738373,"path_taken":["M","?","M","?","M","R","?","?","T","M","?","?","R","?","R","BOSS"],"items_purchased_type":[],"build_version":"2020-12-22","purchased_purges":0,"victory":false,"max_hp_per_floor":[88,88,88,88,88,88,88,88,88,88,88,88,88,93,93,93,93],"card_choices":[{"not_picked":["Perfected Strike","Dual Wield"],"picked":"Shrug It Off","floor":1},{"not_picked":["Wild Strike","Uppercut"],"picked":"Heavy Blade","floor":3},{"not_picked":["Pommel Strike","Havoc","Burning Pact"],"picked":"SKIP","floor":5},{"not_picked":["Uppercut","Hemokinesis"],"picked":"Sword Boomerang","floor":7},{"not_picked":["Headbutt","Blood for Blood","Uppercut"],"picked":"SKIP","floor":10},{"not_picked":["Anger","Sword Boomerang","Clash"],"picked":"SKIP","floor":12}],"player_experience":207539,"relics_obtained":[{"floor":7,"key":"Odd Mushroom"},{"floor":9,"key":"Happy Flower"}],"event_choices":[{"damage_healed":0,"gold_gain":0,"player_choice":"Ignored","damage_taken":0,"max_hp_gain":0,"max_hp_loss":0,"event_name":"Golden Idol","floor":2,"gold_loss":0},{"damage_healed":0,"gold_gain":75,"player_choice":"Gather Gold","damage_taken":11,"max_hp_gain":0,"max_hp_loss":0,"event_name":"World of Goop","floor":4,"gold_loss":0},{"damage_healed":0,"gold_gain":0,"player_choice":"Fought Mushrooms","damage_taken":0,"max_hp_gain":0,"max_hp_loss":0,"event_name":"Mushrooms","floor":7,"gold_loss":0},{"damage_healed":0,"gold_gain":55,"player_choice":"Gained Gold","damage_taken":0,"max_hp_gain":0,"max_hp_loss":0,"event_name":"Golden Wing","floor":8,"gold_loss":0},{"damage_healed":0,"gold_gain":0,"player_choice":"Donut","damage_taken":0,"max_hp_gain":5,"max_hp_loss":0,"event_name":"Big Fish","floor":14,"gold_loss":0}],"is_beta":false,"boss_relics":[],"items_purged_floors":[],"is_endless":false,"potions_floor_spawned":[7,10,12],"killed_by":"Hexaghost","ascension_level":1}}