{"host":"6pgtslebjnyv5xmi","time":1608706475,"event":{"mods":["AchievementEnabler","BaseMod","Colored Map","Minty Spire (QoL Compilation)","Rare Cards Sparkle","StSLib","SuperFastMode","The Dragon Tamer","everything is the same but u backflip on backflip"],"gold_per_floor":[116,191,191,191,191,230,230,265,318,331,356,44,59,79,79,79,79],"floor_reached":16,"playtime":2370,"items_purged":["Defend_B"],"score":184,"play_id":"bcdbd427-a880-4837-8015-f94c4588db12","local_time":"20201223155435","is_ascension_mode":true,"campfire_choices":[{"data":"Zap","floor":7,"key":"SMITH"},{"floor":15,"key":"REST"}],"circlet_count":0,"master_deck":["Strike_B","Strike_B","Strike_B+1","Defend_B","Defend_B","Defend_B","Zap+1","Dualcast","Capacitor+1","Undo","Hyperbeam","Melter","Chill","Meteor Strike","Reinforced Body","Turbo","Reinforced Body"],"relics":["Cracked Core","NeowsBlessing","Golden Idol","Gambling Chip","Unceasing Top","Ancient Tea Set"],"acts_visited":["Exordium"],"potions_floor_usage":[16,16],"damage_taken":[{"damage":0,"enemies":"2 Louse","floor":1,"turns":1},{"damage":0,"enemies":"3 Sentries","floor":6,"turns":1},{"damage":0,"enemies":"Gremlin Nob","floor":8,"turns":1},{"damage":1,"enemies":"Small Slimes","floor":10,"turns":2},{"damage":2,"enemies":"Jaw Worm","floor":11,"turns":2},{"damage":7,"enemies":"3 Louse","floor":13,"turns":2},{"damage":6,"enemies":"Blue Slaver","floor":14,"turns":3},{"damage":37,"enemies":"Hexaghost","floor":16,"turns":11}],"seed_played":"5197620610006884522","potions_obtained":[{"floor":6,"key":"GamblersBrew"},{"floor":11,"key":"FocusPotion"}],"is_trial":false,"path_per_floor":["M","?","?","?","?","E","R","E","T","M","M","$","M","M","R","B"],"character_chosen":"DEFECT","items_purchased":["Meteor Strike","Reinforced Body"],"campfire_rested":1,"item_purchase_floors":[12,12],"current_hp_per_floor":[75,64,46,31,31,31,31,31,31,30,28,28,21,15,37,0,0],"gold":79,"neow_bonus":"THREE_ENEMY_KILL","is_daily":false,"chose_seed":false,"campfire_upgraded":1,"win_rate":0.0,"timestamp":1608706475,"path_taken":["M","?","?","?","?","E","R","E","T","M","M","$","M","M","R","BOSS"],"items_purchased_type":["Card","Card"],"build_version":"2020-12-22","purchased_purges":1,"victory":false,"max_hp_per_floor":[75,75,75,75,75,75,75,75,75,75,75,75,75,75,75,75,75],"card_choices":[{"not_picked":["Streamline","Cold Snap"],"picked":"Capacitor","floor":1},{"not_picked":["Steam","White Noise"],"picked":"Hyperbeam","floor":6},{"not_picked":["Cold Snap","Gash"],"picked":"Melter","floor":8},{"not_picked":["Ball Lightning","Storm","Redo"],"picked":"SKIP","floor":10},{"not_picked":["Force Field","Aggregate"],"picked":"Chill","floor":11},{"not_picked":["Echo Form","Chaos"],"picked":"Turbo","floor":13},{"not_picked":["Tempest","Coolheaded"],"picked":"Reinforced Body","floor":14}],"player_experience":391248,"relics_obtained":[{"floor":6,"key":"Gambling Chip"},{"floor":8,"key":"Unceasing Top"},{"floor":9,"key":"Ancient Tea Set"}],"event_choices":[{"damage_healed":0,"gold_gain":75,"player_choice":"Gather Gold","damage_taken":11,"max_hp_gain":0,"max_hp_loss":0,"event_name":"World of Goop","floor":2,"gold_loss":0},{"damage_healed":0,"gold_gain":0,"player_choice":"Take Damage","damage_taken":18,"relics_obtained":["Golden Idol"],"max_hp_gain":0,"max_hp_loss":0,"event_name":"Golden Idol","floor":3,"gold_loss":0},{"damage_healed":0,"gold_gain":0,"player_choice":"Entered Light","damage_taken":15,"max_hp_gain":0,"max_hp_loss":0,"event_name":"Shining Light","floor":4,"gold_loss":0,"cards_upgraded":["Strike_B","Capacitor"]},{"damage_healed":0,"gold_gain":0,"cards_transformed":["Strike_B"],"player_choice":"Change","damage_taken":0,"max_hp_gain":0,"max_hp_loss":0,"event_name":"Living Wall","floor":5,"gold_loss":0,"cards_obtained":["Undo"]}],"is_beta":false,"boss_relics":[],"items_purged_floors":[12],"is_endless":false,"potions_floor_spawned":[6,11],"killed_by":"Hexaghost","ascension_level":3}}