{"host":"utqe55yv0jihe4d6","time":1608691431,"event":{"mods":["2.2 Compatiblity","AchievementEnabler","BaseMod","Block Reminder","Colored Map","Colored Powertips","Minty Spire (QoL Compilation)","Quick Restart","Rare Cards Sparkle","Relic Stats","SuperFastMode"],"gold_per_floor":[109,34,49,68,83,83,110,110,134,134,134,150,180,193,193,270,270,288,55,55,89,109,109,109,109,109],"floor_reached":25,"playtime":648,"items_purged":["Defend_G","Strike_G"],"score":422,"play_id":"8c4e20e6-ab4e-4ed3-be80-1ad519b941c7","local_time":"20201222214351","is_ascension_mode":true,"campfire_choices":[{"data":"Wraith Form v2","floor":6,"key":"SMITH"},{"data":"Crippling Poison","floor":8,"key":"SMITH"},{"floor":10,"key":"REST"},{"data":"Caltrops","floor":15,"key":"SMITH"},{"data":"Footwork","floor":23,"key":"SMITH"}],"circlet_count":0,"master_deck":["AscendersBane","Strike_G","Strike_G","Strike_G","Defend_G","Defend_G","Defend_G","Defend_G","Survivor","Neutralize","Wraith Form v2+1","Slice","Crippling Poison+1","Flying Knee","Poisoned Stab","Endless Agony","All Out Attack","Caltrops+1","Die Die Die","Footwork+1","Bouncing Flask","Necronomicurse"],"relics":["Ring of the Snake","Strawberry","Lantern","Juzu Bracelet","Bottled Lightning","Coffee Dripper","Red Mask","Necronomicon"],"acts_visited":["Exordium","TheCity"],"potions_floor_usage":[7,7,7,21],"damage_taken":[{"damage":5,"enemies":"Cultist","floor":1,"turns":5},{"damage":10,"enemies":"2 Louse","floor":3,"turns":4},{"damage":4,"enemies":"Small Slimes","floor":4,"turns":3},{"damage":5,"enemies":"Gremlin Gang","floor":5,"turns":5},{"damage":12,"enemies":"3 Sentries","floor":7,"turns":8},{"damage":9,"enemies":"Large Slime","floor":12,"turns":5},{"damage":1,"enemies":"Gremlin Nob","floor":13,"turns":4},{"damage":8,"enemies":"Looter","floor":14,"turns":2},{"damage":19,"enemies":"Hexaghost","floor":16,"turns":9},{"damage":0,"enemies":"3 Byrds","floor":18,"turns":2},{"damage":0,"enemies":"Masked Bandits","floor":21,"turns":2},{"damage":13,"enemies":"Shell Parasite","floor":22,"turns":4},{"damage":27,"enemies":"Gremlin Leader","floor":25,"turns":5}],"seed_played":"9056605414234698910","potions_obtained":[{"floor":3,"key":"CultistPotion"},{"floor":4,"key":"LiquidBronze"},{"floor":5,"key":"EntropicBrew"},{"floor":12,"key":"BlessingOfTheForge"},{"floor":22,"key":"Strength Potion"}],"is_trial":false,"path_per_floor":["M","$","M","M","M","R","E","R","T","R","?","M","E","M","R","B",null,"M","$","?","?","M","R","?","E"],"character_chosen":"THE_SILENT","items_purchased":["Footwork","Bouncing Flask"],"campfire_rested":1,"item_purchase_floors":[19,19],"current_hp_per_floor":[54,54,44,40,35,35,30,30,30,51,51,42,41,33,33,14,58,58,58,58,58,45,45,24,0,0],"gold":109,"neow_bonus":"ONE_RANDOM_RARE_CARD","is_daily":false,"chose_seed":false,"campfire_upgraded":4,"win_rate":0.0,"timestamp":1608691431,"path_taken":["M","?","?","M","M","R","E","R","T","R","?","M","E","M","R","BOSS","M","$","?","?","M","R","?","E"],"items_purchased_type":["Card","Card"],"build_version":"2020-12-13","purchased_purges":2,"victory":false,"max_hp_per_floor":[66,66,66,66,66,66,73,73,73,73,73,73,73,73,73,73,73,73,73,73,73,73,73,73,73,73],"relic_stats":{"counters":[13,58],"Juzu Bracelet":1,"Necronomicon":[0],"obtain_stats":[{"Lantern":9,"Strawberry":7,"Juzu Bracelet":11,"Coffee Dripper":17,"Red Mask":21,"Necronomicon":24,"Bottled Lightning":13,"Ring of the Snake":0},{"Lantern":5,"Strawberry":5,"Juzu Bracelet":5,"Coffee Dripper":9,"Red Mask":11,"Necronomicon":12,"Bottled Lightning":7,"Ring of the Snake":0},{"Lantern":25,"Strawberry":25,"Juzu Bracelet":25,"Coffee Dripper":45,"Red Mask":49,"Necronomicon":53,"Bottled Lightning":34,"Ring of the Snake":0}],"Ring of the Snake":[27]},"card_choices":[{"not_picked":["PiercingWail","Acrobatics"],"picked":"Slice","floor":1},{"not_picked":["Finisher","Expertise"],"picked":"Crippling Poison","floor":3},{"not_picked":["Blade Dance","Outmaneuver"],"picked":"Flying Knee","floor":4},{"not_picked":["Dagger Spray","Phantasmal Killer"],"picked":"Poisoned Stab","floor":5},{"not_picked":["Flying Knee","Reflex"],"picked":"Endless Agony","floor":7},{"not_picked":["Underhanded Strike","Backflip"],"picked":"All Out Attack","floor":12},{"not_picked":["Deflect","Choke"],"picked":"Caltrops","floor":13},{"not_picked":["Flying Knee","Grand Finale","Flechettes"],"picked":"SKIP","floor":14},{"not_picked":["Grand Finale","Doppelganger"],"picked":"Die Die Die","floor":16},{"not_picked":["Prepared","Bane","Underhanded Strike"],"picked":"SKIP","floor":18},{"not_picked":["Riddle With Holes","Dagger Throw","Choke"],"picked":"SKIP","floor":22}],"player_experience":2835401,"relics_obtained":[{"floor":7,"key":"Strawberry"},{"floor":9,"key":"Lantern"},{"floor":13,"key":"Bottled Lightning"},{"floor":21,"key":"Red Mask"},{"floor":24,"key":"Necronomicon"}],"event_choices":[{"damage_healed":0,"gold_gain":0,"player_choice":"Searched \u00271\u0027 times","damage_taken":0,"relics_obtained":["Juzu Bracelet"],"max_hp_gain":0,"max_hp_loss":0,"event_name":"Dead Adventurer","floor":11,"gold_loss":0},{"cards_removed":["Strike_G"],"damage_healed":0,"gold_gain":0,"player_choice":"Purged","damage_taken":0,"max_hp_gain":0,"max_hp_loss":0,"event_name":"Purifier","floor":20,"gold_loss":0},{"damage_healed":0,"gold_gain":0,"player_choice":"Fought Bandits","damage_taken":0,"max_hp_gain":0,"max_hp_loss":0,"event_name":"Masked Bandits","floor":21,"gold_loss":0},{"damage_healed":0,"gold_gain":0,"player_choice":"Obtained Book","damage_taken":21,"max_hp_gain":0,"max_hp_loss":0,"event_name":"Cursed Tome","floor":24,"gold_loss":0}],"is_beta":false,"boss_relics":[{"not_picked":["Tiny House","Astrolabe"],"picked":"Coffee Dripper"}],"items_purged_floors":[2,19],"is_endless":false,"potions_floor_spawned":[3,4,5,12,14,22],"killed_by":"Gremlin Leader","ascension_level":20}}