{"host":"wpobqx0jtxs252ev","time":1608698679,"event":{"mods":["AchievementEnabler","Act Like it!","BaseMod","Better Altar","Better Note","Better Sensory Stone","Better Skull","Better Third Choice","Colored Powertips","Downfall","Gensokyo","Hermit","Highlight Path","Infinite Spire","Koishi","Marisa????????","Mimic Mod","Minty Spire (QoL Compilation)","Relic Stats","Replay The Spire","Shade Mod","StSLib","The Construct","The Disciple","The Hierophant","The Jungle","The Mystic","The Runesmith"],"gold_per_floor":[118,118,136,136,136,164,164,45,71,81,112,122,136,135,135,237,237,247,247,261,271,288,320,320,320,350,361,361,373,420,431,431,530,530,543,553,553,564,576,602,613,613,667,686,686,697,697,746,746,746],"floor_reached":51,"playtime":6436,"items_purged":["Gensokyo:ImpossibleRequest"],"score":713,"play_id":"56e15c55-0650-4018-91ff-e4dcd28f63a7","local_time":"20201223014439","is_ascension_mode":false,"campfire_choices":[{"floor":7,"key":"REST"},{"data":"Glass Knife","floor":15,"key":"SMITH"},{"data":"Neutralize","floor":15,"key":"SMITH"},{"data":"Terror","floor":24,"key":"SMITH"},{"data":"Calculated Gamble","floor":24,"key":"SMITH"},{"floor":32,"key":"REST"},{"floor":49,"key":"REST"}],"circlet_count":0,"master_deck":["Strike_G","Strike_G","Strike_G","Strike_G","Defend_G","Defend_G","Defend_G","Defend_G","Defend_G","Survivor","Neutralize+1","Blur","Calculated Gamble+1","Cloak And Dagger","Terror+1","Dagger Spray","Glass Knife+1","Malaise","ReplayTheSpireMod:Scrap Shanks+1","ReplayTheSpireMod:Scrap Shanks+1","Footwork","Glass Knife","All Out Attack","Prepared","Malaise","Phantasmal Killer","A Thousand Cuts+1"],"relics":["Ring of the Snake","NeowsBlessing","infinitespire:Beetle Shell","infinitespire:Lucky Rock","Mango","Gensokyo:NagashiBinaDoll","Juzu Bracelet","ReplayTheSpireMod:TigerMarble","infinitespire:Satchel","Replay:Arrowhead","Durian","ReplayTheSpireMod:CursedCoin","infinitespire:Cupcake","Toolbox","Snecko Scales","Art of War","Kunai","Garlic","SacredBark","construct:FoamFinger","Replay:Wax Seal","Snake Skull"],"acts_visited":["Exordium","TheCity","TheBeyond"],"potions_floor_usage":[11,16,23,33,44,50],"damage_taken":[{"damage":0,"enemies":"Gensokyo:Python","floor":1,"turns":1},{"damage":0,"enemies":"Gensokyo:3_Fairies","floor":3,"turns":2},{"damage":0,"enemies":"Gensokyo:Cirno","floor":6,"turns":2},{"damage":0,"enemies":"Gensokyo:Gryphon","floor":10,"turns":3},{"damage":10,"enemies":"Gensokyo:Aya","floor":11,"turns":7},{"damage":0,"enemies":"Gensokyo:Kitsune","floor":12,"turns":3},{"damage":0,"enemies":"Gensokyo:LivingMonolith","floor":13,"turns":3},{"damage":19,"enemies":"Gensokyo:Kokoro","floor":16,"turns":11},{"damage":0,"enemies":"3 Byrds","floor":18,"turns":5},{"damage":0,"enemies":"2 Thieves","floor":20,"turns":2},{"damage":0,"enemies":"Snecko","floor":21,"turns":3},{"damage":3,"enemies":"3 Cultists","floor":22,"turns":3},{"damage":18,"enemies":"Gremlin Leader","floor":23,"turns":4},{"damage":0,"enemies":"Snake Plant","floor":26,"turns":3},{"damage":15,"enemies":"Snake Plant","floor":27,"turns":3},{"damage":4,"enemies":"Cultist and Chosen","floor":29,"turns":2},{"damage":0,"enemies":"3 Cultists","floor":31,"turns":2},{"damage":20,"enemies":"Collector","floor":33,"turns":5},{"damage":0,"enemies":"3 Darklings","floor":35,"turns":3},{"damage":0,"enemies":"Orb Walker","floor":36,"turns":3},{"damage":0,"enemies":"Transient","floor":38,"turns":5},{"damage":11,"enemies":"4 Shapes","floor":39,"turns":3},{"damage":22,"enemies":"Nightmare","floor":40,"turns":8},{"damage":19,"enemies":"Jaw Worm Horde","floor":41,"turns":3},{"damage":0,"enemies":"Writhing Mass","floor":44,"turns":4},{"damage":1,"enemies":"Spire Growth","floor":46,"turns":4},{"damage":29,"enemies":"Awakened One","floor":50,"turns":8}],"seed_played":"-668297681802052309","potions_obtained":[{"floor":3,"key":"Flashbang"},{"floor":6,"key":"Poison Potion"},{"floor":11,"key":"construct:ShiftPotion"},{"floor":12,"key":"Fire Potion"},{"floor":16,"key":"Poison Potion"},{"floor":18,"key":"Energy Potion"},{"floor":27,"key":"AttackPotion"},{"floor":29,"key":"Swift Potion"},{"floor":35,"key":"Adrenaline Potion"}],"is_trial":false,"path_per_floor":["M","?","M","?","?","E","R","COS","T","M","E","M","M","$","R","B",null,"M","AVR","M","M","M","E","R","?","MIM","M","?","M","?","M","R","B",null,"M","M","$","M","M","NM","M","?","T","M","?","M","?","T","R","B",null],"character_chosen":"THE_SILENT","items_purchased":["ReplayTheSpireMod:CursedCoin","Glass Knife"],"campfire_rested":3,"item_purchase_floors":[14,14],"current_hp_per_floor":[70,35,35,28,28,28,53,53,53,53,43,43,48,48,48,29,89,89,89,89,89,86,68,68,68,68,53,53,49,14,14,40,20,89,89,89,89,89,78,56,37,37,37,37,37,36,36,36,62,33],"gold":746,"neow_bonus":"THREE_ENEMY_KILL","is_daily":false,"chose_seed":false,"campfire_upgraded":4,"win_rate":0.0,"timestamp":1608698679,"path_taken":["M","?","?","?","?","E","R","COS","T","M","E","M","M","?","R","BOSS","M","AVR","M","M","M","E","R","?","MIM","M","?","M","?","M","R","BOSS","M","M","$","M","M","NM","M","?","T","M","?","M","?","?","R","BOSS"],"items_purchased_type":["Relic","Card"],"build_version":"2020-12-13","purchased_purges":1,"victory":true,"max_hp_per_floor":[70,70,70,84,84,84,84,84,84,84,84,84,89,89,89,89,89,89,89,89,89,89,89,89,89,89,89,89,89,89,89,89,89,89,89,89,89,89,89,89,89,89,89,89,89,89,89,89,89,89],"relic_stats":{"counters":[27,105],"Snake Skull":[0],"Juzu Bracelet":3,"Art of War":[3],"Kunai":[91],"obtain_stats":[{"construct:FoamFinger":40,"NeowsBlessing":0,"ReplayTheSpireMod:CursedCoin":14,"SacredBark":34,"Mango":4,"infinitespire:Beetle Shell":2,"Gensokyo:NagashiBinaDoll":5,"Snake Skull":48,"Juzu Bracelet":6,"infinitespire:Lucky Rock":2,"Replay:Arrowhead":11,"Snecko Scales":19,"infinitespire:Satchel":11,"Toolbox":19,"ReplayTheSpireMod:TigerMarble":9,"Durian":13,"Art of War":23,"Garlic":30,"Kunai":26,"Replay:Wax Seal":43,"Ring of the Snake":0,"infinitespire:Cupcake":17},{"construct:FoamFinger":23,"NeowsBlessing":0,"ReplayTheSpireMod:CursedCoin":7,"SacredBark":18,"Mango":2,"infinitespire:Beetle Shell":1,"Gensokyo:NagashiBinaDoll":2,"Snake Skull":26,"Juzu Bracelet":3,"infinitespire:Lucky Rock":1,"Replay:Arrowhead":5,"Snecko Scales":9,"infinitespire:Satchel":5,"Toolbox":9,"ReplayTheSpireMod:TigerMarble":3,"Durian":7,"Art of War":13,"Garlic":16,"Kunai":14,"Replay:Wax Seal":24,"Ring of the Snake":0,"infinitespire:Cupcake":8},{"construct:FoamFinger":86,"NeowsBlessing":0,"ReplayTheSpireMod:CursedCoin":21,"SacredBark":64,"Mango":3,"infinitespire:Beetle Shell":1,"Gensokyo:NagashiBinaDoll":3,"Snake Skull":97,"Juzu Bracelet":5,"infinitespire:Lucky Rock":1,"Replay:Arrowhead":15,"Snecko Scales":37,"infinitespire:Satchel":12,"Toolbox":37,"ReplayTheSpireMod:TigerMarble":5,"Durian":20,"Art of War":49,"Garlic":57,"Kunai":52,"Replay:Wax Seal":89,"Ring of the Snake":0,"infinitespire:Cupcake":32}],"Ring of the Snake":[32]},"card_choices":[{"not_picked":["Outmaneuver","Quick Slash"],"picked":"Blur","floor":1},{"not_picked":["Finisher","Expertise"],"picked":"Calculated Gamble","floor":3},{"not_picked":["Prepared","Hidden Blade"],"picked":"Cloak And Dagger","floor":6},{"not_picked":["Dagger Throw","Deflect"],"picked":"Terror","floor":10},{"not_picked":["Caltrops","Poisoned Stab"],"picked":"Dagger Spray","floor":11},{"not_picked":["Underhanded Strike","Sucker Punch","Dodge and Roll"],"picked":"SKIP","floor":12},{"not_picked":["Hidden Blade","Outmaneuver","Acrobatics"],"picked":"SKIP","floor":13},{"not_picked":["A Thousand Cuts","Atom Bomb"],"picked":"Malaise","floor":16},{"not_picked":["Backflip+1","Catalyst"],"picked":"ReplayTheSpireMod:Scrap Shanks+1","floor":18},{"not_picked":["Backstab","PiercingWail+1"],"picked":"ReplayTheSpireMod:Scrap Shanks","floor":20},{"not_picked":["Sucker Punch","Dash"],"picked":"Footwork","floor":21},{"not_picked":["Bane","Backflip"],"picked":"Glass Knife","floor":22},{"not_picked":["Deadly Poison","PiercingWail"],"picked":"All Out Attack","floor":23},{"not_picked":["Backflip","Bane","Heel Hook+1"],"picked":"SKIP","floor":27},{"not_picked":["Hidden Blade+1","Backflip+1"],"picked":"Prepared","floor":29},{"not_picked":["Poisoned Stab","Acrobatics"],"picked":"Malaise","floor":31},{"not_picked":["ReplayTheSpireMod:From All Sides","Die Die Die"],"picked":"Phantasmal Killer","floor":33},{"not_picked":["Flying Knee","Backflip","Dodge and Roll"],"picked":"SKIP","floor":35},{"not_picked":["Predator+1","Catalyst+1","Bane+1"],"picked":"SKIP","floor":36},{"not_picked":["PiercingWail","Hidden Blade+1","Quick Slash"],"picked":"SKIP","floor":38},{"not_picked":["Dagger Throw","Leg Sweep+1","Underhanded Strike+1"],"picked":"SKIP","floor":39},{"not_picked":["Dodge and Roll","Underhanded Strike+1"],"picked":"A Thousand Cuts","floor":40},{"not_picked":["Bane+1","Prepared","Replay:Poison Smokescreen+1"],"picked":"SKIP","floor":41},{"not_picked":["Concentrate+1","Dagger Spray","Sucker Punch"],"picked":"SKIP","floor":44},{"not_picked":["Blade Dance","Flying Knee","Acrobatics+1"],"picked":"SKIP","floor":46}],"player_experience":219378,"relics_obtained":[{"floor":6,"key":"Juzu Bracelet"},{"floor":9,"key":"ReplayTheSpireMod:TigerMarble"},{"floor":11,"key":"Replay:Arrowhead"},{"floor":23,"key":"Art of War"},{"floor":26,"key":"Kunai"},{"floor":30,"key":"Garlic"},{"floor":40,"key":"construct:FoamFinger"},{"floor":43,"key":"Replay:Wax Seal"},{"floor":48,"key":"Snake Skull"}],"event_choices":[{"damage_healed":0,"gold_gain":0,"player_choice":"RE RE ","damage_taken":39,"relics_obtained":["infinitespire:Beetle Shell","infinitespire:Lucky Rock"],"max_hp_gain":0,"max_hp_loss":0,"event_name":"betterSkull:BetterSkull","floor":2,"gold_loss":0,"cards_upgraded":[]},{"damage_healed":0,"gold_gain":0,"player_choice":"Ignored","damage_taken":0,"max_hp_gain":0,"max_hp_loss":0,"event_name":"Vampires","floor":25,"gold_loss":0},{"damage_healed":0,"gold_gain":0,"player_choice":"Upgraded","damage_taken":0,"max_hp_gain":0,"max_hp_loss":0,"event_name":"Upgrade Shrine","floor":28,"gold_loss":0,"cards_upgraded":["ReplayTheSpireMod:Scrap Shanks"]},{"cards_removed":["Strike_G"],"damage_healed":0,"gold_gain":0,"player_choice":"Removed Attack","damage_taken":0,"max_hp_gain":0,"max_hp_loss":0,"event_name":"Falling","floor":42,"gold_loss":0},{"damage_healed":0,"gold_gain":0,"player_choice":"Upgraded","damage_taken":0,"max_hp_gain":0,"max_hp_loss":0,"event_name":"Upgrade Shrine","floor":45,"gold_loss":0,"cards_upgraded":["A Thousand Cuts"]}],"is_beta":false,"boss_relics":[{"not_picked":["Empty Cage","Busted Crown"],"picked":"infinitespire:Cupcake"},{"not_picked":["Replay:Drink Me","Velvet Choker"],"picked":"SacredBark"}],"items_purged_floors":[19],"is_endless":false,"potions_floor_spawned":[3,6,11,12,16,18,27,29,31,35,39,41],"ascension_level":0}}