{"host":"k6v1xkuzrj71f4ss","time":1608699999,"event":{"mods":["Act Like it!","BaseMod","Bestiary","Better Altar","Better Third Choice","BetterRewards","Block Reminder","Colored Map","Colored Powertips","Curses Come First","Hubris","Minty Spire (QoL Compilation)","Quick Restart","Relic Stats","Remove Card Discount Mod","Spicy Shops","StSLib","óô»ðÖ¸ÄÏ"],"gold_per_floor":[116,135,4585,4585,4605,4605,4635,4666,4666,4666,4695,4721,4611,4644,4644,4739,4739,4754,4754,4754,4754,4754,4782,4782,4782,4805,4838,4838,4870,4900,4934,4934,5030,5080,5092,4797,4852,0,11,45,70,70,116,146,146,146,174,186,186,186],"floor_reached":51,"playtime":4073,"items_purged":["Strike_R","Strike_R","Defend_R","Strike_R","Strike_R","Defend_R","Defend_R"],"score":1142,"play_id":"dd28ecca-4f32-421e-b158-df78a1c25a37","local_time":"20201223130639","daily_mods":["Green Cards","Heirloom","Flight","DeadlyEvents"],"is_ascension_mode":true,"campfire_choices":[{"data":"Rampage","floor":6.0,"key":"SMITH"},{"data":"Anger","floor":10.0,"key":"SMITH"},{"data":"Blur","floor":15.0,"key":"SMITH"},{"data":"Double Tap","floor":24.0,"key":"SMITH"},{"data":"Glass Knife","floor":25.0,"key":"SMITH"},{"floor":28,"key":"REST"},{"floor":32,"key":"REST"},{"data":"Heavy Blade","floor":45,"key":"SMITH"},{"data":"Shrug It Off","floor":46,"key":"SMITH"},{"floor":49,"key":"REST"}],"circlet_count":0,"master_deck":["Defend_R","Bash","Rampage+1","Glass Knife+1","Deadly Poison","Heavy Blade+1","Power Through","Anger+1","Finisher+1","Blur+1","Hemokinesis","Double Tap+1","Inflame","RitualDagger","Noxious Fumes+1","Spot Weakness","PiercingWail+1","Shrug It Off+1","Burst+1","Blur+1","Terror+1","Flex+1","Demon Form","Thunderclap+1"],"relics":["Burning Blood","Ice Cream","hubris:PeanutButter","hubris:OldNail","Toy Ornithopter","Regal Pillow","Darkstone Periapt","Akabeko","MawBank","hubris:ToyBattleship","Mark of Pain","Shuriken","Art of War","Red Skull","Omamori","HornCleat","Nunchaku","Anchor","Tiny House","Happy Flower","Frozen Eye","Magic Flower","Red Mask","Bottled Tornado","hubris:ChampionShield","Smiling Mask","Pear","CeramicFish"],"acts_visited":["Exordium","TheCity","TheBeyond"],"potions_floor_usage":[31,37,40,44,50,50,50,50],"damage_taken":[{"damage":10.0,"enemies":"Small Slimes","floor":1.0,"turns":4.0},{"damage":12.0,"enemies":"Jaw Worm","floor":2.0,"turns":4.0},{"damage":0.0,"enemies":"Cultist","floor":5.0,"turns":2.0},{"damage":10.0,"enemies":"Gremlin Nob","floor":7.0,"turns":3.0},{"damage":12.0,"enemies":"Lagavulin","floor":8.0,"turns":5.0},{"damage":7.0,"enemies":"Gremlin Nob","floor":11.0,"turns":3.0},{"damage":2.0,"enemies":"3 Sentries","floor":12.0,"turns":4.0},{"damage":2.0,"enemies":"Lagavulin","floor":14.0,"turns":5.0},{"damage":19.0,"enemies":"Slime Boss","floor":16.0,"turns":8.0},{"damage":1.0,"enemies":"Chosen","floor":18.0,"turns":3.0},{"damage":43.0,"enemies":"Gremlin Leader","floor":23.0,"turns":5.0},{"damage":19,"enemies":"Book of Stabbing","floor":27,"turns":3},{"damage":7,"enemies":"Gremlin Leader","floor":29,"turns":5},{"damage":8,"enemies":"Book of Stabbing","floor":30,"turns":4},{"damage":32,"enemies":"Slavers","floor":31,"turns":5},{"damage":59,"enemies":"hubris:MusketHawk","floor":33,"turns":8},{"damage":7,"enemies":"3 Shapes","floor":35,"turns":3},{"damage":19,"enemies":"2 Orb Walkers","floor":37,"turns":5},{"damage":0,"enemies":"Orb Walker","floor":39,"turns":4},{"damage":30,"enemies":"Nemesis","floor":40,"turns":5},{"damage":20,"enemies":"Reptomancer","floor":41,"turns":7},{"damage":39,"enemies":"Giant Head","floor":44,"turns":6},{"damage":0,"enemies":"Reptomancer","floor":47,"turns":2},{"damage":0,"enemies":"3 Darklings","floor":48,"turns":5},{"damage":32,"enemies":"Donu and Deca","floor":50,"turns":6}],"seed_played":"-7604987344470382868","potions_obtained":[{"floor":2.0,"key":"CultistPotion"},{"floor":5.0,"key":"SteroidPotion"},{"floor":12.0,"key":"Dexterity Potion"},{"floor":16.0,"key":"GamblersBrew"},{"floor":23.0,"key":"Energy Potion"},{"floor":31,"key":"GamblersBrew"},{"floor":33,"key":"Regen Potion"},{"floor":37,"key":"Block Potion"},{"floor":44,"key":"Block Potion"},{"floor":47,"key":"ColorlessPotion"},{"floor":48,"key":"EntropicBrew"}],"is_trial":true,"path_per_floor":["M","M","$","?","M","R","E","E","T","R","E","E","$","E","R","B",null,"M","?","?","?","T","E","R","R","T","E","R","E","E","E","R","B",null,"M","$","?","?","M","E","E","NS","T","E","R","R","E","M","R","B",null],"character_chosen":"IRONCLAD","items_purchased":["Rampage","Glass Knife","Deadly Poison","hubris:PeanutButter","Hemokinesis","Happy Flower","Frozen Eye"],"campfire_rested":3,"item_purchase_floors":[3,3,3,3,13,36,36],"current_hp_per_floor":[76,70,70,37,43,43,39,33,33,33,32,46,46,50,50,37,80,80,80,80,74,74,37,37,37,37,24,63,62,60,39,78,25,85,84,84,76,76,85,69,58,58,58,54,54,54,63,72,95,84],"gold":186,"neow_bonus":"","is_daily":false,"chose_seed":false,"campfire_upgraded":7,"win_rate":0.0,"timestamp":1608699999,"path_taken":["M","M","$","?","M","R","E","E","T","R","E","E","?","?","R","BOSS","M","?","?","?","?","E","R","R","T","E","R","E","E","?","R","BOSS","M","?","?","?","M","E","E","NS","T","E","R","R","E","M","R","BOSS"],"items_purchased_type":["Card","Card","Card","Relic","Card","Relic","Relic"],"build_version":"2020-12-13","purchased_purges":7,"victory":true,"max_hp_per_floor":[80,80,80,80,80,80,80,80,80,80,80,80,80,80,80,80,80,80,80,80,80,80,80,80,80,80,80,80,80,80,80,80,80,85,85,85,85,85,85,85,85,85,85,95,95,95,95,95,95,95],"relic_stats":{"Darkstone Periapt":0,"Regal Pillow":30,"Happy Flower":[13],"counters":[25,114],"CeramicFish":0,"Magic Flower":[30],"MawBank":12,"Smiling Mask":0,"Burning Blood":166,"Nunchaku":[8],"Shuriken":[20],"Art of War":[10],"obtain_stats":[{"Ice Cream":0,"Darkstone Periapt":9,"Regal Pillow":8,"Tiny House":34,"CeramicFish":47,"Magic Flower":37,"Bottled Tornado":40,"Smiling Mask":43,"Burning Blood":0,"Frozen Eye":36,"Nunchaku":30,"HornCleat":29,"Red Mask":38,"hubris:ChampionShield":41,"Red Skull":26,"Pear":44,"Happy Flower":36,"Omamori":27,"MawBank":12,"Akabeko":11,"Anchor":31,"Shuriken":22,"hubris:PeanutButter":3,"Mark of Pain":17,"hubris:ToyBattleship":14,"Art of War":23,"hubris:OldNail":4,"Toy Ornithopter":7},{"Ice Cream":0,"Darkstone Periapt":5,"Regal Pillow":5,"Tiny House":16,"CeramicFish":23,"Magic Flower":18,"Bottled Tornado":20,"Smiling Mask":21,"Burning Blood":0,"Frozen Eye":17,"Nunchaku":14,"HornCleat":13,"Red Mask":18,"hubris:ChampionShield":21,"Red Skull":11,"Pear":22,"Happy Flower":17,"Omamori":12,"MawBank":7,"Akabeko":6,"Anchor":15,"Shuriken":10,"hubris:PeanutButter":2,"Mark of Pain":9,"hubris:ToyBattleship":8,"Art of War":11,"hubris:OldNail":2,"Toy Ornithopter":4},{"Ice Cream":0,"Darkstone Periapt":18,"Regal Pillow":18,"Tiny House":71,"CeramicFish":103,"Magic Flower":79,"Bottled Tornado":88,"Smiling Mask":95,"Burning Blood":0,"Frozen Eye":74,"Nunchaku":58,"HornCleat":54,"Red Mask":79,"hubris:ChampionShield":95,"Red Skull":46,"Pear":101,"Happy Flower":74,"Omamori":49,"MawBank":25,"Akabeko":21,"Anchor":63,"Shuriken":41,"hubris:PeanutButter":8,"Mark of Pain":38,"hubris:ToyBattleship":30,"Art of War":46,"hubris:OldNail":8,"Toy Ornithopter":13}],"Toy Ornithopter":45},"card_choices":[{"not_picked":["Dodge and Roll","Deadly Poison","Outmaneuver"],"picked":"SKIP","floor":1.0},{"not_picked":["Underhanded Strike","Havoc","hubris:TrickCloak"],"picked":"SKIP","floor":2.0},{"not_picked":["Deadly Poison","hubris:Sniper"],"picked":"Heavy Blade","floor":5.0},{"not_picked":["Perfected Strike","Well Laid Plans"],"picked":"Power Through","floor":7.0},{"not_picked":["Wild Strike","Perfected Strike"],"picked":"Anger","floor":8.0},{"not_picked":["Rupture","Distraction"],"picked":"Finisher","floor":11.0},{"not_picked":["Flex","Wild Strike"],"picked":"Blur","floor":12.0},{"not_picked":["Flame Barrier","Clash","Deadly Poison"],"picked":"SKIP","floor":14.0},{"not_picked":["Night Terror","Berserk"],"picked":"Double Tap","floor":16.0},{"not_picked":["Bane","Pommel Strike"],"picked":"Inflame","floor":18.0},{"not_picked":["Bouncing Flask","Cloak And Dagger+1"],"picked":"Noxious Fumes+1","floor":23.0},{"not_picked":["Skewer","Sword Boomerang"],"picked":"Spot Weakness","floor":27},{"not_picked":["True Grit","Leg Sweep"],"picked":"PiercingWail+1","floor":29},{"not_picked":["Sever Soul","Body Slam","Clothesline+1"],"picked":"SKIP","floor":30},{"not_picked":["Riddle With Holes","hubris:SlightOfHand"],"picked":"Shrug It Off","floor":31},{"not_picked":["Adrenaline","Impervious"],"picked":"Burst","floor":33},{"not_picked":["Quick Slash+1","Dagger Spray+1"],"picked":"Blur+1","floor":34},{"not_picked":["Wild Strike+1","PiercingWail+1"],"picked":"Terror+1","floor":35},{"not_picked":["Finisher+1","True Grit+1"],"picked":"Flex+1","floor":37},{"not_picked":["Dodge and Roll","Leg Sweep","Infinite Blades"],"picked":"SKIP","floor":39},{"not_picked":["Outmaneuver+1","Entrench+1"],"picked":"Demon Form","floor":40},{"not_picked":["Hemokinesis","Terror+1","Prepared+1"],"picked":"SKIP","floor":41},{"not_picked":["Battle Trance+1","Deadly Poison+1"],"picked":"Thunderclap+1","floor":44},{"not_picked":["All Out Attack","Rampage+1","Setup"],"picked":"SKIP","floor":47},{"not_picked":["Leg Sweep+1","Cloak And Dagger+1","Finisher"],"picked":"SKIP","floor":48}],"player_experience":211334,"relics_obtained":[{"floor":7.0,"key":"Toy Ornithopter"},{"floor":8.0,"key":"Regal Pillow"},{"floor":9.0,"key":"Darkstone Periapt"},{"floor":11.0,"key":"Akabeko"},{"floor":12.0,"key":"MawBank"},{"floor":14.0,"key":"hubris:ToyBattleship"},{"floor":22.0,"key":"Shuriken"},{"floor":23.0,"key":"Art of War"},{"floor":26.0,"key":"Red Skull"},{"floor":27,"key":"Omamori"},{"floor":29,"key":"HornCleat"},{"floor":30,"key":"Nunchaku"},{"floor":31,"key":"Anchor"},{"floor":37,"key":"Magic Flower"},{"floor":40,"key":"Bottled Tornado"},{"floor":41,"key":"hubris:ChampionShield"},{"floor":43,"key":"Smiling Mask"},{"floor":44,"key":"Pear"},{"floor":47,"key":"CeramicFish"}],"event_choices":[{"damage_healed":0.0,"max_hp_gain":0.0,"max_hp_loss":0.0,"gold_gain":0.0,"event_name":"betterThird:BetterScrap","player_choice":"Relic ","floor":4.0,"gold_loss":0.0,"damage_taken":33.0,"cards_obtained":["Corpse Explosion"]},{"cards_removed":["Strike_R"],"damage_healed":0.0,"max_hp_gain":0.0,"max_hp_loss":0.0,"gold_gain":0.0,"event_name":"betterThird:BetterWriting","player_choice":"Elegance","floor":19.0,"gold_loss":0.0,"damage_taken":0.0},{"damage_healed":0.0,"max_hp_gain":0.0,"max_hp_loss":0.0,"gold_gain":0.0,"event_name":"Vampires","player_choice":"Ignored","floor":20.0,"gold_loss":0.0,"damage_taken":0.0},{"damage_healed":0.0,"max_hp_gain":0.0,"max_hp_loss":0.0,"gold_gain":0.0,"event_name":"betterThird:BetterNest","player_choice":"Dagger","floor":21.0,"gold_loss":0.0,"damage_taken":6.0,"cards_obtained":["RitualDagger"]},{"damage_healed":0,"gold_gain":0,"player_choice":"Fight","damage_taken":0,"max_hp_gain":0,"max_hp_loss":0,"event_name":"Mysterious Sphere","floor":37,"gold_loss":0},{"damage_healed":0,"gold_gain":0,"player_choice":"Paid","damage_taken":0,"relics_obtained":["Red Mask"],"max_hp_gain":0,"max_hp_loss":0,"event_name":"Tomb of Lord Red Mask","floor":38,"gold_loss":4852}],"is_beta":false,"boss_relics":[{"not_picked":["hubris:Backtick","hubris:GrandSneckoEye"],"picked":"Mark of Pain"},{"not_picked":["hubris:CrackedHourglass","Empty Cage"],"picked":"Tiny House"}],"items_purged_floors":[3,3,3,3,13,36,36],"is_endless":false,"potions_floor_spawned":[2,5,12,16,23,30,31,33,37,44,47,48],"ascension_level":4}}