{"host":"15ff3ltgpietarej","time":1608762547,"event":{"mods":["BaseMod","Downfall","Highlight Path","Minty Spire (QoL Compilation)","StSLib"],"gold_per_floor":[115,115,129,144,114,114,134,209,209,242,207,207,207],"floor_reached":12,"playtime":460,"items_purged":[],"score":90,"play_id":"f6c1d7e2-68b1-4602-956c-ec0dd93d16d0","local_time":"20201223232907","is_ascension_mode":true,"campfire_choices":[{"data":"Collect","floor":6.0,"key":"SMITH"}],"circlet_count":0,"master_deck":["Strike_P","Strike_P","Strike_P","Strike_P","Defend_P","Defend_P","Defend_P","Defend_P","Eruption","Vigilance","Collect+1","Protect","Protect","Consecrate","Weave","PathToVictory","Adaptation"],"relics":["PureWater","Pear","Pocketwatch"],"acts_visited":["Exordium"],"potions_floor_usage":[10,12],"damage_taken":[{"damage":0.0,"enemies":"Small Slimes","floor":1.0,"turns":3.0},{"damage":4.0,"enemies":"Cultist","floor":3.0,"turns":5.0},{"damage":0.0,"enemies":"2 Louse","floor":4.0,"turns":2.0},{"damage":4.0,"enemies":"Looter","floor":5.0,"turns":4.0},{"damage":12.0,"enemies":"Lots of Slimes","floor":7.0,"turns":4.0},{"damage":25,"enemies":"Lagavulin","floor":10,"turns":8},{"damage":86,"enemies":"Gremlin Nob","floor":12,"turns":6}],"seed_played":"6839495310251919053","potions_obtained":[{"floor":4.0,"key":"FearPotion"},{"floor":7.0,"key":"SteroidPotion"},{"floor":10,"key":"Weak Potion"}],"is_trial":false,"path_per_floor":["M","$","M","M","M","R","M","?","T","E","?","E"],"character_chosen":"WATCHER","items_purchased":[],"campfire_rested":0,"item_purchase_floors":[],"current_hp_per_floor":[72,72,68,68,64,64,52,41,51,26,46,0,0],"gold":207,"neow_bonus":"THREE_CARDS","is_daily":false,"chose_seed":false,"campfire_upgraded":1,"win_rate":0.0,"timestamp":1608762547,"path_taken":["M","$","M","M","M","R","M","?","T","E","?","E"],"items_purchased_type":[],"build_version":"2020-12-22","purchased_purges":0,"victory":false,"max_hp_per_floor":[72,72,72,72,72,72,72,72,82,82,82,82,82],"card_choices":[{"not_picked":["CrushJoints","Wallop"],"picked":"Collect","floor":0.0},{"not_picked":["SashWhip","FearNoEvil"],"picked":"Protect","floor":1.0},{"not_picked":["FlurryOfBlows","Crescendo"],"picked":"Protect","floor":3.0},{"not_picked":["TalkToTheHand","Halt"],"picked":"Consecrate","floor":4.0},{"not_picked":["Evaluate","InnerPeace"],"picked":"Weave","floor":5.0},{"not_picked":["SashWhip","Tantrum"],"picked":"PathToVictory","floor":7.0},{"not_picked":["Collect","Vengeance"],"picked":"Adaptation","floor":10}],"player_experience":402946,"relics_obtained":[{"floor":9.0,"key":"Pear"},{"floor":10,"key":"Pocketwatch"}],"event_choices":[{"damage_healed":0.0,"max_hp_gain":0.0,"max_hp_loss":0.0,"gold_gain":75.0,"event_name":"World of Goop","player_choice":"Gather Gold","floor":8.0,"gold_loss":0.0,"damage_taken":11.0},{"damage_healed":20,"gold_gain":0,"player_choice":"Healed","damage_taken":0,"max_hp_gain":0,"max_hp_loss":0,"event_name":"The Cleric","floor":11,"gold_loss":35}],"is_beta":false,"boss_relics":[],"items_purged_floors":[],"is_endless":false,"potions_floor_spawned":[4,7,10],"killed_by":"Gremlin Nob","ascension_level":3}}