{"host":"l66odvkqh04jpxx0","time":1608715192,"event":{"mods":["BaseMod","Colored Powertips","Conspire","Luminous","Minty Spire (QoL Compilation)","Replay The Spire","StSLib","The Construct","The Cursed","The Mystic","The Servant 0.9.4"],"gold_per_floor":[109,201,216,233,233,268,268,287,287,307,307,145,159,177,177,177,177],"floor_reached":16,"playtime":2223,"items_purged":[],"score":104,"play_id":"183463c8-37de-4461-bd20-f78779ba5d18","local_time":"20201223171952","is_ascension_mode":false,"campfire_choices":[{"floor":7,"key":"REST"},{"floor":15,"key":"REST"}],"circlet_count":0,"master_deck":["Strike_S","Strike_S","Strike_S","Defend_S","Defend_S","Defend_S","KidneyShot","Exchange","MoonPhase","ReturningBlade","WasteNot","BestPractice","Defy","Alleviate","Read","Potential","Ricochet","Hightail","Master of Strategy","Defy","FanOfKnives"],"relics":["Uniform","NeowsBlessing","Mercury Hourglass","FossilizedHelix"],"acts_visited":["Exordium"],"potions_floor_usage":[],"damage_taken":[{"damage":0,"enemies":"2 Louse","floor":1,"turns":1},{"damage":0,"enemies":"Jaw Worm","floor":3,"turns":1},{"damage":0,"enemies":"Cultist","floor":4,"turns":1},{"damage":55,"enemies":"Lagavulin","floor":6,"turns":11},{"damage":20,"enemies":"Looter","floor":8,"turns":4},{"damage":4,"enemies":"Gremlin Gang","floor":10,"turns":3},{"damage":0,"enemies":"Exordium Wildlife","floor":13,"turns":4},{"damage":0,"enemies":"Lots of Slimes","floor":14,"turns":2},{"damage":37,"enemies":"Fading Forest","floor":16,"turns":8}],"seed_played":"-3696472988847037064","potions_obtained":[{"floor":1,"key":"Elixir"},{"floor":8,"key":"Energy Potion"},{"floor":10,"key":"Energy Potion"},{"floor":14,"key":"Adrenaline Potion"}],"is_trial":false,"path_per_floor":["M","?","M","M","?","E","R","M","T","M","?","$","M","M","R","B"],"character_chosen":"THE_SERVANT","items_purchased":["Master of Strategy"],"campfire_rested":2,"item_purchase_floors":[12],"current_hp_per_floor":[65,65,65,65,65,10,29,9,9,5,5,5,5,5,24,0,0],"gold":177,"neow_bonus":"THREE_ENEMY_KILL","is_daily":false,"chose_seed":false,"campfire_upgraded":0,"win_rate":0.0,"timestamp":1608715192,"path_taken":["M","?","?","M","?","E","R","?","T","M","?","$","M","?","R","BOSS"],"items_purchased_type":["Card"],"build_version":"2020-12-22","purchased_purges":0,"victory":false,"max_hp_per_floor":[65,65,65,65,65,65,65,65,65,65,65,65,65,65,65,65,65],"card_choices":[{"not_picked":["Collapse","Rearm"],"picked":"MoonPhase","floor":1},{"not_picked":["Rewind","WasteNot"],"picked":"ReturningBlade","floor":2},{"not_picked":["Alleviate","BottledTime"],"picked":"WasteNot","floor":2},{"not_picked":["SilverBlades","Starlight"],"picked":"BestPractice","floor":2},{"not_picked":["Unruled","BottledTime"],"picked":"Defy","floor":3},{"not_picked":["ShatteredReality","FastForward"],"picked":"Alleviate","floor":4},{"not_picked":["Advance","TheWorld"],"picked":"Read","floor":6},{"not_picked":["Contraction","BottledTime"],"picked":"Potential","floor":8},{"not_picked":["ShatteredReality","FloweringNight"],"picked":"Ricochet","floor":10},{"not_picked":["ReturningBlade","TimeWarp"],"picked":"Defy","floor":13},{"not_picked":["FastForward","Spin"],"picked":"FanOfKnives","floor":14}],"player_experience":3465,"relics_obtained":[{"floor":6,"key":"Mercury Hourglass"},{"floor":9,"key":"FossilizedHelix"}],"event_choices":[{"cards_removed":["Defend_S"],"damage_healed":0,"gold_gain":0,"player_choice":"Offered Basic","damage_taken":0,"max_hp_gain":0,"max_hp_loss":0,"event_name":"Bonfire Elementals","floor":5,"gold_loss":0},{"damage_healed":0,"gold_gain":0,"cards_transformed":["Strike_S"],"player_choice":"Transformed","damage_taken":0,"max_hp_gain":0,"max_hp_loss":0,"event_name":"Transmorgrifier","floor":11,"gold_loss":0,"cards_obtained":["Hightail"]}],"is_beta":false,"boss_relics":[],"items_purged_floors":[],"is_endless":false,"potions_floor_spawned":[1,8,10,14],"killed_by":"Fading Forest","ascension_level":0}}