{"host":"hksh7f5443926s0d","time":1608696869,"event":{"mods":["BaseMod","Minty Spire (QoL Compilation)","Replay The Spire","StSLib","The Judge"],"gold_per_floor":[116,159,159,176,130,130,150,166,192,192,208,226,226,249,249,346,346,356,275,291,291,291,305,331,331,344,344,370,370,370,395,414,514,514,610,710,721,491,491,491,348,348,368,368,395,412,412,412,412,432,432,432],"floor_reached":53,"playtime":1682,"items_purged":["Strike_G"],"score":540,"play_id":"6e9d1b15-e4d2-4f8a-9f98-73e1956257db","local_time":"20201223051429","is_ascension_mode":false,"campfire_choices":[{"data":"Cloak And Dagger","floor":6,"key":"SMITH"},{"floor":13,"key":"REST"},{"data":"Accuracy","floor":15,"key":"SMITH"},{"floor":25,"key":"REST"},{"data":"Blade Dance","floor":27,"key":"SMITH"},{"floor":29,"key":"REST"},{"floor":34,"key":"REST"},{"data":"Accuracy","floor":42,"key":"SMITH"},{"data":"Infinite Blades","floor":47,"key":"SMITH"},{"data":"ReplayTheSpireMod:Scrap Shanks","floor":49,"key":"SMITH"},{"data":"Replay:Bag of Tricks","floor":51,"key":"SMITH"}],"circlet_count":0,"master_deck":["Strike_G+1","Strike_G","Strike_G","Strike_G","Defend_G","Defend_G","Defend_G","Defend_G","Defend_G","Survivor","Neutralize","Unload+1","Infinite Blades+1","Accuracy+1","Cloak And Dagger+1","ReplayTheSpireMod:Scrap Shanks+1","Accuracy+1","Replay:Bag of Tricks+1","Infinite Blades+1","Blade Dance+1","Blade Dance+1","Slice+1","Slice+1","Blade Dance+1"],"relics":["Ring of the Serpent","Basket Of Snakes","Oddly Smooth Stone","Regal Pillow","Red Mask","Pet Ghost","Nunchaku","Thread and Needle","Replay:Bottled Steam","Replay:Wanted Poster","Whetstone","Membership Card","Bag of Marbles"],"acts_visited":["Exordium","TheCity","TheBeyond"],"potions_floor_usage":[11,24,33,35,46],"damage_taken":[{"damage":0,"enemies":"2 Louse","floor":1,"turns":2},{"damage":2,"enemies":"Small Slimes","floor":4,"turns":3},{"damage":1,"enemies":"Cultist","floor":7,"turns":3},{"damage":8,"enemies":"Exordium Wildlife","floor":8,"turns":4},{"damage":11,"enemies":"Gremlin Gang","floor":11,"turns":3},{"damage":0,"enemies":"Large Slime","floor":12,"turns":4},{"damage":5,"enemies":"Fading Forest","floor":16,"turns":11},{"damage":10,"enemies":"Spheric Guardian","floor":18,"turns":3},{"damage":0,"enemies":"Chosen","floor":20,"turns":4},{"damage":22,"enemies":"Shelled Parasite and Fungi","floor":23,"turns":4},{"damage":4,"enemies":"Masked Bandits","floor":24,"turns":3},{"damage":16,"enemies":"Centurion and Healer","floor":26,"turns":4},{"damage":27,"enemies":"Gremlin Leader","floor":31,"turns":4},{"damage":4,"enemies":"Cultist and Chosen","floor":32,"turns":4},{"damage":12,"enemies":"Colosseum Slavers","floor":33,"turns":2},{"damage":17,"enemies":"Colosseum Nobs","floor":33,"turns":3},{"damage":14,"enemies":"Automaton","floor":35,"turns":5},{"damage":16,"enemies":"3 Shapes","floor":37,"turns":6},{"damage":4,"enemies":"Orb Walker","floor":43,"turns":2},{"damage":3,"enemies":"Jaw Worm Horde","floor":46,"turns":2},{"damage":0,"enemies":"Transient","floor":50,"turns":5},{"damage":18,"enemies":"Replay:Hell Engine","floor":52,"turns":4}],"seed_played":"-5906511931634857937","potions_obtained":[{"floor":7,"key":"Languid Potion"},{"floor":12,"key":"SteroidPotion"},{"floor":23,"key":"DuplicationPotion"},{"floor":24,"key":"Fire Potion"},{"floor":32,"key":"Adrenaline Potion"},{"floor":43,"key":"Explosive Potion"},{"floor":46,"key":"Ancient Potion"}],"is_trial":false,"path_per_floor":["M","?","$","M","$","R","M","M","T","?","M","M","R","T","R","B",null,"M","$","M","PTL","PTL","M","?","R","M","R","T","R","?","E","M","?","R","B",null,"M","$","?","?","$","R","M","?","T","M","R","$","R","M","R","B",null],"character_chosen":"THE_SILENT","items_purchased":["Cloak And Dagger","Infinite Blades","Whetstone","Membership Card"],"campfire_rested":4,"item_purchase_floors":[5,19,38,41],"current_hp_per_floor":[70,53,53,51,51,51,50,42,42,42,31,31,52,52,52,70,70,60,60,60,60,60,38,34,70,54,54,54,70,70,43,39,10,46,32,70,54,54,54,70,70,70,66,66,66,63,63,63,63,63,63,45],"gold":432,"neow_bonus":"ONE_RANDOM_RARE_CARD","is_daily":false,"chose_seed":false,"campfire_upgraded":7,"win_rate":0.0,"timestamp":1608696869,"path_taken":["M","?","$","M","$","R","M","M","T","?","M","?","R","?","R","BOSS","M","$","M","PTL","PTL","?","?","R","M","R","T","R","?","E","M","?","R","BOSS","M","$","?","?","$","R","?","?","T","M","R","?","R","M","R","BOSS"],"items_purchased_type":["Card","Card","Relic","Relic"],"build_version":"2020-12-13","purchased_purges":1,"victory":true,"max_hp_per_floor":[70,70,70,70,70,70,70,70,70,70,70,70,70,70,70,70,70,70,70,70,70,70,70,70,70,70,70,70,70,70,70,70,70,70,70,70,70,70,70,70,70,70,70,70,70,70,70,70,70,70,70,70],"card_choices":[{"not_picked":["Quick Slash","Underhanded Strike"],"picked":"Infinite Blades","floor":1},{"not_picked":["Well Laid Plans","PiercingWail"],"picked":"Accuracy","floor":2},{"not_picked":["Outmaneuver","Backflip","Flying Knee"],"picked":"SKIP","floor":4},{"not_picked":["Sucker Punch","Crippling Poison"],"picked":"ReplayTheSpireMod:Scrap Shanks","floor":7},{"not_picked":["Dodge and Roll","Hidden Blade"],"picked":"Accuracy","floor":8},{"not_picked":["Deflect","Setup","Storm of Steel"],"picked":"SKIP","floor":11},{"not_picked":["Underhanded Strike","Poisoned Stab","Deadly Poison"],"picked":"SKIP","floor":12},{"not_picked":["After Image","Atom Bomb"],"picked":"Replay:Bag of Tricks","floor":16},{"not_picked":["Dagger Spray","Leg Sweep","Bane+1"],"picked":"SKIP","floor":18},{"not_picked":["Escape Plan+1","Hidden Blade"],"picked":"Blade Dance+1","floor":20},{"not_picked":["PiercingWail","Dagger Throw","Quick Slash"],"picked":"SKIP","floor":23},{"not_picked":["Atom Bomb","ReplayTheSpireMod:The Works"],"picked":"Blade Dance","floor":26},{"not_picked":["Dagger Throw","All Out Attack","Quick Slash"],"picked":"SKIP","floor":31},{"not_picked":["Dash","Endless Agony"],"picked":"Slice+1","floor":32},{"not_picked":["ReplayTheSpireMod:Shiv Toss","Prepared"],"picked":"Slice+1","floor":33},{"not_picked":["Flying Knee+1","Dodge and Roll","Infinite Blades"],"picked":"SKIP","floor":37},{"not_picked":["Dodge and Roll+1","Expertise+1"],"picked":"Blade Dance+1","floor":43},{"not_picked":["Acrobatics+1","Dodge and Roll","ReplayTheSpireMod:Scrap Shanks+1"],"picked":"SKIP","floor":46},{"not_picked":["Dagger Spray","Deflect","Hidden Blade+1"],"picked":"SKIP","floor":50}],"player_experience":114328,"relics_obtained":[{"floor":2,"key":"Basket Of Snakes"},{"floor":9,"key":"Oddly Smooth Stone"},{"floor":14,"key":"Regal Pillow"},{"floor":24,"key":"Red Mask"},{"floor":28,"key":"Pet Ghost"},{"floor":31,"key":"Nunchaku"},{"floor":33,"key":"Thread and Needle"},{"floor":33,"key":"Replay:Bottled Steam"},{"floor":45,"key":"Bag of Marbles"}],"event_choices":[{"damage_healed":0,"gold_gain":0,"player_choice":"Upgraded","damage_taken":0,"max_hp_gain":0,"max_hp_loss":0,"event_name":"Upgrade Shrine","floor":10,"gold_loss":0,"cards_upgraded":["Infinite Blades"]},{"damage_healed":0,"gold_gain":0,"player_choice":"Fought Bandits","damage_taken":0,"max_hp_gain":0,"max_hp_loss":0,"event_name":"Masked Bandits","floor":24,"gold_loss":0},{"damage_healed":0,"gold_gain":0,"player_choice":"Ignored","damage_taken":0,"max_hp_gain":0,"max_hp_loss":0,"event_name":"Cursed Tome","floor":30,"gold_loss":0},{"damage_healed":0,"gold_gain":0,"player_choice":"Fight","damage_taken":0,"max_hp_gain":0,"max_hp_loss":0,"event_name":"Colosseum","floor":33,"gold_loss":0},{"damage_healed":0,"gold_gain":0,"player_choice":"Fought Nobs","damage_taken":0,"max_hp_gain":0,"max_hp_loss":0,"event_name":"Colosseum","floor":33,"gold_loss":0},{"damage_healed":0,"gold_gain":0,"player_choice":"Ignored","damage_taken":0,"max_hp_gain":0,"max_hp_loss":0,"event_name":"Mysterious Sphere","floor":39,"gold_loss":0},{"damage_healed":16,"gold_gain":0,"player_choice":"Full Heal","damage_taken":0,"max_hp_gain":0,"max_hp_loss":0,"event_name":"Wheel of Change","floor":40,"gold_loss":0},{"damage_healed":0,"gold_gain":0,"player_choice":"Memory 1","damage_taken":0,"max_hp_gain":0,"max_hp_loss":0,"event_name":"SensoryStone","floor":44,"gold_loss":0}],"is_beta":false,"boss_relics":[{"not_picked":["SacredBark","Coffee Dripper"],"picked":"Ring of the Serpent"},{"not_picked":["ChewingGum","WristBlade"],"picked":"Replay:Wanted Poster"}],"items_purged_floors":[38],"is_endless":false,"potions_floor_spawned":[7,12,23,24,32,43,46],"ascension_level":0}}