{"host":"nox","time":1608706948,"event":{"mods":["Aspiration","BaseMod","Better Third Choice","Colored Powertips","Conspire","Hubris","Infinite Spire","Minty Spire (QoL Compilation)","Quick Restart","Rare Cards Sparkle","Replay The Spire","Shop Mod","Spikes Relics","StSLib","SuperFastMode","The Alterego","vexMod"],"gold_per_floor":[111,111,111,111,36,36,47,79,126,146,174,174,191,218,218,321,321,332,302,313,11,11,44,94,94,94,129,148,164,176,202,202,305,305,322,406,421,39,53,53,82,97,97,97,97,97,97],"floor_reached":46,"playtime":2054,"items_purged":["Strike_G"],"score":876,"play_id":"9626f133-2337-4cc4-b36d-3a2e64b41b14","local_time":"20201223140228","is_ascension_mode":true,"campfire_choices":[{"data":"Neutralize","floor":6.0,"key":"SMITH"},{"floor":12.0,"key":"REST"},{"floor":15.0,"key":"REST"},{"floor":25.0,"key":"REST"},{"floor":32.0,"key":"DIG"},{"floor":40.0,"key":"REST"}],"circlet_count":0,"master_deck":["Strike_G","Strike_G+1","Strike_G","Strike_G","Defend_G+1","Defend_G+1","Defend_G+1","Defend_G+1","Defend_G+1","Survivor+1","Neutralize+1","conspire:DoublingDagger","Tactician","Flechettes","Blade Dance","Dodge and Roll","Sucker Punch+1","Finisher","Dagger Spray","Die Die Die","Cloak And Dagger+1","Fluid Movement+1","Footwork","aspiration:Lunge","Blade Dance","ReplayTheSpireMod:Splinters","Dodge and Roll+1","hubris:SlightOfHand+1","Accuracy+1","ReplayTheSpireMod:From All Sides","Infinite Blades+1","Terror+1"],"relics":["Cracked Core","infinitespire:Cubic Diamond","SpikesRelics:ToyHorsey","Anchor","aspiration:HummingbirdHeart","aspiration:FrozenJewel","Ring of Chaos","Tiny Chest","Toolbox","hubris:Towel","SpikesRelics:DaevaFist","Happy Flower","conspire:BottledYoYo","Kunai","Blue Candle","Philosopher\u0027s Stone","vexMod:TimeEaterHat","MerchantsRug","Incense Burner","Turnip","Rawhide"],"acts_visited":["Exordium","TheCity","TheBeyond"],"potions_floor_usage":[],"damage_taken":[{"damage":0.0,"enemies":"2 Louse","floor":1.0,"turns":5.0},{"damage":0.0,"enemies":"Jaw Worm","floor":7.0,"turns":4.0},{"damage":54.0,"enemies":"3 Sentries","floor":8.0,"turns":9.0},{"damage":0.0,"enemies":"Small Slimes","floor":10.0,"turns":1.0},{"damage":0.0,"enemies":"Lagavulin","floor":11.0,"turns":4.0},{"damage":0.0,"enemies":"Exordium Wildlife","floor":13.0,"turns":3.0},{"damage":0.0,"enemies":"3 Sentries","floor":14.0,"turns":4.0},{"damage":11.0,"enemies":"Hexaghost","floor":16.0,"turns":9.0},{"damage":21.0,"enemies":"Shell Parasite","floor":18.0,"turns":10.0},{"damage":12.0,"enemies":"Chosen","floor":20.0,"turns":6.0},{"damage":17.0,"enemies":"Replay:Snechameleon","floor":23.0,"turns":5.0},{"damage":0.0,"enemies":"Gremlin Leader","floor":27.0,"turns":5.0},{"damage":0.0,"enemies":"Snake Plant","floor":28.0,"turns":4.0},{"damage":0.0,"enemies":"Snecko","floor":29.0,"turns":4.0},{"damage":0.0,"enemies":"3 Cultists","floor":30.0,"turns":3.0},{"damage":0.0,"enemies":"Slavers","floor":31.0,"turns":4.0},{"damage":0.0,"enemies":"Champ","floor":33.0,"turns":7.0},{"damage":24.0,"enemies":"3 Shapes","floor":35.0,"turns":4.0},{"damage":2.0,"enemies":"Orb Walker","floor":37.0,"turns":3.0},{"damage":21.0,"enemies":"Spire Growth","floor":39.0,"turns":4.0},{"damage":20.0,"enemies":"Giant Head","floor":41.0,"turns":6.0},{"damage":33.0,"enemies":"Maw","floor":42.0,"turns":6.0},{"damage":6,"enemies":"R_Hoarder","floor":46,"turns":4}],"seed_played":"6759366534669833506","potions_obtained":[{"floor":1.0,"key":"Weak Potion"},{"floor":7.0,"key":"DuplicationPotion"},{"floor":8.0,"key":"FairyPotion"},{"floor":19.0,"key":"BlessingOfTheForge"},{"floor":19.0,"key":"Flashbang"},{"floor":20.0,"key":"GhostInAJar"},{"floor":27.0,"key":"Explosive Potion"},{"floor":39.0,"key":"AttackPotion"},{"floor":41.0,"key":"SpeedPotion"}],"is_trial":false,"path_per_floor":["M","?","?","?","$","R","M","E","T","M","E","R","M","E","R","B",null,"M","?","M","$","?","E","T","R","T","E","M","M","M","E","R","B",null,"M","?","M","$","M","R","E","M","T","PTL","PTL","E"],"character_chosen":"THE_SILENT","items_purchased":["Tiny Chest","Toolbox","vexMod:TimeEaterHat","MerchantsRug","Incense Burner"],"campfire_rested":4,"item_purchase_floors":[21,21,38,38,38],"current_hp_per_floor":[70,56,56,56,56,56,56,2,2,2,2,23,23,23,44,33,61,40,40,28,28,28,11,11,32,32,32,32,32,32,32,32,32,61,37,37,35,35,14,35,15,5,5,5,5,0,0],"gold":97,"neow_bonus":"NOSTALGIA","is_daily":false,"chose_seed":false,"campfire_upgraded":1,"win_rate":0.0,"timestamp":1608706948,"path_taken":["M","?","?","?","$","R","M","E","T","M","E","R","?","E","R","BOSS","M","?","M","?","?","E","?","R","T","E","M","M","M","E","R","BOSS","M","?","M","$","M","R","E","M","T","PTL","PTL","E"],"items_purchased_type":["Relic","Relic","Relic","Relic","Relic"],"build_version":"2020-11-17","purchased_purges":1,"victory":false,"max_hp_per_floor":[70,70,70,70,70,70,70,70,70,70,70,70,70,70,70,70,70,70,70,70,70,70,70,70,70,70,70,70,70,70,70,70,70,70,70,70,70,70,70,70,70,70,70,70,70,70,70],"card_choices":[{"not_picked":["Noxious Fumes","Replay:Poison Smokescreen"],"picked":"conspire:DoublingDagger","floor":1.0},{"not_picked":["Deadly Poison","Poisoned Stab"],"picked":"Tactician","floor":7.0},{"not_picked":["Deadly Poison","Backflip"],"picked":"Flechettes","floor":8.0},{"not_picked":["Calculated Gamble","Underhanded Strike","InfectiousVector"],"picked":"SKIP","floor":10.0},{"not_picked":["Infinite Blades","Cloak And Dagger"],"picked":"Blade Dance","floor":11.0},{"not_picked":["Cloak And Dagger","Backflip"],"picked":"Dodge and Roll","floor":13.0},{"not_picked":["ReplayTheSpireMod:Exploit Weakness","ReplayTheSpireMod:The Works","ReplayTheSpireMod:Scrap Shanks"],"picked":"SKIP","floor":14.0},{"not_picked":["Cloak And Dagger","Poisoned Stab+1","Quick Slash+1"],"picked":"SKIP","floor":18.0},{"not_picked":["All Out Attack+1","ReplayTheSpireMod:Shiv Toss"],"picked":"Sucker Punch+1","floor":20.0},{"not_picked":["Backstab","hubris:Counter"],"picked":"Finisher","floor":23.0},{"not_picked":["Acrobatics","Finisher"],"picked":"Dagger Spray","floor":27.0},{"not_picked":["ReplayTheSpireMod:Speed Training","Catalyst"],"picked":"Die Die Die","floor":28.0},{"not_picked":["All Out Attack","hubris:Counter"],"picked":"Cloak And Dagger+1","floor":29.0},{"not_picked":["Deadly Poison","Expertise+1"],"picked":"Fluid Movement+1","floor":30.0},{"not_picked":["Sucker Punch","Backflip"],"picked":"Footwork","floor":31.0},{"not_picked":["Corpse Explosion","Tools of the Trade"],"picked":"aspiration:Lunge","floor":33.0},{"not_picked":["Flying Knee","Slice+1"],"picked":"Blade Dance","floor":35.0},{"not_picked":["Outmaneuver+1","ReplayTheSpireMod:Tripwire"],"picked":"Dodge and Roll+1","floor":36.0},{"not_picked":["Outmaneuver+1","Underhanded Strike"],"picked":"hubris:SlightOfHand+1","floor":36.0},{"not_picked":["PiercingWail","Bane+1"],"picked":"Accuracy+1","floor":37.0},{"not_picked":["Endless Agony","Footwork+1"],"picked":"ReplayTheSpireMod:From All Sides","floor":39.0},{"not_picked":["ReplayTheSpireMod:Speed Training+1","Distraction+1"],"picked":"Infinite Blades+1","floor":41.0},{"not_picked":["Noxious Fumes","Acrobatics"],"picked":"Terror+1","floor":42.0}],"player_experience":242762,"relics_obtained":[{"floor":8.0,"key":"SpikesRelics:ToyHorsey"},{"floor":9.0,"key":"Anchor"},{"floor":11.0,"key":"aspiration:HummingbirdHeart"},{"floor":14.0,"key":"aspiration:FrozenJewel"},{"floor":23.0,"key":"SpikesRelics:DaevaFist"},{"floor":24.0,"key":"Happy Flower"},{"floor":26.0,"key":"conspire:BottledYoYo"},{"floor":27.0,"key":"Kunai"},{"floor":31.0,"key":"Replay:Bottled Eggs"},{"floor":32.0,"key":"Blue Candle"},{"floor":36.0,"key":"Pet Ghost"},{"floor":41.0,"key":"Turnip"},{"floor":43.0,"key":"Rawhide"}],"event_choices":[{"damage_healed":70.0,"max_hp_gain":0.0,"max_hp_loss":70.0,"gold_gain":0.0,"event_name":"betterThird:BetterShining","player_choice":"Upgrade","floor":2.0,"gold_loss":0.0,"damage_taken":14.0,"cards_upgraded":["Survivor","Strike_G"]},{"damage_healed":0.0,"max_hp_gain":0.0,"max_hp_loss":0.0,"gold_gain":0.0,"event_name":"The Woman in Blue","player_choice":"Bought 2 Potions","floor":19.0,"gold_loss":0.0,"damage_taken":0.0}],"is_beta":true,"boss_relics":[{"not_picked":["HoveringKite","Runic Pyramid"],"picked":"Ring of Chaos"},{"not_picked":["conspire:SpecialSausage","ChewingGum"],"picked":"Philosopher\u0027s Stone"}],"items_purged_floors":[5],"is_endless":false,"potions_floor_spawned":[1,7,8,20,23,27,31,39,41],"killed_by":"R_Hoarder","ascension_level":5}}