{"host":"12","time":1608745308,"event":{"mods":["ATMod(°¢èªMod)","Act Like it!","BaseMod","Colored Powertips","Minty Spire (QoL Compilation)","StSLib","¡¾¹¦ÄÜMod¡¿»ìãçÖ®»·ÐÞ¸´²¹¶¡"],"gold_per_floor":[110,122,47,58,58,58,85,101,101,113,13,13,46,46,46,123,123,143,143,68,118,135,135,153,153,178,178,198,226,239,251,251,251,251],"floor_reached":33,"playtime":846,"items_purged":["Strike_B","Strike_B"],"score":554,"play_id":"8fe0bfcd-5f65-4265-ada5-352708255e8a","local_time":"20201224014148","is_ascension_mode":true,"campfire_choices":[{"data":"Static Discharge","floor":6.0,"key":"SMITH"},{"data":"Defragment","floor":15.0,"key":"SMITH"},{"data":"Turbo","floor":23.0,"key":"SMITH"},{"floor":25.0,"key":"REST"},{"data":"Biased Cognition","floor":27.0,"key":"SMITH"},{"floor":32,"key":"REST"}],"circlet_count":0,"master_deck":["AscendersBane","Zap","Dualcast+1","AT_ThreeBodyProblem","Streamline","Static Discharge+1","Echo Form","Defragment+1","Cold Snap","Biased Cognition+1","Cold Snap","Fusion","Redo","Storm","Machine Learning","Reinforced Body+1","Coolheaded","Turbo+1","Chaos+1","Core Surge","Glacier"],"relics":["Cracked Core","AT_ATBox","NeowsBlessing","AT_DeathDance","Lizard Tail","Emotion Chip","Pandora\u0027s Box","War Paint","Strawberry"],"acts_visited":["Exordium","TheCity"],"potions_floor_usage":[29,29],"damage_taken":[{"damage":0.0,"enemies":"Cultist","floor":1.0,"turns":1.0},{"damage":0.0,"enemies":"Small Slimes","floor":2.0,"turns":1.0},{"damage":0.0,"enemies":"Jaw Worm","floor":4.0,"turns":1.0},{"damage":50.0,"enemies":"3 Sentries","floor":7.0,"turns":5.0},{"damage":6.0,"enemies":"3 Louse","floor":8.0,"turns":3.0},{"damage":3.0,"enemies":"2 Fungi Beasts","floor":10.0,"turns":2.0},{"damage":9.0,"enemies":"Lagavulin","floor":13.0,"turns":6.0},{"damage":36.0,"enemies":"The Guardian","floor":16.0,"turns":9.0},{"damage":25.0,"enemies":"2 Thieves","floor":18.0,"turns":3.0},{"damage":18.0,"enemies":"3 Byrds","floor":22.0,"turns":4.0},{"damage":9.0,"enemies":"Cultist and Chosen","floor":24.0,"turns":7.0},{"damage":0.0,"enemies":"Snake Plant","floor":28.0,"turns":2.0},{"damage":31,"enemies":"Book of Stabbing","floor":29,"turns":4},{"damage":7,"enemies":"3 Cultists","floor":30,"turns":6},{"damage":5,"enemies":"Chosen and Byrds","floor":31,"turns":3},{"damage":32,"enemies":"Collector","floor":33,"turns":3}],"seed_played":"4272090196879250465","potions_obtained":[{"floor":4.0,"key":"Energy Potion"},{"floor":7.0,"key":"SkillPotion"},{"floor":16.0,"key":"Explosive Potion"},{"floor":18.0,"key":"LiquidBronze"},{"floor":24.0,"key":"Fruit Juice"},{"floor":28.0,"key":"DuplicationPotion"}],"is_trial":false,"path_per_floor":["M","M","$","M","?","R","E","M","T","M","$","?","E","?","R","B",null,"M","?","?","?","M","R","M","R","T","R","M","E","M","M","R","B"],"character_chosen":"DEFECT","items_purchased":[],"campfire_rested":2,"item_purchase_floors":[],"current_hp_per_floor":[64,64,64,64,64,64,14,8,8,5,5,22,13,18,18,22,63,38,38,38,38,20,20,11,32,32,32,32,13,6,1,26,0,0],"gold":251,"neow_bonus":"THREE_ENEMY_KILL","is_daily":false,"chose_seed":false,"campfire_upgraded":4,"win_rate":0.0,"timestamp":1608745308,"path_taken":["M","M","$","?","?","R","E","M","T","M","$","?","E","?","R","BOSS","M","?","?","?","?","R","M","R","T","R","M","E","M","M","R","BOSS"],"items_purchased_type":[],"build_version":"2020-12-18","purchased_purges":2,"victory":false,"max_hp_per_floor":[71,71,71,71,71,71,71,71,71,71,71,71,71,76,76,76,76,76,76,73,73,73,73,73,73,73,73,73,85,85,85,85,85,85],"card_choices":[{"not_picked":["Reinforced Body","Stack"],"picked":"Streamline","floor":1.0},{"not_picked":["Sweeping Beam","Hello World","Rip and Tear"],"picked":"SKIP","floor":2.0},{"not_picked":["Beam Cell","Rebound"],"picked":"Static Discharge","floor":4.0},{"not_picked":["Redo","Storm"],"picked":"Echo Form","floor":7.0},{"not_picked":["Gash","Scrape","Loop"],"picked":"SKIP","floor":8.0},{"not_picked":["Compile Driver","Storm"],"picked":"Defragment","floor":10.0},{"not_picked":["Rip and Tear","Sweeping Beam"],"picked":"Cold Snap","floor":13.0},{"not_picked":["Hyperbeam","AT_WaterDrop"],"picked":"Biased Cognition","floor":16.0},{"not_picked":["Conserve Battery","Static Discharge+1"],"picked":"Coolheaded","floor":18.0},{"not_picked":["AT_RobotInSpace","AT_HeatAcrobatics","Loop"],"picked":"SKIP","floor":22.0},{"not_picked":["Loop+1","Conserve Battery"],"picked":"Chaos+1","floor":24.0},{"not_picked":["Cold Snap","Streamline","Leap+1"],"picked":"SKIP","floor":28.0},{"not_picked":["Cold Snap","Beam Cell+1"],"picked":"Core Surge","floor":29},{"not_picked":["Streamline","Redo","Ball Lightning"],"picked":"SKIP","floor":30},{"not_picked":["Lockon","Hologram"],"picked":"Glacier","floor":31}],"player_experience":563115,"relics_obtained":[{"floor":7.0,"key":"AT_DeathDance"},{"floor":9.0,"key":"Lizard Tail"},{"floor":13.0,"key":"Emotion Chip"},{"floor":26.0,"key":"War Paint"},{"floor":29,"key":"Strawberry"}],"event_choices":[{"damage_healed":0.0,"max_hp_gain":0.0,"max_hp_loss":0.0,"gold_gain":0.0,"event_name":"The Cleric","player_choice":"Leave","floor":5.0,"gold_loss":0.0,"damage_taken":0.0},{"damage_healed":17.0,"max_hp_gain":0.0,"max_hp_loss":0.0,"gold_gain":0.0,"event_name":"Mushrooms","player_choice":"Healed and dodged fight","floor":12.0,"gold_loss":0.0,"damage_taken":0.0,"cards_obtained":["Parasite"]},{"damage_healed":0.0,"max_hp_gain":5.0,"max_hp_loss":0.0,"gold_gain":0.0,"event_name":"Big Fish","player_choice":"Donut","floor":14.0,"gold_loss":0.0,"damage_taken":0.0},{"damage_healed":0.0,"max_hp_gain":0.0,"max_hp_loss":0.0,"gold_gain":0.0,"event_name":"The Library","player_choice":"Read","floor":19.0,"gold_loss":0.0,"damage_taken":0.0,"cards_obtained":["Turbo"]},{"cards_removed":["Parasite"],"damage_healed":0.0,"max_hp_gain":0.0,"max_hp_loss":0.0,"gold_gain":0.0,"event_name":"Beggar","player_choice":"Gave Gold","floor":20.0,"gold_loss":75.0,"damage_taken":0.0},{"damage_healed":0.0,"max_hp_gain":0.0,"max_hp_loss":0.0,"gold_gain":50.0,"event_name":"Golden Shrine","player_choice":"Pray","floor":21.0,"gold_loss":0.0,"damage_taken":0.0}],"is_beta":true,"boss_relics":[{"not_picked":["SlaversCollar","Calling Bell"],"picked":"Pandora\u0027s Box"}],"items_purged_floors":[3,11],"is_endless":false,"potions_floor_spawned":[4,7,8,16,18,24,28],"killed_by":"Collector","ascension_level":20}}