{"host":"f5n4tidiz2n5sooh","time":1608720079,"event":{"mods":["BaseMod","Bestiary","Colored Map","Minty Spire (QoL Compilation)","Relic Stats","StSLib"],"gold_per_floor":[119,136,136,136,157,157,193,193,220,254,22,55,55,19,19,19,19],"floor_reached":16,"playtime":522,"items_purged":["Strike_R"],"score":282,"play_id":"030ddcc4-f2bc-4a7d-b1c7-8792ff9a1728","local_time":"20201223044119","is_ascension_mode":true,"campfire_choices":[{"data":"Whirlwind","floor":6,"key":"SMITH"},{"data":"Bash","floor":8,"key":"SMITH"},{"data":"Pommel Strike","floor":13,"key":"SMITH"},{"data":"Spot Weakness","floor":15,"key":"SMITH"}],"circlet_count":0,"master_deck":["AscendersBane","Strike_R","Strike_R","Strike_R","Defend_R","Defend_R","Defend_R","Defend_R","Bash+1","Pommel Strike+1","Twin Strike","Whirlwind+1","Corruption","Pommel Strike","Spot Weakness+1","Power Through"],"relics":["Velvet Choker","Golden Idol","Juzu Bracelet","Bag of Marbles","Ornamental Fan","PreservedInsect","InkBottle"],"acts_visited":["Exordium"],"potions_floor_usage":[],"damage_taken":[{"damage":8,"enemies":"2 Louse","floor":1,"turns":2},{"damage":7,"enemies":"Jaw Worm","floor":2,"turns":3},{"damage":2,"enemies":"Small Slimes","floor":5,"turns":3},{"damage":8,"enemies":"Gremlin Nob","floor":7,"turns":3},{"damage":20,"enemies":"3 Sentries","floor":10,"turns":5},{"damage":0,"enemies":"Gremlin Nob","floor":12,"turns":2},{"damage":32,"enemies":"The Guardian","floor":16,"turns":2}],"seed_played":"2520854143457810613","potions_obtained":[{"floor":10,"key":"SpeedPotion"}],"is_trial":false,"path_per_floor":["M","M","?","?","M","R","E","R","T","E","$","E","R","$","R","B"],"character_chosen":"IRONCLAD","items_purchased":["PreservedInsect","Power Through"],"campfire_rested":0,"item_purchase_floors":[11,14],"current_hp_per_floor":[60,53,53,46,44,44,36,36,36,16,16,16,16,16,16,0,0],"gold":19,"neow_bonus":"BOSS_RELIC","is_daily":false,"chose_seed":false,"campfire_upgraded":4,"win_rate":0.0,"timestamp":1608720079,"path_taken":["M","M","?","?","M","R","E","R","T","E","$","E","R","?","R","BOSS"],"items_purchased_type":["Relic","Card"],"build_version":"2020-12-22","purchased_purges":1,"victory":false,"max_hp_per_floor":[75,75,68,68,68,68,68,68,68,68,68,68,68,68,68,68,68],"relic_stats":{"counters":[7,20],"Golden Idol":25,"Ornamental Fan":[4],"PreservedInsect":22,"Juzu Bracelet":0,"obtain_stats":[{"Golden Idol":3,"Ornamental Fan":10,"Velvet Choker":0,"PreservedInsect":11,"Juzu Bracelet":7,"Bag of Marbles":9,"Burning Blood":0,"InkBottle":12},{"Golden Idol":2,"Ornamental Fan":5,"Velvet Choker":0,"PreservedInsect":5,"Juzu Bracelet":4,"Bag of Marbles":4,"Burning Blood":0,"InkBottle":6},{"Golden Idol":5,"Ornamental Fan":16,"Velvet Choker":0,"PreservedInsect":16,"Juzu Bracelet":11,"Bag of Marbles":11,"Burning Blood":0,"InkBottle":18}],"InkBottle":[0]},"card_choices":[{"not_picked":["Clothesline","Dropkick"],"picked":"Pommel Strike","floor":1},{"not_picked":["Wild Strike","Cleave"],"picked":"Twin Strike","floor":2},{"not_picked":["Thunderclap","Warcry"],"picked":"Whirlwind","floor":5},{"not_picked":["Intimidate","Havoc"],"picked":"Corruption","floor":7},{"not_picked":["Sword Boomerang","Combust"],"picked":"Pommel Strike","floor":10},{"not_picked":["Seeing Red","Body Slam"],"picked":"Spot Weakness","floor":12}],"player_experience":1921517,"relics_obtained":[{"floor":7,"key":"Juzu Bracelet"},{"floor":9,"key":"Bag of Marbles"},{"floor":10,"key":"Ornamental Fan"},{"floor":12,"key":"InkBottle"}],"event_choices":[{"damage_healed":0,"gold_gain":0,"player_choice":"Lose Max HP","damage_taken":0,"relics_obtained":["Golden Idol"],"max_hp_gain":0,"max_hp_loss":7,"event_name":"Golden Idol","floor":3,"gold_loss":0},{"cards_removed":["Strike_R"],"damage_healed":0,"gold_gain":0,"player_choice":"Card Removal","damage_taken":7,"max_hp_gain":0,"max_hp_loss":0,"event_name":"Golden Wing","floor":4,"gold_loss":0}],"is_beta":false,"boss_relics":[],"items_purged_floors":[11],"is_endless":false,"potions_floor_spawned":[10],"killed_by":"The Guardian","ascension_level":20}}