{"host":"1tkoe3l8wf0xx8if","time":1608751738,"event":{"mods":["AchievementEnabler","BaseMod","Colored Map","Minty Spire (QoL Compilation)","Quick Restart","StSLib","SuperFastMode"],"gold_per_floor":[114,124,124,71,146,180,197,197,197,215,215,243,243,255,255,352,352,370,389,488,938,948,948,980,991,991,991,1011,1031,1031,1056,1056,1056,1056],"floor_reached":33,"playtime":1085,"items_purged":[],"score":436,"play_id":"32684666-9db1-4c00-8d8d-166cfce5bd2a","local_time":"20201224042858","is_ascension_mode":true,"campfire_choices":[{"data":"Gash","floor":8.0,"key":"SMITH"},{"data":"Gash","floor":11.0,"key":"SMITH"},{"data":"Gash","floor":13.0,"key":"SMITH"},{"data":"Buffer","floor":15.0,"key":"SMITH"},{"floor":23.0,"key":"REST"},{"floor":27.0,"key":"REST"},{"data":"Gash","floor":30,"key":"SMITH"},{"floor":32,"key":"REST"}],"circlet_count":0,"master_deck":["Zap","Dualcast","Gash+1","Compile Driver","Heatsinks","Gash+1","Gash+1","Auto Shields","Coolheaded","Buffer+1","Seek","Turbo","All For One","Melter","Hyperbeam","Echo Form","Gash+1","Barrage","Self Repair","Scrape","Glacier","Gash+1","Leap"],"relics":["Cracked Core","NeowsBlessing","Du-Vu Doll","Torii","Incense Burner","Pandora\u0027s Box","DataDisk","Calipers","Blood Vial"],"acts_visited":["Exordium","TheCity"],"potions_floor_usage":[33],"damage_taken":[{"damage":0.0,"enemies":"Cultist","floor":1.0,"turns":1.0},{"damage":0.0,"enemies":"Small Slimes","floor":2.0,"turns":1.0},{"damage":0.0,"enemies":"3 Sentries","floor":6.0,"turns":1.0},{"damage":0.0,"enemies":"2 Louse","floor":7.0,"turns":2.0},{"damage":14.0,"enemies":"Lots of Slimes","floor":10.0,"turns":3.0},{"damage":23.0,"enemies":"Gremlin Nob","floor":12.0,"turns":4.0},{"damage":0.0,"enemies":"Blue Slaver","floor":14.0,"turns":3.0},{"damage":5.0,"enemies":"Hexaghost","floor":16.0,"turns":11.0},{"damage":0.0,"enemies":"Spheric Guardian","floor":18.0,"turns":1.0},{"damage":1.0,"enemies":"Chosen","floor":19.0,"turns":3.0},{"damage":24.0,"enemies":"Snake Plant","floor":22.0,"turns":3.0},{"damage":27.0,"enemies":"Gremlin Leader","floor":24.0,"turns":6.0},{"damage":10.0,"enemies":"Centurion and Healer","floor":25.0,"turns":5.0},{"damage":0,"enemies":"Sentry and Sphere","floor":28,"turns":3},{"damage":0,"enemies":"3 Cultists","floor":29,"turns":3},{"damage":23,"enemies":"Slavers","floor":31,"turns":5},{"damage":39,"enemies":"Collector","floor":33,"turns":6}],"seed_played":"-8307797593243222021","potions_obtained":[{"floor":1.0,"key":"Swift Potion"},{"floor":14.0,"key":"BlessingOfTheForge"},{"floor":19.0,"key":"Dexterity Potion"},{"floor":22.0,"key":"Regen Potion"},{"floor":24.0,"key":"SkillPotion"},{"floor":28,"key":"Dexterity Potion"}],"is_trial":false,"path_per_floor":["M","M","?","$","?","E","M","R","T","M","R","E","R","M","R","B",null,"M","M","?","?","M","R","E","M","T","R","M","M","R","E","R","B"],"character_chosen":"DEFECT","items_purchased":["Gash"],"campfire_rested":3,"item_purchase_floors":[4],"current_hp_per_floor":[75,75,75,75,68,68,68,68,68,54,54,31,31,31,31,26,75,75,75,75,29,5,27,15,12,12,34,34,34,34,11,33,0,0],"gold":1056,"neow_bonus":"THREE_ENEMY_KILL","is_daily":false,"chose_seed":false,"campfire_upgraded":5,"win_rate":0.0,"timestamp":1608751738,"path_taken":["M","?","?","$","?","E","M","R","T","M","R","E","R","M","R","BOSS","M","?","?","?","M","R","E","M","T","R","M","?","R","E","R","BOSS"],"items_purchased_type":["Card"],"build_version":"2020-12-22","purchased_purges":0,"victory":false,"max_hp_per_floor":[75,75,75,75,75,75,75,75,75,75,75,75,75,75,75,75,75,75,75,75,75,75,75,75,75,75,75,75,75,75,75,75,75,75],"card_choices":[{"not_picked":["Auto Shields","Leap"],"picked":"Gash","floor":1.0},{"not_picked":["Aggregate","Cold Snap"],"picked":"Compile Driver","floor":2.0},{"not_picked":["Hologram","Reinforced Body"],"picked":"Gash","floor":6.0},{"not_picked":["Glacier","Coolheaded"],"picked":"Auto Shields","floor":7.0},{"not_picked":["Steam Power","Steam"],"picked":"Coolheaded","floor":10.0},{"not_picked":["Scrape","Turbo"],"picked":"Buffer","floor":12.0},{"not_picked":["Cold Snap","Stack","Sunder"],"picked":"SKIP","floor":14.0},{"not_picked":["Creative AI","Core Surge"],"picked":"Seek","floor":16.0},{"not_picked":["Capacitor","Leap"],"picked":"Self Repair","floor":18.0},{"not_picked":["Conserve Battery","Force Field"],"picked":"Scrape","floor":19.0},{"not_picked":["Barrage","Cold Snap"],"picked":"Glacier","floor":22.0},{"not_picked":["Doom and Gloom","Ball Lightning","Capacitor"],"picked":"SKIP","floor":24.0},{"not_picked":["Steam","Compile Driver","Coolheaded"],"picked":"SKIP","floor":25.0},{"not_picked":["Defragment","Melter","Stack+1"],"picked":"SKIP","floor":28},{"not_picked":["Electrodynamics","Steam"],"picked":"Gash+1","floor":29},{"not_picked":["Compile Driver+1","Storm"],"picked":"Leap","floor":31}],"player_experience":312425,"relics_obtained":[{"floor":6.0,"key":"Du-Vu Doll"},{"floor":9.0,"key":"Torii"},{"floor":12.0,"key":"Incense Burner"},{"floor":24.0,"key":"DataDisk"},{"floor":26.0,"key":"Calipers"},{"floor":31,"key":"Blood Vial"}],"event_choices":[{"damage_healed":0.0,"max_hp_gain":0.0,"max_hp_loss":0.0,"gold_gain":0.0,"cards_transformed":["Strike_B"],"event_name":"Living Wall","player_choice":"Change","floor":3.0,"gold_loss":0.0,"damage_taken":0.0,"cards_obtained":["Heatsinks"]},{"damage_healed":0.0,"max_hp_gain":0.0,"max_hp_loss":0.0,"gold_gain":75.0,"event_name":"FaceTrader","player_choice":"Touch","floor":5.0,"gold_loss":0.0,"damage_taken":7.0},{"damage_healed":0.0,"max_hp_gain":0.0,"max_hp_loss":0.0,"gold_gain":99.0,"event_name":"Nest","player_choice":"Stole From Cult","floor":20.0,"gold_loss":0.0,"damage_taken":0.0},{"damage_healed":0.0,"max_hp_gain":0.0,"max_hp_loss":0.0,"gold_gain":450.0,"event_name":"Knowing Skull","player_choice":"GOLD GOLD GOLD GOLD GOLD ","floor":21.0,"potions_obtained":[],"gold_loss":0.0,"damage_taken":46.0,"cards_obtained":[]}],"is_beta":false,"boss_relics":[{"not_picked":["Nuclear Battery","SacredBark"],"picked":"Pandora\u0027s Box"}],"items_purged_floors":[],"is_endless":false,"potions_floor_spawned":[1,14,19,22,24,28],"killed_by":"Collector","ascension_level":4}}