{"host":"fbjkyf8096sobcph","time":1608744349,"event":{"mods":["2.2 Compatiblity","AchievementEnabler","Aspiration","BaseMod","Better Altar","Better Match","Better Note","Better Sensory Stone","Better Skull","Better Third Choice","BetterRewards","CCEM","Clawfect","Colored Map","Conspire","Downfall","GifTheSpireLib","Halation","Highlight Path","Hubris","Infinite Spire","Mimic Mod","Minty Spire (QoL Compilation)","Permanent Neow","Replay The Spire","Shop Mod","Spicy Shops","StSLib","Stuff the Spire","Unceasing Turn Reminder","Waifu the Spire","everything is the same but u backflip on backflip","slay the spire mod where everything is the same but ironclad has a cowboy hat"],"gold_per_floor":[99,113,132,171,186,111,111,125,136,136,136,136],"floor_reached":10,"playtime":967,"items_purged":[],"score":60,"play_id":"d729678a-0008-4caf-891a-8ce5d6b4b062","local_time":"20201223182549","is_ascension_mode":false,"campfire_choices":[{"floor":1,"key":"RECALL"},{"data":"hexamod:GhostflameInferno","floor":6,"key":"SMITH"}],"circlet_count":0,"master_deck":["hexamod:Strike","hexamod:Strike","hexamod:Strike","hexamod:Strike","hexamod:Defend","hexamod:Defend","hexamod:Defend","hexamod:Sear","hexamod:Float","hexamod:GhostflameInferno","hexamod:GhostOfSpirePast","hexamod:BacktrackSmack","hexamod:GhostflameInferno+1","hexamod:ThirdSeal","hexamod:GhostflameBarrier","hexamod:BurningTouch"],"relics":["hexamod:SpiritBrand","halation:LettersToHer","downfall:HeartBlessingRed","conspire:Dentures"],"acts_visited":["Exordium"],"potions_floor_usage":[10],"damage_taken":[{"damage":0,"enemies":"Cultist","floor":2,"turns":3},{"damage":0,"enemies":"Small Slimes","floor":3,"turns":3},{"damage":0,"enemies":"infinitespire:Voidling","floor":4,"turns":7},{"damage":10,"enemies":"infinitespire:Voidling","floor":5,"turns":3},{"damage":2,"enemies":"Red Slaver","floor":8,"turns":3},{"damage":8,"enemies":"Blue Slaver","floor":9,"turns":3},{"damage":61,"enemies":"Gremlin Nob","floor":10,"turns":5}],"seed_played":"2094525655210363454","potions_obtained":[{"floor":3,"key":"Dexterity Potion"},{"floor":5,"key":"Weak Potion"},{"floor":8,"key":"Regen Potion"},{"floor":9,"key":"BlessingOfTheForge"}],"is_trial":false,"path_per_floor":["R","M","M","MIM","M","R","T","M","M","E"],"character_chosen":"THE_SPIRIT","items_purchased":[],"campfire_rested":0,"item_purchase_floors":[],"current_hp_per_floor":[70,70,70,70,67,67,67,65,57,0,0,0],"gold":136,"neow_bonus":"TRANSFORM_CARD","is_daily":false,"chose_seed":false,"campfire_upgraded":1,"win_rate":0.0,"timestamp":1608744349,"path_taken":["R","M","M","?","?","R","T","M","M","E"],"items_purchased_type":[],"build_version":"2020-12-22","purchased_purges":0,"victory":false,"max_hp_per_floor":[70,70,70,70,70,70,70,70,70,70,70,70],"card_choices":[{"not_picked":["hexamod:SwordOfDarkness","hexamod:Haunt"],"picked":"hexamod:GhostOfSpirePast","floor":2},{"not_picked":["hexamod:GhostLash","hexamod:NightmareStrike","hexamod:Firestarter"],"picked":"SKIP","floor":3},{"not_picked":["hexamod:RainOfEmbers","hexamod:HeatCrush"],"picked":"hexamod:BacktrackSmack","floor":4},{"not_picked":["hexamod:HauntingEcho","hexamod:FastForward"],"picked":"hexamod:GhostflameInferno","floor":5},{"not_picked":["hexamod:Firestarter","hexamod:HeatMetal"],"picked":"hexamod:ThirdSeal","floor":8},{"not_picked":["hexamod:Incineration","hexamod:ThermalTransfer"],"picked":"hexamod:GhostflameBarrier","floor":9},{"not_picked":["hexamod:Again","hexamod:ShieldOfDarkness"],"picked":"hexamod:BurningTouch","floor":9}],"player_experience":178671,"relics_obtained":[{"floor":4,"key":"halation:LettersToHer"},{"floor":7,"key":"halation:LettersToHer"},{"floor":7,"key":"conspire:Dentures"}],"event_choices":[],"is_beta":false,"boss_relics":[],"items_purged_floors":[],"is_endless":false,"potions_floor_spawned":[3,5,8,9],"killed_by":"Gremlin Nob","ascension_level":0}}