{"host":"03a85bwj0a5skoit","time":1608704382,"event":{"mods":["BaseMod","Block Reminder","Minty Spire (QoL Compilation)","Relic Stats","StSLib"],"gold_per_floor":[116,116,133,150,164,164,188,188,188,188,208,238,253,268,268,340,340,359,359,359,10,10,35,35,60,60,60,73,73,73,19,19,19,19],"floor_reached":33,"playtime":1020,"items_purged":["Normality"],"score":616,"play_id":"b8611666-7827-4abf-bd87-fbbff5f45b81","local_time":"20201223164942","is_ascension_mode":true,"campfire_choices":[{"data":"Pommel Strike","floor":6,"key":"SMITH"},{"data":"Perfected Strike","floor":8,"key":"SMITH"},{"data":"Bash","floor":10,"key":"SMITH"},{"data":"Perfected Strike","floor":15,"key":"SMITH"},{"data":"RitualDagger","floor":24,"key":"SMITH"},{"data":"Berserk","floor":27,"key":"SMITH"},{"floor":29,"key":"REST"},{"data":"True Grit","floor":32,"key":"SMITH"}],"circlet_count":0,"master_deck":["AscendersBane","Strike_R","Strike_R","Strike_R","Strike_R+1","Strike_R","Defend_R","Defend_R","Defend_R","Defend_R","Bash+1","Sentinel","Battle Trance","Pommel Strike+1","Perfected Strike+1","Impervious","Perfected Strike+1","Warcry","Reaper+1","Impervious","Dropkick","Pommel Strike","Dramatic Entrance","RitualDagger+1","Body Slam+1","Berserk+1","Entrench+1","True Grit+1"],"relics":["Cursed Key","Odd Mushroom","Kunai","Centennial Puzzle","SlaversCollar","MutagenicStrength","MealTicket","Whetstone","Art of War"],"acts_visited":["Exordium","TheCity"],"potions_floor_usage":[12,18,23,33],"damage_taken":[{"damage":4,"enemies":"Small Slimes","floor":1,"turns":3},{"damage":2,"enemies":"Jaw Worm","floor":3,"turns":3},{"damage":1,"enemies":"Cultist","floor":4,"turns":3},{"damage":8,"enemies":"Blue Slaver","floor":5,"turns":5},{"damage":8,"enemies":"The Mushroom Lair","floor":7,"turns":5},{"damage":6,"enemies":"Looter","floor":11,"turns":2},{"damage":2,"enemies":"Lagavulin","floor":12,"turns":5},{"damage":2,"enemies":"2 Fungi Beasts","floor":13,"turns":2},{"damage":3,"enemies":"Blue Slaver","floor":14,"turns":4},{"damage":23,"enemies":"The Guardian","floor":16,"turns":7},{"damage":0,"enemies":"Chosen","floor":18,"turns":4},{"damage":15,"enemies":"Book of Stabbing","floor":23,"turns":4},{"damage":7,"enemies":"Slavers","floor":25,"turns":3},{"damage":11,"enemies":"Spheric Guardian","floor":28,"turns":3},{"damage":70,"enemies":"Champ","floor":33,"turns":8}],"seed_played":"3799831168897408154","potions_obtained":[{"floor":1,"key":"Fire Potion"},{"floor":5,"key":"Energy Potion"},{"floor":11,"key":"FearPotion"},{"floor":13,"key":"Block Potion"},{"floor":16,"key":"ColorlessPotion"},{"floor":25,"key":"LiquidMemories"}],"is_trial":false,"path_per_floor":["M","?","M","M","M","R","?","R","T","R","M","E","M","M","R","B",null,"M","?","?","$","?","E","R","E","T","R","M","R","?","$","R","B"],"character_chosen":"IRONCLAD","items_purchased":["MealTicket","Dramatic Entrance","True Grit"],"campfire_rested":1,"item_purchase_floors":[21,21,31],"current_hp_per_floor":[64,64,62,61,53,53,45,45,45,45,39,37,35,32,32,13,60,60,60,60,60,54,39,39,32,32,32,21,43,43,58,58,0,0],"gold":19,"neow_bonus":"BOSS_RELIC","is_daily":false,"chose_seed":false,"campfire_upgraded":7,"win_rate":0.0,"timestamp":1608704382,"path_taken":["M","?","M","M","M","R","?","R","T","R","M","E","M","M","R","BOSS","M","?","?","$","?","E","R","E","T","R","M","R","?","$","R","BOSS"],"items_purchased_type":["Relic","Card","Card"],"build_version":"2020-12-22","purchased_purges":1,"victory":false,"max_hp_per_floor":[75,75,75,75,75,75,75,75,75,75,75,75,75,75,75,75,75,75,75,75,75,75,75,75,75,75,75,75,75,75,75,75,75,75],"relic_stats":{"Centennial Puzzle":[21],"counters":[15,61],"MealTicket":15,"Art of War":[0],"Kunai":[16],"Whetstone":["Strike_R","Reaper"],"Cursed Key":1,"obtain_stats":[{"SlaversCollar":17,"Centennial Puzzle":12,"MutagenicStrength":20,"MealTicket":21,"Art of War":25,"Kunai":9,"Whetstone":23,"Odd Mushroom":7,"Cursed Key":0,"Burning Blood":0},{"SlaversCollar":10,"Centennial Puzzle":7,"MutagenicStrength":11,"MealTicket":11,"Art of War":13,"Kunai":5,"Whetstone":12,"Odd Mushroom":5,"Cursed Key":0,"Burning Blood":0},{"SlaversCollar":39,"Centennial Puzzle":26,"MutagenicStrength":43,"MealTicket":43,"Art of War":50,"Kunai":19,"Whetstone":47,"Odd Mushroom":19,"Cursed Key":0,"Burning Blood":0}]},"card_choices":[{"not_picked":["Infernal Blade","Bloodletting","Headbutt"],"picked":"SKIP","floor":1},{"not_picked":["Headbutt","Body Slam"],"picked":"Sentinel","floor":3},{"not_picked":["Dual Wield","Wild Strike"],"picked":"Battle Trance","floor":4},{"not_picked":["Exhume","Iron Wave"],"picked":"Pommel Strike","floor":5},{"not_picked":["Wild Strike","Flex"],"picked":"Perfected Strike","floor":7},{"not_picked":["Clash","Reckless Charge"],"picked":"Impervious","floor":11},{"not_picked":["Thunderclap","Clothesline"],"picked":"Perfected Strike","floor":12},{"not_picked":["Havoc","Cleave"],"picked":"Warcry","floor":13},{"not_picked":["Warcry","Power Through"],"picked":"Reaper","floor":14},{"not_picked":["Offering","Fiend Fire"],"picked":"Impervious","floor":16},{"not_picked":["Dual Wield","Wild Strike"],"picked":"Dropkick","floor":18},{"not_picked":["Barricade","Dark Embrace"],"picked":"Body Slam+1","floor":23},{"not_picked":["Brutality","Anger"],"picked":"Berserk","floor":25},{"not_picked":["Warcry+1","Havoc"],"picked":"Entrench+1","floor":28}],"player_experience":2297436,"relics_obtained":[{"floor":7,"key":"Odd Mushroom"},{"floor":9,"key":"Kunai"},{"floor":12,"key":"Centennial Puzzle"},{"floor":23,"key":"Whetstone"},{"floor":25,"key":"Art of War"}],"event_choices":[{"damage_healed":0,"gold_gain":0,"player_choice":"Leave","damage_taken":0,"max_hp_gain":0,"max_hp_loss":0,"event_name":"The Cleric","floor":2,"gold_loss":0},{"damage_healed":0,"gold_gain":0,"player_choice":"Fought Mushrooms","damage_taken":0,"max_hp_gain":0,"max_hp_loss":0,"event_name":"Mushrooms","floor":7,"gold_loss":0},{"damage_healed":0,"gold_gain":0,"player_choice":"Read","damage_taken":0,"max_hp_gain":0,"max_hp_loss":0,"event_name":"The Library","floor":19,"gold_loss":0,"cards_obtained":["Pommel Strike"]},{"damage_healed":0,"gold_gain":0,"player_choice":"Inject Mutagens","damage_taken":0,"relics_obtained":["MutagenicStrength"],"max_hp_gain":0,"max_hp_loss":0,"event_name":"Drug Dealer","floor":20,"gold_loss":0},{"damage_healed":0,"gold_gain":0,"player_choice":"Joined the Cult","damage_taken":6,"max_hp_gain":0,"max_hp_loss":0,"event_name":"Nest","floor":22,"gold_loss":0,"cards_obtained":["RitualDagger"]},{"damage_healed":0,"gold_gain":0,"player_choice":"Ignored","damage_taken":0,"max_hp_gain":0,"max_hp_loss":0,"event_name":"Ghosts","floor":30,"gold_loss":0}],"is_beta":false,"boss_relics":[{"not_picked":["Ectoplasm","Busted Crown"],"picked":"SlaversCollar"}],"items_purged_floors":[21],"is_endless":false,"potions_floor_spawned":[1,5,11,13,16,25],"killed_by":"Champ","ascension_level":20}}