{"host":"bnl7o5cb2omwu7ka","time":1608763084,"event":{"mods":["AchievementEnabler","Alarm Clock","BaseMod","BetterRewards","Block Reminder","Colored Map","Colored Powertips","Conspire","Defective Defect","Downfall","Energized Spire","Exacting","Googly Eyes","Highlight Path","Hyrulean Relics","Infinite Spire","Ironclad Rager","Jedi Mod","Jess\u0027s Bottle","Mimic Mod","Minty Spire (QoL Compilation)","Permanent Neow","Quick Restart","Rare Cards Sparkle","Relic Stats","Replay The Spire","Spicy Shops","Spikes Relics","Spire Birthday Party","StSLib","The IronCluck","Wandering Minibosses","egg","everything is the same but u backflip on backflip","slay the spire mod where everything is the same but ironclad has a cowboy hat"],"gold_per_floor":[99,111,125,145,174,174,174,192,212,212,240,332,332,349,368,368,368,368],"floor_reached":16,"playtime":2050,"items_purged":[],"score":111,"play_id":"07c3db8f-9c04-4fa4-8172-671f33e656f5","local_time":"20201223173804","is_ascension_mode":true,"campfire_choices":[{"floor":1,"key":"RECALL"},{"data":"Slimebound:Split","floor":6,"key":"SMITH"},{"data":"Slimebound:LivingWall","floor":13,"key":"SMITH"}],"circlet_count":0,"master_deck":["Slimebound:Strike_Slimebound","Slimebound:Strike_Slimebound","Slimebound:Strike_Slimebound","Slimebound:Tackle","Slimebound:Defend_Slimebound","Slimebound:Defend_Slimebound","Slimebound:Defend_Slimebound","Slimebound:Defend_Slimebound","Slimebound:Split+1","Slimebound:CorrosiveSpit","Slimebound:ViciousTackle","Slimebound:HauntingLick","Slimebound:LeechingTouch","Slimebound:LeechEnergy","Slimebound:LivingWall+1","Slimebound:OneTwoCombo+1","Slimebound:GrowthPunch","Slimebound:SplitMire","Slimebound:HauntingLick","Slimebound:SamplingLick","Slimebound:AcidTongue","Slimebound:SplitLeeching"],"relics":["Slimebound:AbsorbEndCombat","jedi:angrymask"],"acts_visited":["Exordium"],"potions_floor_usage":[],"damage_taken":[{"damage":7,"enemies":"Jaw Worm","floor":2,"turns":3},{"damage":16,"enemies":"Small Slimes","floor":3,"turns":4},{"damage":4,"enemies":"Cultist","floor":4,"turns":3},{"damage":10,"enemies":"Exordium Wildlife","floor":5,"turns":3},{"damage":21,"enemies":"3 Louse","floor":8,"turns":3},{"damage":20,"enemies":"Red Slaver","floor":9,"turns":3},{"damage":33,"enemies":"Lagavulin","floor":11,"turns":5},{"damage":12,"enemies":"2 Fungi Beasts","floor":14,"turns":2},{"damage":11,"enemies":"Blue Slaver","floor":15,"turns":3},{"damage":71,"enemies":"downfall:Defect","floor":16,"turns":5}],"seed_played":"917959910074313666","potions_obtained":[{"floor":4,"key":"Venom Potion"},{"floor":8,"key":"Weak Potion"},{"floor":9,"key":"LiquidMemories"}],"is_trial":false,"path_per_floor":["R","M","M","M","M","R","T","M","M","?","E","?","R","M","M","B"],"character_chosen":"SLIMEBOUND","items_purchased":[],"campfire_rested":0,"item_purchase_floors":[],"current_hp_per_floor":[60,57,48,56,54,54,54,49,45,45,44,20,20,32,45,0,0,0],"gold":368,"neow_bonus":"THREE_CARDS","is_daily":false,"chose_seed":false,"campfire_upgraded":2,"win_rate":0.0,"timestamp":1608763084,"path_taken":["R","M","M","M","M","R","T","M","M","?","E","?","R","?","M","BOSS"],"items_purchased_type":[],"build_version":"2020-12-22","purchased_purges":0,"victory":false,"max_hp_per_floor":[60,60,60,60,60,60,60,60,60,60,60,60,60,60,60,60,60,60],"relic_stats":{"counters":[10,32],"obtain_stats":[{"jedi:angrymask":11,"Slimebound:AbsorbEndCombat":0},{"jedi:angrymask":7,"Slimebound:AbsorbEndCombat":0},{"jedi:angrymask":23,"Slimebound:AbsorbEndCombat":0}]},"card_choices":[{"not_picked":["Slimebound:GoopSpray","Slimebound:DivideAndConquer"],"picked":"Slimebound:ViciousTackle","floor":0},{"not_picked":["Slimebound:FinishingTackle","Slimebound:Replication"],"picked":"Slimebound:HauntingLick","floor":2},{"not_picked":["Slimebound:FinishingTackle","Slimebound:Replication"],"picked":"Slimebound:LeechingTouch","floor":3},{"not_picked":["Slimebound:SlimeSpikes","Slimebound:RollThrough"],"picked":"Slimebound:LeechEnergy","floor":4},{"not_picked":["Slimebound:Equalize","Slimebound:GoopSpray"],"picked":"Slimebound:LivingWall","floor":5},{"not_picked":["Slimebound:RollThrough","Slimebound:ProtectTheBoss"],"picked":"Slimebound:Chomp","floor":8},{"not_picked":["Slimebound:Prepare","Slimebound:SlimeBrawl","Slimebound:FinishingTackle"],"picked":"SKIP","floor":9},{"not_picked":["Slimebound:FlameTackle","Slimebound:ComboTackle"],"picked":"Slimebound:GrowthPunch","floor":11},{"not_picked":["Slimebound:SlimeSpikes","Slimebound:LeechingTouch"],"picked":"Slimebound:SplitMire","floor":12},{"not_picked":["Slimebound:DivideAndConquer","Slimebound:GoopTackle"],"picked":"Slimebound:HauntingLick","floor":12},{"not_picked":["Slimebound:DuplicatedForm","Slimebound:RollThrough"],"picked":"Slimebound:SamplingLick","floor":12},{"not_picked":["Slimebound:HauntingLick","Slimebound:FormOfPuddle"],"picked":"Slimebound:AcidTongue","floor":14},{"not_picked":["Slimebound:FinishingTackle","Slimebound:ViciousTackle"],"picked":"Slimebound:SplitLeeching","floor":15}],"player_experience":161749,"relics_obtained":[{"floor":11,"key":"jedi:angrymask"}],"event_choices":[],"is_beta":false,"boss_relics":[],"items_purged_floors":[],"is_endless":false,"potions_floor_spawned":[4,8,9,14],"killed_by":"downfall:Defect","ascension_level":1}}