{"host":"vc42n08di9czm3e7","time":1608686706,"event":{"mods":["AchievementEnabler","Act Like it!","BaseMod","Colored Powertips","Downfall","Friendly Minions","GifTheSpireLib","Jorbs\u0027s Wanderer Trilogy","Minty Spire (QoL Compilation)","Rare Cards Sparkle","StSLib","The Bug Knight"],"gold_per_floor":[0,17,117,172,57,67,67,83,83,102,8,36,66,66,81,182,182,182,193,78,91,91,91,114,7,23,23,35,35,65,83,101,202,202,202,219,219,219,237,237,237,257,257,15,15,35,45,58,75,75,75,75],"floor_reached":50,"playtime":4068,"items_purged":["Slimebound:Dissolve","Slimebound:Repurpose","Parasite"],"score":526,"play_id":"b1b4daf8-3355-460a-a08f-133f2af8667a","local_time":"20201222202506","is_ascension_mode":false,"campfire_choices":[{"data":"Slimebound:Split","floor":1.0,"key":"SMITH"},{"data":"Slimebound:Grow","floor":9.0,"key":"SMITH"},{"data":"Slimebound:RallyTheTroops","floor":18.0,"key":"PURGE"},{"data":"Slimebound:MassRepurpose","floor":23.0,"key":"PURGE"},{"data":"Slimebound:AcidTongue","floor":29.0,"key":"PURGE"},{"data":"Slimebound:DuplicatedForm","floor":35.0,"key":"SMITH"},{"data":"Slimebound:Darklings","floor":43.0,"key":"PURGE"},{"data":"Slimebound:Grow","floor":45,"key":"SMITH"}],"circlet_count":0,"master_deck":["Slimebound:Strike_Slimebound","Slimebound:Strike_Slimebound","Slimebound:Tackle","Slimebound:Defend_Slimebound","Slimebound:Defend_Slimebound","Slimebound:Split+1","Slimebound:RollThrough","Slimebound:RejuvenatingLick","Slimebound:SlimeSpikes","Slimebound:Grow+1","Slimebound:LeechEnergy","Slimebound:FinishingTackle","Slimebound:Grow+1","Slimebound:BestDefense","Slimebound:DuplicatedForm+1","Slimebound:ViciousTackle+1","Slimebound:LivingWall+1","Slimebound:LevelUp","Slimebound:ProtectTheBoss","Slimebound:SlimeSpikes","expansioncontent:DefensiveStance","Slimebound:FlameTackle","Slimebound:SlimeSpikes","Slimebound:FinishingTackle","Slimebound:Schlurp+1","Slimebound:Teamwork","Slimebound:RollThrough+1","Slimebound:SlimeSpikes+1","Slimebound:LevelUp+1","Master of Strategy","Slimebound:ComboTackle+1","Slimebound:LeechEnergy+1","Slimebound:RejuvenatingLick+1","Slimebound:Equalize"],"relics":["Slimebound:AbsorbEndCombat","CaptainsWheel","WingedGreaves","Shovel","Slimebound:ScrapOozeRelic","Coffee Dripper","Bag of Marbles","Centennial Puzzle","Runic Pyramid","Nunchaku","Mango"],"acts_visited":["Exordium","TheCity","TheBeyond"],"potions_floor_usage":[],"damage_taken":[{"damage":12.0,"enemies":"Jaw Worm","floor":2.0,"turns":3.0},{"damage":9.0,"enemies":"downfall:FleeingMerchant","floor":5.0,"turns":4.0},{"damage":8.0,"enemies":"Cultist","floor":6.0,"turns":2.0},{"damage":5.0,"enemies":"Small Slimes","floor":8.0,"turns":3.0},{"damage":12.0,"enemies":"3 Louse","floor":10.0,"turns":3.0},{"damage":16.0,"enemies":"downfall:FleeingMerchant","floor":11.0,"turns":4.0},{"damage":24.0,"enemies":"Gremlin Nob","floor":12.0,"turns":4.0},{"damage":16.0,"enemies":"Lagavulin","floor":13.0,"turns":6.0},{"damage":0.0,"enemies":"Large Slime","floor":15.0,"turns":5.0},{"damage":50.0,"enemies":"downfall:Silent","floor":16.0,"turns":12.0},{"damage":23.0,"enemies":"Spheric Guardian","floor":19.0,"turns":4.0},{"damage":8.0,"enemies":"downfall:FleeingMerchant","floor":20.0,"turns":4.0},{"damage":40.0,"enemies":"3 Byrds","floor":21.0,"turns":5.0},{"damage":3.0,"enemies":"downfall:FleeingMerchant","floor":25.0,"turns":4.0},{"damage":11.0,"enemies":"Snake Plant","floor":26.0,"turns":4.0},{"damage":22.0,"enemies":"Cultist and Chosen","floor":28.0,"turns":6.0},{"damage":26.0,"enemies":"Book of Stabbing","floor":30.0,"turns":5.0},{"damage":3.0,"enemies":"Sentry and Sphere","floor":31.0,"turns":7.0},{"damage":30.0,"enemies":"Centurion and Healer","floor":32.0,"turns":6.0},{"damage":38.0,"enemies":"downfall:Watcher","floor":33.0,"turns":10.0},{"damage":17.0,"enemies":"3 Darklings","floor":36.0,"turns":8.0},{"damage":1.0,"enemies":"Orb Walker","floor":39.0,"turns":3.0},{"damage":17.0,"enemies":"Writhing Mass","floor":42.0,"turns":8.0},{"damage":9.0,"enemies":"downfall:FleeingMerchant","floor":44.0,"turns":4.0},{"damage":39,"enemies":"Giant Head","floor":46,"turns":10},{"damage":30,"enemies":"Jaw Worm Horde","floor":47,"turns":6},{"damage":4,"enemies":"3 Darklings","floor":48,"turns":4},{"damage":15,"enemies":"4 Shapes","floor":49,"turns":5},{"damage":0,"enemies":"downfall:Defect","floor":50,"turns":2}],"seed_played":"-5992392341651162377","potions_obtained":[{"floor":6.0,"key":"Block Potion"},{"floor":10.0,"key":"LiquidMemories"},{"floor":16.0,"key":"FearPotion"},{"floor":19.0,"key":"Block Potion"},{"floor":21.0,"key":"sneckomod:MuddlingPotion"},{"floor":31.0,"key":"SteroidPotion"},{"floor":36.0,"key":"Slimebound:SlimyTonguePotion"}],"is_trial":false,"path_per_floor":["R","M","?","T","$","M","T","M","R","M","$","E","E","?","M","B",null,"R","M","$","M","?","R","T","$","M","?","M","R","E","M","M","B",null,"R","M","?","?","M","?","T","M","R","$","R","E","M","M","M","B"],"character_chosen":"SLIMEBOUND","items_purchased":["Slimebound:RejuvenatingLick","Slimebound:Grow","expansioncontent:DefensiveStance","Master of Strategy","Mango"],"campfire_rested":0,"item_purchase_floors":[5,11,25,44,44],"current_hp_per_floor":[60,60,60,60,60,60,60,55,55,56,54,44,42,42,48,18,60,60,60,58,45,45,45,45,46,39,39,36,36,31,32,31,26,60,60,47,47,47,50,50,50,41,41,50,50,36,14,18,9,13,13,13],"gold":75,"neow_bonus":"TRANSFORM_TWO_CARDS","is_daily":false,"chose_seed":false,"campfire_upgraded":4,"win_rate":0.0,"timestamp":1608686706,"path_taken":["R","M","?","?","$","M","T","?","R","M","$","E","E","?","M","BOSS","R","M","$","M","?","R","T","$","M","?","M","R","E","M","M","BOSS","R","M","?","?","?","?","T","M","R","$","R","E","M","M","M","BOSS"],"items_purchased_type":["Card","Card","Card","Card","Relic"],"build_version":"2020-12-13","purchased_purges":3,"victory":false,"max_hp_per_floor":[60,60,60,60,60,60,60,60,60,60,60,60,60,60,60,60,60,60,60,60,60,60,60,60,60,60,60,60,60,60,60,60,60,60,60,60,60,60,60,60,60,60,60,71,71,71,71,71,71,71,71,71],"card_choices":[{"not_picked":["Slimebound:LeechEnergy","Slimebound:GrowthPunch"],"picked":"Slimebound:Repurpose","floor":2.0},{"not_picked":["Slimebound:ViciousTackle","Slimebound:SplitMire"],"picked":"Slimebound:RollThrough","floor":5.0},{"not_picked":["Slimebound:RollThrough","Slimebound:Schlurp"],"picked":"Slimebound:SlimeSpikes","floor":6.0},{"not_picked":["Slimebound:SlimeSpikes","Slimebound:Replication"],"picked":"Slimebound:Grow","floor":8.0},{"not_picked":["Slimebound:Nibble","Slimebound:SplitBruiser"],"picked":"Slimebound:LeechEnergy","floor":10.0},{"not_picked":["Slimebound:LeechingTouch","Slimebound:WasteNot"],"picked":"Slimebound:FinishingTackle","floor":11.0},{"not_picked":["Slimebound:Repurpose","Slimebound:GoopSpray"],"picked":"Slimebound:AcidTongue","floor":12.0},{"not_picked":["Slimebound:LeechEnergy","Slimebound:ComboTackle"],"picked":"Slimebound:BestDefense","floor":13.0},{"not_picked":["Slimebound:PressTheAttack","Slimebound:ComboTackle","Slimebound:GoopSpray"],"picked":"SKIP","floor":15.0},{"not_picked":["Slimebound:OneTwoCombo","Slimebound:WasteNot"],"picked":"Slimebound:DuplicatedForm","floor":16.0},{"not_picked":["Slimebound:SplitMire","Slimebound:Schlurp"],"picked":"Slimebound:ViciousTackle+1","floor":19.0},{"not_picked":["Slimebound:SplitMire","Slimebound:LeechEnergy"],"picked":"Slimebound:LivingWall+1","floor":20.0},{"not_picked":["Slimebound:PressTheAttack","Slimebound:SplitAcid"],"picked":"Slimebound:LevelUp","floor":21.0},{"not_picked":["Slimebound:WasteNot","Slimebound:SplitMire"],"picked":"Slimebound:SlimeSpikes","floor":25.0},{"not_picked":["Slimebound:LeechingTouch+1","Slimebound:LeechEnergy"],"picked":"Slimebound:FlameTackle","floor":26.0},{"not_picked":["Slimebound:SlimeTap","Slimebound:RollThrough"],"picked":"Slimebound:SlimeSpikes","floor":28.0},{"not_picked":["Slimebound:FlameTackle+1","Slimebound:PressTheAttack+1"],"picked":"Slimebound:FinishingTackle","floor":30.0},{"not_picked":["Slimebound:FinishingTackle","Slimebound:SlimeBrawl","Slimebound:Repurpose+1"],"picked":"SKIP","floor":31.0},{"not_picked":["Slimebound:LeechEnergy","Slimebound:SlimeBarrage"],"picked":"Slimebound:Schlurp+1","floor":32.0},{"not_picked":["Slimebound:WasteNot","Slimebound:SlimeSlap"],"picked":"Slimebound:Teamwork","floor":33.0},{"not_picked":["Slimebound:ViciousTackle+1","Slimebound:ItLooksTasty+1"],"picked":"Slimebound:RollThrough+1","floor":36.0},{"not_picked":["Slimebound:Equalize","Slimebound:Gluttony+1"],"picked":"Slimebound:SlimeSpikes+1","floor":39.0},{"not_picked":["Slimebound:TongueLash+1","Slimebound:SpikyOuterGoop+1"],"picked":"Slimebound:LevelUp+1","floor":42.0},{"not_picked":["Slimebound:RainOfGoop+1","Slimebound:Nibble+1"],"picked":"Slimebound:ComboTackle+1","floor":46},{"not_picked":["Slimebound:LeadByExample","Slimebound:HauntingLick+1"],"picked":"Slimebound:LeechEnergy+1","floor":47},{"not_picked":["Slimebound:FlameTackle","Slimebound:SamplingLick"],"picked":"Slimebound:RejuvenatingLick+1","floor":48},{"not_picked":["Slimebound:PressTheAttack","Slimebound:ComboTackle"],"picked":"Slimebound:Equalize","floor":49}],"player_experience":153742,"relics_obtained":[{"floor":4.0,"key":"MawBank"},{"floor":7.0,"key":"CaptainsWheel"},{"floor":12.0,"key":"WingedGreaves"},{"floor":13.0,"key":"Shovel"},{"floor":24.0,"key":"Bag of Marbles"},{"floor":30.0,"key":"Centennial Puzzle"},{"floor":41.0,"key":"Nunchaku"}],"event_choices":[{"damage_healed":0.0,"max_hp_gain":0.0,"max_hp_loss":0.0,"gold_gain":0.0,"cards_transformed":["Slimebound:CorrosiveSpit","Slimebound:Defend_Slimebound"],"event_name":"Drug Dealer","player_choice":"Became Test Subject","floor":22.0,"gold_loss":0.0,"damage_taken":0.0,"cards_obtained":["Slimebound:MassRepurpose","Slimebound:ProtectTheBoss"]},{"damage_healed":0.0,"max_hp_gain":0.0,"max_hp_loss":0.0,"gold_gain":0.0,"event_name":"Mysterious Sphere","player_choice":"Ignored","floor":38.0,"gold_loss":0.0,"damage_taken":0.0}],"is_beta":false,"boss_relics":[{"not_picked":["SacredBark","Philosopher\u0027s Stone"],"picked":"Coffee Dripper"},{"not_picked":["Runic Dome","Slimebound:TarBlob"],"picked":"Runic Pyramid"}],"items_purged_floors":[5,20,44],"is_endless":false,"potions_floor_spawned":[6,10,16,19,21,28,31,36,39,47,49],"killed_by":"downfall:Defect","ascension_level":0}}