{"host":"vc42n08di9czm3e7","time":1608758994,"event":{"mods":["AchievementEnabler","Act Like it!","BaseMod","Colored Powertips","Downfall","Friendly Minions","GifTheSpireLib","Jorbs\u0027s Wanderer Trilogy","Minty Spire (QoL Compilation)","Rare Cards Sparkle","StSLib","The Bug Knight"],"gold_per_floor":[99,111,111,111,111,125,125,154,94,94,94,105,123,135,154,249,249,249,249,261,280,294,313,336,336,336,356,356,366,386,406,416,416,416,416],"floor_reached":33,"playtime":2143,"items_purged":[],"score":255,"play_id":"c124c390-1f22-476d-b439-e9e4dd404553","local_time":"20201223162954","is_ascension_mode":false,"campfire_choices":[{"data":"hexamod:Float","floor":1,"key":"SMITH"},{"data":"hexamod:TimeOfNeed","floor":10,"key":"SMITH"},{"data":"hexamod:FastForward","floor":18,"key":"SMITH"},{"data":"hexamod:NecessarySacrifice","floor":26,"key":"SMITH"},{"floor":28,"key":"REST"}],"circlet_count":0,"master_deck":["hexamod:Strike","hexamod:Strike","hexamod:Strike","hexamod:Defend","hexamod:Defend","hexamod:Defend","hexamod:Sear+1","hexamod:Float+1","hexamod:RainOfEmbers","hexamod:FirstSeal","hexamod:GhostLash","hexamod:StepThrough","hexamod:TimeOfNeed+1","hexamod:InspiringFlames","hexamod:FastForward","hexamod:FastForward+1","hexamod:PowerFromBeyond","hexamod:ApocalypseNow","hexamod:HeatShield+1","hexamod:AdvancingGuard","hexamod:RadiantFlame","hexamod:NecessarySacrifice+1","hexamod:Rewind","hexamod:GhostShield","hexamod:GhostflameInferno","hexamod:NightmareGuise"],"relics":["hexamod:SpiritBrand","Sundial","downfall:ShatteredFragment","Anchor","HollowMod:LifeEnderRelic","Omamori","Empty Cage","downfall:KnowingSkull","Blood Vial"],"acts_visited":["Exordium","TheCity"],"potions_floor_usage":[23,27,33],"damage_taken":[{"damage":0,"enemies":"Cultist","floor":2,"turns":3},{"damage":1,"enemies":"Jaw Worm","floor":6,"turns":4},{"damage":6,"enemies":"Gremlin Nob","floor":8,"turns":3},{"damage":0,"enemies":"downfall:FleeingMerchant","floor":9,"turns":4},{"damage":0,"enemies":"2 Louse","floor":12,"turns":2},{"damage":0,"enemies":"Large Slime","floor":13,"turns":5},{"damage":0,"enemies":"Exordium Wildlife","floor":14,"turns":3},{"damage":4,"enemies":"Lots of Slimes","floor":15,"turns":4},{"damage":45,"enemies":"downfall:Silent","floor":16,"turns":9},{"damage":7,"enemies":"Chosen","floor":20,"turns":4},{"damage":1,"enemies":"Snecko","floor":21,"turns":4},{"damage":2,"enemies":"Snake Plant","floor":22,"turns":5},{"damage":21,"enemies":"Centurion and Healer","floor":23,"turns":7},{"damage":40,"enemies":"Cultist and Chosen","floor":27,"turns":7},{"damage":27,"enemies":"Sentry and Sphere","floor":29,"turns":7},{"damage":0,"enemies":"Chosen and Byrds","floor":30,"turns":6},{"damage":15,"enemies":"Snake Plant","floor":31,"turns":3},{"damage":4,"enemies":"Centurion and Healer","floor":32,"turns":7},{"damage":61,"enemies":"downfall:Ironclad","floor":33,"turns":10}],"seed_played":"-7898082947549520344","potions_obtained":[{"floor":6,"key":"DistilledChaos"},{"floor":13,"key":"SmokeBomb"},{"floor":14,"key":"Swift Potion"},{"floor":20,"key":"DistilledChaos"},{"floor":25,"key":"FairyPotion"},{"floor":27,"key":"EssenceOfSteel"}],"is_trial":false,"path_per_floor":["R","M","T","?","?","M","T","E","$","R","?","M","M","M","M","B",null,"R","?","M","M","M","M","T","?","R","M","R","M","M","M","M","B"],"character_chosen":"THE_SPIRIT","items_purchased":["hexamod:InspiringFlames"],"campfire_rested":1,"item_purchase_floors":[9],"current_hp_per_floor":[70,70,70,49,42,48,48,49,56,56,53,60,67,70,70,32,70,70,63,63,69,67,53,53,53,53,22,43,18,27,21,26,0,0,0],"gold":416,"neow_bonus":"UPGRADE_CARD","is_daily":false,"chose_seed":false,"campfire_upgraded":4,"win_rate":0.0,"timestamp":1608758994,"path_taken":["R","M","?","?","?","M","T","E","$","R","?","M","M","M","M","BOSS","R","?","M","M","?","M","T","?","R","M","R","?","M","?","M","BOSS"],"items_purchased_type":["Card"],"build_version":"2020-12-13","purchased_purges":0,"victory":false,"max_hp_per_floor":[70,70,70,70,70,70,70,70,70,70,70,70,70,70,70,70,70,70,70,70,70,70,70,70,70,70,70,70,70,70,70,70,70,70,70],"card_choices":[{"not_picked":["hexamod:NightmareGuise","hexamod:HeatShield"],"picked":"hexamod:RainOfEmbers","floor":2},{"not_picked":["hexamod:BacktrackSmack","hexamod:SuperheatedStrike"],"picked":"hexamod:GhostLash","floor":6},{"not_picked":["hexamod:AdvancingGuard","hexamod:SwordOfDarkness"],"picked":"hexamod:StepThrough","floor":8},{"not_picked":["hexamod:RainOfEmbers","hexamod:Haunt"],"picked":"hexamod:TimeOfNeed","floor":9},{"not_picked":["hexamod:ThermalTransfer","hexamod:GhostLash"],"picked":"hexamod:FastForward","floor":12},{"not_picked":["hexamod:BacktrackSmack","hexamod:SwordOfDarkness"],"picked":"hexamod:FastForward","floor":13},{"not_picked":["hexamod:NightmareStrike","hexamod:SuperheatedStrike"],"picked":"hexamod:PowerFromBeyond","floor":14},{"not_picked":["hexamod:SkipABeat","hexamod:SwordOfDarkness","hexamod:BacktrackSmack"],"picked":"SKIP","floor":15},{"not_picked":["hexamod:CrushingStance","hexamod:FifthSeal"],"picked":"hexamod:ApocalypseNow","floor":16},{"not_picked":["hexamod:GhostLash","hexamod:NightmareGuise"],"picked":"hexamod:HeatShield+1","floor":20},{"not_picked":["hexamod:SpectralAdrenaline","hexamod:GhostShield"],"picked":"hexamod:AdvancingGuard","floor":21},{"not_picked":["hexamod:InspiringFlames","hexamod:AdvancingGuard+1"],"picked":"hexamod:RadiantFlame","floor":22},{"not_picked":["hexamod:RetreatToShadows","hexamod:NightmareStrike"],"picked":"hexamod:NecessarySacrifice","floor":23},{"not_picked":["hexamod:RainOfEmbers+1","hexamod:GhostShield+1"],"picked":"hexamod:Rewind","floor":27},{"not_picked":["hexamod:PhantomFireball","hexamod:SpectersWail"],"picked":"hexamod:GhostShield","floor":29},{"not_picked":["hexamod:AdvancingGuard","hexamod:PhantomFireball","hexamod:HeatCrush"],"picked":"SKIP","floor":30},{"not_picked":["hexamod:ChargedBarrage","hexamod:PowerFromBeyond+1"],"picked":"hexamod:GhostflameInferno","floor":31},{"not_picked":["hexamod:GhostLash","hexamod:InspiringFlames"],"picked":"hexamod:NightmareGuise","floor":32}],"player_experience":179066,"relics_obtained":[{"floor":3,"key":"Sundial"},{"floor":7,"key":"Anchor"},{"floor":8,"key":"HollowMod:LifeEnderRelic"},{"floor":24,"key":"Blood Vial"}],"event_choices":[{"damage_healed":0,"gold_gain":0,"player_choice":"Success","damage_taken":3,"relics_obtained":["Omamori"],"max_hp_gain":0,"max_hp_loss":0,"event_name":"Scrap Ooze","floor":11,"gold_loss":0},{"damage_healed":0,"gold_gain":0,"player_choice":"Got Potions","damage_taken":0,"max_hp_gain":0,"max_hp_loss":0,"event_name":"Lab","floor":25,"gold_loss":0}],"is_beta":false,"boss_relics":[{"not_picked":["Cursed Key","Calling Bell"],"picked":"Empty Cage"}],"items_purged_floors":[],"is_endless":false,"potions_floor_spawned":[6,13,14,15,20,27,30,32],"killed_by":"downfall:Ironclad","ascension_level":0}}