{"host":"fxrgx7wt2cpkbhka","time":1608752254,"event":{"mods":["AchievementEnabler","BaseMod","Colored Powertips","Minty Spire (QoL Compilation)","Permanent Neow","Slay-I","StSLib","Waifu the Spire"],"gold_per_floor":[211,13,32,46,46,75,85,85,157,192,192,111,122,122,122,122,122],"floor_reached":16,"playtime":656,"items_purged":[],"score":176,"play_id":"24a2ef50-4ba9-4fd0-84d5-21dfc44e7ea7","local_time":"20201223113734","is_ascension_mode":true,"campfire_choices":[{"floor":8,"key":"REST"},{"floor":15,"key":"REST"}],"circlet_count":0,"master_deck":["AscendersBane","Strike_R","Strike_R","Strike_R","Strike_R","Strike_R","Defend_R","Defend_R","Defend_R","Defend_R","Bash","Cleave+1","Metallicize","Spot Weakness"],"relics":["Burning Blood","Akabeko","Thread and Needle","Question Card","Nunchaku","Ornamental Fan"],"acts_visited":["Exordium"],"potions_floor_usage":[10,13,16],"damage_taken":[{"damage":6,"enemies":"Cultist","floor":1,"turns":3},{"damage":0,"enemies":"Small Slimes","floor":3,"turns":3},{"damage":12,"enemies":"Jaw Worm","floor":4,"turns":4},{"damage":61,"enemies":"Gremlin Nob","floor":6,"turns":6},{"damage":6,"enemies":"Exordium Thugs","floor":7,"turns":4},{"damage":28,"enemies":"3 Sentries","floor":10,"turns":8},{"damage":14,"enemies":"Exordium Wildlife","floor":13,"turns":7},{"damage":56,"enemies":"The Guardian","floor":16,"turns":14}],"seed_played":"-2813967823606249509","potions_obtained":[{"floor":10,"key":"Fruit Juice"},{"floor":11,"key":"Regen Potion"},{"floor":11,"key":"DuplicationPotion"}],"is_trial":false,"path_per_floor":["M","$","M","M","?","E","M","R","T","E","?","$","M","T","R","B"],"character_chosen":"IRONCLAD","items_purchased":["Akabeko","Cleave","Metallicize"],"campfire_rested":2,"item_purchase_floors":[2,2,12],"current_hp_per_floor":[72,72,78,72,72,17,17,41,41,24,24,24,31,31,56,0,0],"gold":122,"neow_bonus":"HUNDRED_GOLD","is_daily":false,"chose_seed":false,"campfire_upgraded":0,"win_rate":0.0,"timestamp":1608752254,"path_taken":["M","?","M","?","?","E","M","R","T","E","?","$","?","?","R","BOSS"],"items_purchased_type":["Relic","Card","Card"],"build_version":"2020-12-22","purchased_purges":0,"victory":false,"max_hp_per_floor":[80,80,80,80,80,80,80,80,80,85,85,85,85,85,85,85,85],"card_choices":[{"not_picked":["Havoc","Rupture","Feel No Pain"],"picked":"SKIP","floor":1},{"not_picked":["Dark Embrace","Entrench","Thunderclap"],"picked":"SKIP","floor":3},{"not_picked":["Shockwave","Sword Boomerang","Havoc"],"picked":"SKIP","floor":4},{"not_picked":["Dark Embrace","Seeing Red","Perfected Strike"],"picked":"SKIP","floor":6},{"not_picked":["Headbutt","Perfected Strike","Clothesline"],"picked":"SKIP","floor":7},{"not_picked":["Anger","Burning Pact","Twin Strike","Double Tap"],"picked":"SKIP","floor":10},{"not_picked":["Rage","Battle Trance","Disarm"],"picked":"Spot Weakness","floor":13}],"player_experience":677525,"relics_obtained":[{"floor":6,"key":"Thread and Needle"},{"floor":9,"key":"Question Card"},{"floor":10,"key":"Nunchaku"},{"floor":14,"key":"Ornamental Fan"}],"event_choices":[{"damage_healed":0,"gold_gain":0,"player_choice":"Grow","damage_taken":0,"max_hp_gain":0,"max_hp_loss":0,"event_name":"Living Wall","floor":5,"gold_loss":0,"cards_upgraded":["Cleave"]},{"damage_healed":0,"gold_gain":0,"player_choice":"Got Potions","damage_taken":0,"max_hp_gain":0,"max_hp_loss":0,"event_name":"Lab","floor":11,"gold_loss":0}],"is_beta":false,"boss_relics":[],"items_purged_floors":[],"is_endless":false,"potions_floor_spawned":[3,10],"killed_by":"The Guardian","ascension_level":12}}