{"host":"6pgtslebjnyv5xmi","time":1608728601,"event":{"mods":["AchievementEnabler","BaseMod","Colored Map","Minty Spire (QoL Compilation)","Rare Cards Sparkle","StSLib","SuperFastMode","The Dragon Tamer","everything is the same but u backflip on backflip"],"gold_per_floor":[111,286,286,286,22,22,65,90,117,117,138,45,61,80,80,210,210,205,205,205,219,219,262,262,306,330,330,255,279,279,304,304,423,423,448,448,448,49,64,64,64,64],"floor_reached":41,"playtime":2911,"items_purged":["Strike_B"],"score":516,"play_id":"25620df3-04a1-4d66-9717-f5880bb0518c","local_time":"20201223220321","is_ascension_mode":true,"campfire_choices":[{"data":"Apotheosis","floor":6.0,"key":"SMITH"},{"floor":10.0,"key":"REST"},{"floor":15.0,"key":"REST"},{"floor":24.0,"key":"REST"},{"floor":27,"key":"REST"},{"floor":32,"key":"REST"},{"data":"Creative AI","floor":40,"key":"SMITH"}],"circlet_count":0,"master_deck":["Defend_B","Defend_B","Defend_B","Zap","Dualcast","Apotheosis+1","Capacitor","Core Surge","Defragment","Rebound","Amplify","Heatsinks","Turbo","Beam Cell","BootSequence","Machine Learning","CurseOfTheBell","Tempest","Hello World","Chaos","Recycle+1","Creative AI+1","Reinforced Body","Ghostly","Ghostly","Ghostly","Ghostly","Ghostly","Reboot","Madness","Madness"],"relics":["Cracked Core","Golden Idol","CaptainsWheel","Regal Pillow","Calling Bell","Anchor","Sundial","Pocketwatch","Blood Vial","Omamori","Nuclear Battery","Mummified Hand","Lantern"],"acts_visited":["Exordium","TheCity","TheBeyond"],"potions_floor_usage":[25,33],"damage_taken":[{"damage":8.0,"enemies":"2 Louse","floor":1.0,"turns":3.0},{"damage":37.0,"enemies":"3 Sentries","floor":7.0,"turns":7.0},{"damage":6.0,"enemies":"Cultist","floor":8.0,"turns":3.0},{"damage":0.0,"enemies":"Jaw Worm","floor":11.0,"turns":3.0},{"damage":4.0,"enemies":"2 Fungi Beasts","floor":13.0,"turns":3.0},{"damage":17.0,"enemies":"3 Louse","floor":14.0,"turns":3.0},{"damage":11.0,"enemies":"The Guardian","floor":16.0,"turns":12.0},{"damage":19.0,"enemies":"2 Thieves","floor":18.0,"turns":4.0},{"damage":15.0,"enemies":"Shell Parasite","floor":21.0,"turns":4.0},{"damage":20.0,"enemies":"Book of Stabbing","floor":23.0,"turns":5.0},{"damage":30,"enemies":"Gremlin Leader","floor":25,"turns":5},{"damage":16,"enemies":"Shelled Parasite and Fungi","floor":29,"turns":6},{"damage":13,"enemies":"3 Cultists","floor":31,"turns":6},{"damage":2,"enemies":"Champ","floor":33,"turns":11},{"damage":0,"enemies":"3 Shapes","floor":35,"turns":4},{"damage":0,"enemies":"Orb Walker","floor":39,"turns":6},{"damage":41,"enemies":"Nemesis","floor":41,"turns":8}],"seed_played":"6168656150051081311","potions_obtained":[{"floor":8.0,"key":"Swift Potion"},{"floor":11.0,"key":"SkillPotion"},{"floor":21.0,"key":"DuplicationPotion"},{"floor":23.0,"key":"BlessingOfTheForge"},{"floor":29,"key":"Energy Potion"}],"is_trial":false,"path_per_floor":["M","?","?","?","$","R","E","M","T","R","M","$","M","M","R","B",null,"M","?","$","M","$","E","R","E","T","R","?","M","?","M","R","B",null,"M","?","?","$","M","R","E"],"character_chosen":"DEFECT","items_purchased":["Core Surge","Defragment","Heatsinks","Turbo","Mummified Hand","Lantern"],"campfire_rested":5,"item_purchase_floors":[5,5,12,12,38,38],"current_hp_per_floor":[67,67,49,49,49,49,12,6,6,43,43,43,39,22,59,48,75,56,56,56,41,41,21,58,30,30,67,67,53,37,24,37,35,37,37,37,32,32,34,34,0,0],"gold":64,"neow_bonus":"RANDOM_COLORLESS_2","is_daily":false,"chose_seed":false,"campfire_upgraded":2,"win_rate":0.0,"timestamp":1608728601,"path_taken":["M","?","?","?","$","R","E","?","T","R","M","$","M","M","R","BOSS","M","?","$","M","$","E","R","E","T","R","?","M","?","M","R","BOSS","M","?","?","?","?","R","E"],"items_purchased_type":["Card","Card","Card","Card","Relic","Relic"],"build_version":"2020-12-22","purchased_purges":1,"victory":false,"max_hp_per_floor":[75,75,75,75,75,75,75,75,75,75,75,75,75,75,75,75,75,75,75,75,75,75,75,75,75,75,75,75,75,37,37,37,37,37,37,37,37,37,37,37,37,37],"card_choices":[{"not_picked":["Transmutation","Violence"],"picked":"Apotheosis","floor":0.0},{"not_picked":["Beam Cell","Melter"],"picked":"Capacitor","floor":1.0},{"not_picked":["Compile Driver","Stack"],"picked":"Rebound","floor":7.0},{"not_picked":["Gash","Hello World","Compile Driver"],"picked":"SKIP","floor":8.0},{"not_picked":["White Noise","Streamline"],"picked":"Amplify","floor":11.0},{"not_picked":["Go for the Eyes","Recycle"],"picked":"Beam Cell","floor":13.0},{"not_picked":["Gash","Compile Driver"],"picked":"BootSequence","floor":14.0},{"not_picked":["Meteor Strike","All For One"],"picked":"Machine Learning","floor":16.0},{"not_picked":["Undo","Streamline"],"picked":"Tempest","floor":18.0},{"not_picked":["Ball Lightning","Fusion"],"picked":"Recycle+1","floor":21.0},{"not_picked":["Auto Shields+1","Sweeping Beam+1"],"picked":"Creative AI","floor":23.0},{"not_picked":["Sweeping Beam","Gash"],"picked":"Reinforced Body","floor":25},{"not_picked":["Auto Shields","Hello World","Stack"],"picked":"SKIP","floor":29},{"not_picked":["Turbo","Streamline","Barrage"],"picked":"SKIP","floor":31},{"not_picked":["Core Surge","Meteor Strike"],"picked":"Reboot","floor":33},{"not_picked":["Reprogram+1","Steam Power","Glacier+1"],"picked":"SKIP","floor":35},{"not_picked":["Skim","Hologram+1","Rebound"],"picked":"SKIP","floor":39}],"player_experience":408207,"relics_obtained":[{"floor":7.0,"key":"CaptainsWheel"},{"floor":9.0,"key":"Regal Pillow"},{"floor":17.0,"key":"Anchor"},{"floor":17.0,"key":"Sundial"},{"floor":17.0,"key":"Pocketwatch"},{"floor":23.0,"key":"Blood Vial"},{"floor":25,"key":"Omamori"}],"event_choices":[{"damage_healed":0.0,"max_hp_gain":0.0,"max_hp_loss":0.0,"gold_gain":175.0,"event_name":"Liars Game","player_choice":"AGREE","floor":2.0,"gold_loss":0.0,"damage_taken":0.0,"cards_obtained":["Doubt"]},{"damage_healed":0.0,"max_hp_gain":0.0,"max_hp_loss":0.0,"gold_gain":0.0,"event_name":"Golden Idol","player_choice":"Take Damage","floor":3.0,"gold_loss":0.0,"damage_taken":18.0,"relics_obtained":["Golden Idol"]},{"cards_removed":["Doubt","Decay"],"damage_healed":0.0,"max_hp_gain":0.0,"max_hp_loss":0.0,"gold_gain":0.0,"event_name":"Fountain of Cleansing","player_choice":"Removed Curses","floor":4.0,"gold_loss":0.0,"damage_taken":0.0},{"damage_healed":0.0,"max_hp_gain":0.0,"max_hp_loss":0.0,"gold_gain":0.0,"cards_transformed":["Strike_B","Defend_B"],"event_name":"Drug Dealer","player_choice":"Became Test Subject","floor":19.0,"gold_loss":0.0,"damage_taken":0.0,"cards_obtained":["Hello World","Chaos"]},{"cards_removed":["Strike_B"],"damage_healed":0,"gold_gain":0,"player_choice":"Gave Gold","damage_taken":0,"max_hp_gain":0,"max_hp_loss":0,"event_name":"Beggar","floor":28,"gold_loss":75},{"damage_healed":0,"gold_gain":0,"player_choice":"Became a Ghost","damage_taken":0,"max_hp_gain":0,"max_hp_loss":38,"event_name":"Ghosts","floor":30,"gold_loss":0,"cards_obtained":["Ghostly","Ghostly","Ghostly","Ghostly","Ghostly"]},{"cards_removed":["Strike_B"],"damage_healed":0,"gold_gain":0,"player_choice":"Removed Attack","damage_taken":0,"max_hp_gain":0,"max_hp_loss":0,"event_name":"Falling","floor":36,"gold_loss":0},{"damage_healed":0,"gold_gain":0,"player_choice":"Embrace Madness","damage_taken":5,"max_hp_gain":0,"max_hp_loss":0,"event_name":"Winding Halls","floor":37,"gold_loss":0,"cards_obtained":["Madness","Madness"]}],"is_beta":false,"boss_relics":[{"not_picked":["Philosopher\u0027s Stone","Black Star"],"picked":"Calling Bell"},{"not_picked":["Snecko Eye","SacredBark"],"picked":"Nuclear Battery"}],"items_purged_floors":[5],"is_endless":false,"potions_floor_spawned":[8,11,21,23,29],"killed_by":"Nemesis","ascension_level":3}}