{"host":"fxrgx7wt2cpkbhka","time":1608752784,"event":{"mods":["AchievementEnabler","BaseMod","Colored Powertips","Minty Spire (QoL Compilation)","Permanent Neow","Slay-I","StSLib","Waifu the Spire"],"gold_per_floor":[118,118,133,143,98,98,98,125,125,125,142,152,168,93,93,93,93],"floor_reached":16,"playtime":518,"items_purged":["Strike_R"],"score":163,"play_id":"3216c883-8a7d-481a-9c5c-9817abc7b19e","local_time":"20201223114624","is_ascension_mode":true,"campfire_choices":[{"data":"Rampage","floor":6,"key":"SMITH"},{"data":"Rage","floor":10,"key":"SMITH"},{"floor":15,"key":"REST"}],"circlet_count":0,"master_deck":["AscendersBane","Strike_R","Strike_R","Strike_R","Strike_R","Defend_R","Defend_R","Defend_R","Defend_R","Bash","Rampage+1","Rage+1","Armaments","Dropkick"],"relics":["Burning Blood","GremlinMask","Self Forming Clay","Matryoshka"],"acts_visited":["Exordium"],"potions_floor_usage":[12,13],"damage_taken":[{"damage":12,"enemies":"Small Slimes","floor":1,"turns":4},{"damage":11,"enemies":"Cultist","floor":3,"turns":4},{"damage":1,"enemies":"2 Louse","floor":4,"turns":3},{"damage":40,"enemies":"Gremlin Nob","floor":8,"turns":5},{"damage":20,"enemies":"Exordium Wildlife","floor":11,"turns":6},{"damage":9,"enemies":"Large Slime","floor":12,"turns":4},{"damage":34,"enemies":"Gremlin Gang","floor":13,"turns":5},{"damage":38,"enemies":"The Guardian","floor":16,"turns":6}],"seed_played":"3833628825408917983","potions_obtained":[{"floor":4,"key":"Weak Potion"},{"floor":8,"key":"Strength Potion"},{"floor":12,"key":"DistilledChaos"}],"is_trial":false,"path_per_floor":["M","?","M","M","$","R","?","E","T","R","M","M","M","$","R","B"],"character_chosen":"IRONCLAD","items_purchased":["Armaments"],"campfire_rested":1,"item_purchase_floors":[5],"current_hp_per_floor":[74,88,83,88,88,88,88,54,54,54,40,37,9,9,35,0,0],"gold":93,"neow_bonus":"TEN_PERCENT_HP_BONUS","is_daily":false,"chose_seed":false,"campfire_upgraded":2,"win_rate":0.0,"timestamp":1608752784,"path_taken":["M","?","?","?","?","R","?","E","T","R","M","M","?","$","R","BOSS"],"items_purchased_type":["Card"],"build_version":"2020-12-22","purchased_purges":1,"victory":false,"max_hp_per_floor":[88,88,88,88,88,88,88,88,88,88,88,88,88,88,88,88,88],"card_choices":[{"not_picked":["Clothesline","Warcry"],"picked":"Rampage","floor":1},{"not_picked":["Clothesline","Burning Pact"],"picked":"Rage","floor":3},{"not_picked":["Headbutt","Entrench","Thunderclap"],"picked":"SKIP","floor":4},{"not_picked":["True Grit","Rampage","Twin Strike"],"picked":"SKIP","floor":8},{"not_picked":["Iron Wave","Sentinel","Anger"],"picked":"SKIP","floor":11},{"not_picked":["Anger","Flex"],"picked":"Dropkick","floor":12},{"not_picked":["Iron Wave","Thunderclap","Combust"],"picked":"SKIP","floor":13}],"player_experience":678181,"relics_obtained":[{"floor":8,"key":"Self Forming Clay"},{"floor":9,"key":"Matryoshka"}],"event_choices":[{"damage_healed":14,"gold_gain":0,"player_choice":"Full Heal","damage_taken":0,"max_hp_gain":0,"max_hp_loss":0,"event_name":"Wheel of Change","floor":2,"gold_loss":0},{"damage_healed":0,"gold_gain":0,"player_choice":"Trade","damage_taken":0,"relics_obtained":["GremlinMask"],"max_hp_gain":0,"max_hp_loss":0,"event_name":"FaceTrader","floor":7,"gold_loss":0}],"is_beta":false,"boss_relics":[],"items_purged_floors":[14],"is_endless":false,"potions_floor_spawned":[4,8,12],"killed_by":"The Guardian","ascension_level":12}}