{"host":"bbld1ic1uj90ldt9","time":1608715460,"event":{"mods":["2.2 Compatiblity","AchievementEnabler","Act Like it!","BaseMod","Better Third Choice","Conspire","Downfall","Emptier Cage","Gensokyo","Hallownest","Hermit","Highlight Path","Hubris","Marisa????????","Minty Spire (QoL Compilation)","Random Character Button","Replay The Spire","StSLib","The Animator","The Bug Knight","The Cursed","The Disciple","The Hierophant","The Jungle","The Runesmith","The Servant 0.9.4"],"gold_per_floor":[116,136,61,61,81,114,134,134,159,14,14,40,51,68,68,68,68],"floor_reached":16,"playtime":1090,"items_purged":["Pain","Regret"],"score":137,"play_id":"ccd176a7-ef7d-4dd0-a457-69e78b3cdd44","local_time":"20201223102420","is_ascension_mode":false,"campfire_choices":[{"floor":8,"key":"RECALL"},{"floor":15,"key":"REST"}],"circlet_count":0,"master_deck":["Strike_P","Defend_P","Defend_P","Eruption+1","Vigilance","FlurryOfBlows","Protect","Judgement","Judgement","PathToVictory","ClearTheMind","LikeWater","Protect","Evaluate"],"relics":["Kintsugi","Incense Burner","hubris:OldNail","Runesmith:Nanobots","hubris:Reverence"],"acts_visited":["Exordium"],"potions_floor_usage":[6,12,14,16],"damage_taken":[{"damage":4,"enemies":"2 Louse","floor":1,"turns":2},{"damage":2,"enemies":"Small Slimes","floor":2,"turns":2},{"damage":6,"enemies":"Jaw Worm","floor":5,"turns":2},{"damage":20,"enemies":"Replay:BlueRogue","floor":6,"turns":5},{"damage":0,"enemies":"Exordium Wildlife","floor":7,"turns":1},{"damage":0,"enemies":"Gremlin Nob","floor":12,"turns":3},{"damage":12,"enemies":"Exordium Thugs","floor":13,"turns":2},{"damage":0,"enemies":"Gremlin Gang","floor":14,"turns":3},{"damage":53,"enemies":"Fading Forest","floor":16,"turns":10}],"seed_played":"-3046243545372377970","potions_obtained":[{"floor":1,"key":"Regen Potion"},{"floor":5,"key":"LifebloodPotion"},{"floor":12,"key":"Elixir"},{"floor":13,"key":"LifebloodPotion"}],"is_trial":false,"path_per_floor":["M","M","$","?","M","E","M","R","T","$","?","E","M","M","R","B"],"character_chosen":"WATCHER","items_purchased":["ClearTheMind"],"campfire_rested":1,"item_purchase_floors":[10],"current_hp_per_floor":[68,66,66,66,60,52,52,52,52,52,23,23,11,11,32,0,0],"gold":68,"neow_bonus":"BOSS_RELIC","is_daily":false,"chose_seed":false,"campfire_upgraded":0,"win_rate":0.0,"timestamp":1608715460,"path_taken":["M","M","$","?","M","E","M","R","T","$","?","E","M","M","R","BOSS"],"items_purchased_type":["Card"],"build_version":"2020-12-22","purchased_purges":2,"victory":false,"max_hp_per_floor":[72,72,72,72,72,72,72,72,72,72,72,72,72,72,72,72,72],"card_choices":[{"not_picked":["Halt","Prostrate"],"picked":"FlurryOfBlows","floor":1},{"not_picked":["Replay:ManipulateFuture","Replay:BluntJabs"],"picked":"Protect","floor":2},{"not_picked":["Fasting2","FlyingSleeves"],"picked":"Judgement","floor":5},{"not_picked":["JustLucky","BowlingBash"],"picked":"Judgement","floor":6},{"not_picked":["Consecrate","Evaluate"],"picked":"PathToVictory","floor":7},{"not_picked":["CutThroughFate","Halt"],"picked":"LikeWater","floor":12},{"not_picked":["FlyingSleeves","EmptyMind"],"picked":"Protect","floor":13},{"not_picked":["Conclude","Wallop"],"picked":"Evaluate","floor":14}],"player_experience":2137810,"relics_obtained":[{"floor":6,"key":"Incense Burner"},{"floor":12,"key":"hubris:Reverence"}],"event_choices":[{"damage_healed":0,"gold_gain":1,"player_choice":"Relic Relic ","damage_taken":29,"max_hp_gain":0,"max_hp_loss":0,"event_name":"betterThird:BetterScrap","floor":11,"gold_loss":0,"cards_obtained":["Concentrate"]}],"is_beta":false,"boss_relics":[],"items_purged_floors":[3,10],"is_endless":false,"potions_floor_spawned":[1,5,12,13],"killed_by":"Fading Forest","ascension_level":0}}