{"host":"ujb8ojs2m8j2cdlp","time":1608718500,"event":{"mods":["AchievementEnabler","BaseMod","Bestiary","Colored Map","Colored Powertips","Minty Spire (QoL Compilation)","Relic Stats","ojb\u0027s Better Paths Mod","ojb\u0027s Info Mod"],"gold_per_floor":[111,211,5,20,40,75,75,108,134,144,170,205,205,205,205,278,278,295,295,45,68,118,118,146,146,173,188,215,230,230,249,249,320,320,333,3,13,1012,1012,1012,1058,1078,1078,1078,1089,1089,1089,1133,1133,1133,1133],"floor_reached":52,"playtime":10943,"items_purged":["ForeignInfluence"],"score":1918,"play_id":"b8937f69-0ca7-4f03-9739-16730dca6227","local_time":"20201223021500","daily_mods":["SealedDeck","Diverse"],"is_ascension_mode":true,"campfire_choices":[{"data":"Armaments","floor":7.0,"key":"SMITH"},{"data":"Hologram","floor":13.0,"key":"SMITH"},{"data":"Chaos","floor":15.0,"key":"SMITH"},{"data":"Wraith Form v2","floor":23.0,"key":"SMITH"},{"data":"Reinforced Body","floor":32.0,"key":"SMITH"},{"data":"Wallop","floor":40.0,"key":"SMITH"},{"data":"Spot Weakness","floor":44.0,"key":"SMITH"},{"data":"Eviscerate","floor":47.0,"key":"SMITH"},{"data":"Worship","floor":49.0,"key":"SMITH"}],"circlet_count":0,"master_deck":["AscendersBane","Chaos+1","Dark Embrace","Sucker Punch","Hello World","Armaments+1","Hologram+1","Reinforced Body+1","CutThroughFate","Wallop+1","Spot Weakness+1","Infinite Blades","Ball Lightning","Rebound","Prostrate","Wraith Form v2+1","Eviscerate+1","ThirdEye+1","White Noise","Clothesline+1","Phantasmal Killer","Tantrum","Noxious Fumes","White Noise","Normality","Backflip","Worship+1"],"relics":["Burning Blood","Omamori","Ancient Tea Set","Oddly Smooth Stone","Odd Mushroom","Anchor","Snecko Eye","Medical Kit","Centennial Puzzle","Darkstone Periapt","Bag of Marbles","Tiny Chest","Necronomicon","Velvet Choker","OrangePellets","Bag of Preparation","Blue Candle","CeramicFish"],"acts_visited":["Exordium","TheCity","TheBeyond"],"potions_floor_usage":[51,51],"damage_taken":[{"damage":0.0,"enemies":"Jaw Worm","floor":1.0,"turns":2.0},{"damage":0.0,"enemies":"Cultist","floor":4.0,"turns":3.0},{"damage":0.0,"enemies":"Small Slimes","floor":5.0,"turns":3.0},{"damage":13.0,"enemies":"3 Sentries","floor":6.0,"turns":5.0},{"damage":8.0,"enemies":"Gremlin Nob","floor":8.0,"turns":3.0},{"damage":10.0,"enemies":"2 Fungi Beasts","floor":10.0,"turns":3.0},{"damage":0.0,"enemies":"The Mushroom Lair","floor":11.0,"turns":2.0},{"damage":17.0,"enemies":"3 Sentries","floor":12.0,"turns":7.0},{"damage":1.0,"enemies":"Hexaghost","floor":16.0,"turns":6.0},{"damage":0.0,"enemies":"3 Byrds","floor":18.0,"turns":5.0},{"damage":15.0,"enemies":"Slavers","floor":24.0,"turns":4.0},{"damage":0.0,"enemies":"Chosen","floor":27.0,"turns":3.0},{"damage":9.0,"enemies":"Gremlin Leader","floor":28.0,"turns":7.0},{"damage":0.0,"enemies":"Snecko","floor":29.0,"turns":2.0},{"damage":3.0,"enemies":"Snake Plant","floor":31.0,"turns":5.0},{"damage":14.0,"enemies":"Automaton","floor":33.0,"turns":7.0},{"damage":0.0,"enemies":"3 Darklings","floor":35.0,"turns":4.0},{"damage":0.0,"enemies":"3 Shapes","floor":37.0,"turns":2.0},{"damage":0.0,"enemies":"Sphere and 2 Shapes","floor":42.0,"turns":5.0},{"damage":1.0,"enemies":"Spire Growth","floor":45.0,"turns":5.0},{"damage":1.0,"enemies":"Nemesis","floor":48.0,"turns":5.0},{"damage":36,"enemies":"Time Eater","floor":50,"turns":6},{"damage":3,"enemies":"Donu and Deca","floor":51,"turns":7}],"seed_played":"-2343346945770604854","potions_obtained":[{"floor":1.0,"key":"Weak Potion"},{"floor":4.0,"key":"Fire Potion"},{"floor":11.0,"key":"Weak Potion"},{"floor":18.0,"key":"Energy Potion"},{"floor":29.0,"key":"Regen Potion"},{"floor":31.0,"key":"SkillPotion"},{"floor":33.0,"key":"Fire Potion"},{"floor":48.0,"key":"SpeedPotion"}],"is_trial":true,"path_per_floor":["M","?","$","M","M","E","R","E","T","M","?","E","R","?","R","B",null,"M","?","$","T","?","R","E","?","T","M","E","M","?","M","R","B",null,"M","$","M","?","?","R","T","M","T","R","M","?","R","E","R","B","B",null],"character_chosen":"IRONCLAD","items_purchased":["Wireheading","Wallop","Spot Weakness","Medical Kit","Eviscerate","OrangePellets","Noxious Fumes"],"campfire_rested":0,"item_purchase_floors":[3,3,3,20,20,36,36],"current_hp_per_floor":[74,74,74,75,75,68,68,66,66,62,68,57,57,57,57,62,72,75,75,75,75,75,75,66,66,66,72,69,75,54,57,57,49,69,75,75,75,81,81,81,81,81,81,81,81,81,81,81,81,51,54],"gold":1133,"neow_bonus":"","is_daily":false,"chose_seed":false,"campfire_upgraded":9,"win_rate":0.0,"timestamp":1608718500,"path_taken":["M","?","$","?","M","E","R","E","T","M","?","E","R","?","R","BOSS","M","?","$","?","?","R","E","?","T","?","E","M","?","M","R","BOSS","M","$","M","?","?","R","?","M","T","R","?","?","R","E","R","BOSS","BOSS"],"items_purchased_type":["Card","Card","Card","Relic","Card","Relic","Card"],"build_version":"2020-12-22","purchased_purges":1,"victory":true,"max_hp_per_floor":[75,75,75,75,75,75,75,75,75,75,75,75,75,75,75,75,75,75,75,75,75,75,75,75,75,75,75,75,75,75,75,75,75,75,75,75,75,81,81,81,81,81,81,81,81,81,81,81,81,81,81],"relic_stats":{"Darkstone Periapt":6,"counters":[23,101],"Blue Candle":[5],"CeramicFish":9,"Bag of Preparation":[10],"Medical Kit":[11],"Burning Blood":102,"OrangePellets":[14],"Centennial Puzzle":[22],"Snecko Eye":[85,88,87,88],"Tiny Chest":1,"Necronomicon":[24],"obtain_stats":[{"Darkstone Periapt":24,"Blue Candle":43,"CeramicFish":48,"Oddly Smooth Stone":9,"Velvet Choker":34,"Omamori":6,"Bag of Preparation":41,"Odd Mushroom":11,"Ancient Tea Set":8,"Medical Kit":20,"Burning Blood":0,"OrangePellets":36,"Anchor":12,"Centennial Puzzle":21,"Snecko Eye":17,"Tiny Chest":28,"Bag of Marbles":26,"Necronomicon":30},{"Darkstone Periapt":11,"Blue Candle":19,"CeramicFish":21,"Oddly Smooth Stone":5,"Velvet Choker":16,"Omamori":4,"Bag of Preparation":18,"Odd Mushroom":7,"Ancient Tea Set":5,"Medical Kit":10,"Burning Blood":0,"OrangePellets":17,"Anchor":8,"Centennial Puzzle":10,"Snecko Eye":9,"Tiny Chest":13,"Bag of Marbles":11,"Necronomicon":14},{"Darkstone Periapt":43,"Blue Candle":78,"CeramicFish":88,"Oddly Smooth Stone":16,"Velvet Choker":67,"Omamori":13,"Bag of Preparation":73,"Odd Mushroom":21,"Ancient Tea Set":16,"Medical Kit":39,"Burning Blood":0,"OrangePellets":71,"Anchor":28,"Centennial Puzzle":39,"Snecko Eye":34,"Tiny Chest":53,"Bag of Marbles":43,"Necronomicon":55}]},"card_choices":[{"not_picked":["Evaluate","Flex","Leap"],"picked":"SKIP","floor":1.0},{"not_picked":["Anger","Masterful Stab","Entrench"],"picked":"SKIP","floor":4.0},{"not_picked":["Dagger Throw","Clothesline","Redo"],"picked":"SKIP","floor":5.0},{"not_picked":["Capacitor","Coolheaded"],"picked":"Infinite Blades","floor":6.0},{"not_picked":["Bane","Twin Strike"],"picked":"Ball Lightning","floor":8.0},{"not_picked":["Reckless Charge","FlurryOfBlows"],"picked":"Rebound","floor":10.0},{"not_picked":["Doom and Gloom","FollowUp"],"picked":"Prostrate","floor":12.0},{"not_picked":["Exhume","Demon Form"],"picked":"Wraith Form v2","floor":16.0},{"not_picked":["Leap","Cleave+1","Gash"],"picked":"SKIP","floor":18.0},{"not_picked":["EmptyBody","Dodge and Roll"],"picked":"ThirdEye+1","floor":24.0},{"not_picked":["Rebound","Protect"],"picked":"Clothesline+1","floor":27.0},{"not_picked":["Rage","Clash+1","Endless Agony"],"picked":"SKIP","floor":28.0},{"not_picked":["Deflect","SignatureMove+1","Bane"],"picked":"SKIP","floor":29.0},{"not_picked":["Setup","SashWhip","Gash"],"picked":"SKIP","floor":31.0},{"not_picked":["Amplify","Venomology"],"picked":"Phantasmal Killer","floor":33.0},{"not_picked":["Iron Wave","All Out Attack+1"],"picked":"Tantrum","floor":35.0},{"not_picked":["Shrug It Off","Distraction"],"picked":"White Noise","floor":37.0},{"not_picked":["SashWhip+1","Headbutt"],"picked":"Backflip","floor":42.0},{"not_picked":["Go for the Eyes","BowlingBash","Rage"],"picked":"SKIP","floor":45.0},{"not_picked":["Gash+1","Consecrate"],"picked":"Worship","floor":48.0}],"player_experience":45019,"relics_obtained":[{"floor":6.0,"key":"Omamori"},{"floor":8.0,"key":"Ancient Tea Set"},{"floor":9.0,"key":"Oddly Smooth Stone"},{"floor":11.0,"key":"Odd Mushroom"},{"floor":12.0,"key":"Anchor"},{"floor":21.0,"key":"Centennial Puzzle"},{"floor":24.0,"key":"Darkstone Periapt"},{"floor":26.0,"key":"Bag of Marbles"},{"floor":28.0,"key":"Tiny Chest"},{"floor":30.0,"key":"Necronomicon"},{"floor":41.0,"key":"Bag of Preparation"},{"floor":43.0,"key":"Blue Candle"},{"floor":48.0,"key":"CeramicFish"}],"event_choices":[{"damage_healed":0.0,"max_hp_gain":0.0,"max_hp_loss":0.0,"gold_gain":100.0,"event_name":"Wheel of Change","player_choice":"Gold","floor":2.0,"gold_loss":0.0,"damage_taken":0.0},{"damage_healed":0.0,"max_hp_gain":0.0,"max_hp_loss":0.0,"gold_gain":0.0,"event_name":"Mushrooms","player_choice":"Fought Mushrooms","floor":11.0,"gold_loss":0.0,"damage_taken":0.0},{"damage_healed":0.0,"max_hp_gain":0.0,"max_hp_loss":0.0,"gold_gain":0.0,"event_name":"The Cleric","player_choice":"Leave","floor":14.0,"gold_loss":0.0,"damage_taken":0.0},{"cards_removed":["ForeignInfluence"],"damage_healed":0.0,"max_hp_gain":0.0,"max_hp_loss":0.0,"gold_gain":0.0,"event_name":"Back to Basics","player_choice":"Elegance","floor":19.0,"gold_loss":0.0,"damage_taken":0.0},{"damage_healed":0.0,"max_hp_gain":0.0,"max_hp_loss":0.0,"gold_gain":50.0,"event_name":"Nest","player_choice":"Stole From Cult","floor":22.0,"gold_loss":0.0,"damage_taken":0.0},{"damage_healed":0.0,"max_hp_gain":0.0,"max_hp_loss":0.0,"gold_gain":0.0,"event_name":"The Library","player_choice":"Read","floor":25.0,"gold_loss":0.0,"damage_taken":0.0,"cards_obtained":["White Noise"]},{"damage_healed":0.0,"max_hp_gain":0.0,"max_hp_loss":0.0,"gold_gain":0.0,"event_name":"Cursed Tome","player_choice":"Obtained Book","floor":30.0,"gold_loss":0.0,"damage_taken":21.0},{"damage_healed":0.0,"max_hp_gain":0.0,"max_hp_loss":0.0,"gold_gain":999.0,"event_name":"MindBloom","player_choice":"Gold","floor":38.0,"gold_loss":0.0,"damage_taken":0.0,"cards_obtained":["Normality","Normality"]},{"cards_removed":["Wireheading"],"damage_healed":0.0,"max_hp_gain":0.0,"max_hp_loss":0.0,"gold_gain":0.0,"event_name":"Falling","player_choice":"Removed Power","floor":39.0,"gold_loss":0.0,"damage_taken":0.0},{"damage_healed":0.0,"max_hp_gain":0.0,"max_hp_loss":0.0,"gold_gain":0.0,"event_name":"SensoryStone","player_choice":"Memory 1","floor":46.0,"gold_loss":0.0,"damage_taken":0.0}],"is_beta":false,"boss_relics":[{"not_picked":["Sozu","Black Blood"],"picked":"Snecko Eye"},{"not_picked":["Astrolabe","Busted Crown"],"picked":"Velvet Choker"}],"items_purged_floors":[36],"is_endless":false,"potions_floor_spawned":[1,4,5,11,12,18,29,31,33,35,42,48],"ascension_level":20}}