{"host":"ds28d883r3sz42zs","time":1608743433,"event":{"mods":["2.2 Compatiblity","AchievementEnabler","Act Like it!","Aspiration","BaseMod","Bestiary","Better Match","Better Sensory Stone","Better Third Choice","Better-Laid Plans","BetterRewards","Block Reminder","Challenge The Spire","Clawfect","Colored Map","Colored Powertips","Conspire","DeckTracker","Defuse TimeMaze Blight","Disable Question Mark Monsters","Displayed Cursed Tome","Emptier Cage","GifTheSpireLib","Gold Saver","Hallownest","Hubris","Infinite Spire","Minty Spire (QoL Compilation)","Permanent Neow","Practice Mode","Quick Restart","Random Character Button","Rare Cards Sparkle","Relic Filter","Relic Sorter","Relic Stats","Replay The Spire","SacredBarkPlus","Shop Mod","StSLib","Stuff the Spire","SuperFastMode","The Bug Knight","The Jungle","Uncapped","Unknown Chances"],"gold_per_floor":[208,283,283,283,293,293,293,293,293,305,340,355,368,398,398,398,398],"floor_reached":16,"playtime":628,"items_purged":[],"score":196,"play_id":"77ecfec0-8f07-453b-beba-d057b8fdd4f9","local_time":"20201223121033","is_ascension_mode":true,"campfire_choices":[{"data":"StuffTheSpire:ReptileScales","floor":6,"key":"SMITH"},{"data":"Neutralize","floor":8,"key":"SMITH"},{"data":"Deflect","floor":15,"key":"SMITH"}],"circlet_count":0,"master_deck":["Strike_G","Strike_G","Strike_G","Strike_G","Defend_G","Defend_G","Defend_G","Defend_G","Survivor","Neutralize+1","Endless Agony","Good Instincts+1","StuffTheSpire:ReptileScales+1","Backstab","Masterful Stab","Slice","Deflect+1"],"relics":["Unceasing Top","Paper Crane","infinitespire:Satchel","hubris:TenFootPole"],"acts_visited":["Exordium"],"potions_floor_usage":[14,16],"damage_taken":[{"damage":1,"enemies":"2 Louse","floor":1,"turns":4},{"damage":0,"enemies":"Jaw Worm","floor":5,"turns":7},{"damage":7,"enemies":"Small Slimes","floor":10,"turns":4},{"damage":23,"enemies":"Gremlin Nob","floor":11,"turns":7},{"damage":0,"enemies":"Gremlin Gang","floor":12,"turns":5},{"damage":8,"enemies":"Exordium Thugs","floor":13,"turns":4},{"damage":0,"enemies":"3 Sentries","floor":14,"turns":8},{"damage":8,"enemies":"Hexaghost","floor":16,"turns":14}],"seed_played":"-6413429533434589535","potions_obtained":[{"floor":10,"key":"Elixir"},{"floor":11,"key":"LiquidMemories"},{"floor":13,"key":"CunningPotion"}],"is_trial":true,"path_per_floor":["M","?","?","?","M","R","?","R","T","M","E","M","M","E","R","B"],"character_chosen":"THE_SILENT","items_purchased":[],"campfire_rested":0,"item_purchase_floors":[],"current_hp_per_floor":[62,51,44,44,44,44,44,44,44,37,14,14,6,6,6,0,0],"gold":398,"neow_bonus":"","is_daily":false,"chose_seed":false,"campfire_upgraded":3,"win_rate":0.0,"timestamp":1608743433,"path_taken":["M","?","?","?","?","R","?","R","T","M","E","M","M","E","R","BOSS"],"items_purchased_type":[],"build_version":"2020-12-22","purchased_purges":0,"victory":false,"max_hp_per_floor":[70,70,70,70,70,70,70,70,70,70,70,70,70,70,70,70,70],"relic_stats":{"counters":[8,53],"obtain_stats":[{"infinitespire:Satchel":11,"hubris:TenFootPole":14,"Paper Crane":9,"Unceasing Top":0},{"infinitespire:Satchel":4,"hubris:TenFootPole":7,"Paper Crane":2,"Unceasing Top":0},{"infinitespire:Satchel":22,"hubris:TenFootPole":39,"Paper Crane":11,"Unceasing Top":0}],"Unceasing Top":[39]},"card_choices":[{"not_picked":["StuffTheSpire:Sprint","StuffTheSpire:Injection"],"picked":"Endless Agony","floor":1},{"not_picked":["Swift Strike+1","hubris:Insight+1"],"picked":"Good Instincts+1","floor":4},{"not_picked":["Predator","Quick Slash"],"picked":"StuffTheSpire:ReptileScales","floor":5},{"not_picked":["Quick Slash","Calculated Gamble"],"picked":"Backstab","floor":10},{"not_picked":["Deadly Poison","Catalyst"],"picked":"Masterful Stab","floor":11},{"not_picked":["Quick Slash","Bane"],"picked":"Slice","floor":12},{"not_picked":["Fluid Movement","Choke"],"picked":"Deflect","floor":13},{"not_picked":["Underhanded Strike","Phantasmal Killer","Hidden Blade"],"picked":"SKIP","floor":14}],"player_experience":752963,"relics_obtained":[{"floor":9,"key":"Paper Crane"},{"floor":11,"key":"infinitespire:Satchel"},{"floor":14,"key":"hubris:TenFootPole"}],"event_choices":[{"damage_healed":0,"gold_gain":75,"player_choice":"Gold","damage_taken":11,"max_hp_gain":0,"max_hp_loss":0,"event_name":"betterThird:BetterGoop","floor":2,"gold_loss":0},{"cards_removed":["Strike_G"],"damage_healed":0,"gold_gain":0,"player_choice":"Card Removal","damage_taken":7,"max_hp_gain":0,"max_hp_loss":0,"event_name":"Golden Wing","floor":3,"gold_loss":0},{"damage_healed":0,"gold_gain":0,"player_choice":"2","damage_taken":0,"max_hp_gain":0,"max_hp_loss":0,"event_name":"betterMatch:BetterMatch","floor":4,"gold_loss":0,"cards_obtained":["betterMatch:ColorlessUncommonCard"]},{"cards_removed":["Defend_G"],"damage_healed":0,"gold_gain":0,"player_choice":"Offered Basic","damage_taken":0,"max_hp_gain":0,"max_hp_loss":0,"event_name":"Bonfire Elementals","floor":7,"gold_loss":0}],"is_beta":false,"boss_relics":[],"items_purged_floors":[],"is_endless":false,"potions_floor_spawned":[10,11,13],"killed_by":"Hexaghost","ascension_level":9}}