{"host":"8u40nq559zpgb6zp","time":1608740927,"event":{"mods":["Aspiration","Bard","BaseMod","Beaked The Cultist","Better Altar","Better Match","Better Note","Better Sensory Stone","Better Skull","Better Third Choice","BetterRewards","CCEM","Clawfect","Conspire","Duelist Mod","Googly Eyes","Halation","Hermit","Highlight Path","Infinite Spire","Jedi Mod","Jorbs\u0027s Wanderer Trilogy","Mad Scientist","Marisa（霧雨　魔理沙）","Minty Spire (QoL Compilation)","Permanent Neow","Replay The Spire","Shade Mod","Shop Mod","Spicy Shops","StSLib","The Bladedancer","The Construct","The Cursed","The Disciple","The Druid","The Gatherer","The Hierophant","The IronCluck","The Jungle","The Mystic","The Necromancer","The Runesmith","The Senshi","The Servant 0.9.4","The Spell Scribe","The Witch","slay the spire mod where everything is the same but ironclad has a cowboy hat"],"gold_per_floor":[113,113,113,128,128,162,162,185,185,209,229,248,282,296,296,425,425,438,40,40,60,78,78,78,78,78,103,103,103,139,139,139,262,262,282,303,324,324,324,324,355,355,355,355,355],"floor_reached":44,"playtime":3389,"items_purged":[],"score":543,"play_id":"8b609c00-938b-4b64-9900-97addd95ca5a","local_time":"20201223112847","is_ascension_mode":false,"campfire_choices":[{"data":"Chill_Blood","floor":7,"key":"SMITH"},{"floor":15,"key":"DIG"},{"floor":23,"key":"REST"},{"floor":25,"key":"REST"},{"floor":28,"key":"REST"},{"data":"Summon_Vampire_Lady","floor":32,"key":"SMITH"},{"floor":40,"key":"RECALL"},{"floor":42,"key":"REST"},{"data":"infinitespire:NeuralNetwork","floor":42,"key":"SMITH"}],"circlet_count":0,"master_deck":["Strike_W","Strike_W","Strike_W","Defend_W","Defend_W","Defend_W","Defend_W","Negative_Energy_Arrows+1","Bone_Wall","Death_March_Dance+1","Negative_Energy_Sphere","Chill_Blood+1","Acid_Javelin+1","Bone_Armory+1","Finger_Of_Death+1","Bones_to_Steel","Hellfire+1","Requiem+1","Bone_Armory","Thousand_Bone_Knives+1","Thousand_Bone_Knives+1","Bone_Bullets+1","Bone_Armor","infinitespire:SevenWalls+1","UnstableBomb+1","Summon_Vampire_Lady+1","MysteriousBeam+1","Detonate_Bones+1","Summon_Death_Knight","DoubleSpark+1","GalacticHalo","MysteriousBeam+1","infinitespire:NeuralNetwork+1","StarBarrage+1","Bone_Armory"],"relics":["Vampire_Amulet","NeowsBlessing","Golden Idol","Molten Egg 2","Kunai","CCEMRelics:DerglesHeadphones","Dream Catcher","halation:Prosthetics","Gremlin Food","Replay:Mystery Machine","aspiration:Nostalgia","theDuelist:CardPoolOptionsRelic","aspiration:MarisaSkillbook","conspire:TopHat","Nloth\u0027s Gift","beaked:SacredDeck","infinitespire:Magic Flask"],"acts_visited":["Exordium","TheCity","TheBeyond"],"potions_floor_usage":[13,16,16,16,16,16,22,22,33,37,44,44,44],"damage_taken":[{"damage":0,"enemies":"Small Slimes","floor":1,"turns":1},{"damage":0,"enemies":"Jaw Worm","floor":4,"turns":1},{"damage":0,"enemies":"Gremlin Nob","floor":6,"turns":1},{"damage":0,"enemies":"2 Louse","floor":8,"turns":2},{"damage":1,"enemies":"Exordium Wildlife","floor":10,"turns":4},{"damage":9,"enemies":"Lots of Slimes","floor":11,"turns":4},{"damage":0,"enemies":"Large Slime","floor":12,"turns":3},{"damage":6,"enemies":"3 Sentries","floor":13,"turns":5},{"damage":0,"enemies":"2 Fungi Beasts","floor":14,"turns":2},{"damage":37,"enemies":"Fading Forest","floor":16,"turns":11},{"damage":1,"enemies":"Chosen","floor":18,"turns":4},{"damage":25,"enemies":"conspire:FuzzyDice","floor":21,"turns":5},{"damage":16,"enemies":"3 Cultists","floor":22,"turns":6},{"damage":19,"enemies":"Centurion and Healer","floor":27,"turns":5},{"damage":7,"enemies":"theDuelist:KaibaA2","floor":30,"turns":4},{"damage":23,"enemies":"Collector","floor":33,"turns":6},{"damage":15,"enemies":"Orb Walker","floor":35,"turns":3},{"damage":8,"enemies":"3 Shapes","floor":36,"turns":6},{"damage":7,"enemies":"Maw","floor":37,"turns":8},{"damage":40,"enemies":"Nightmare","floor":41,"turns":7},{"damage":8,"enemies":"infinitespire:Three Voidlings","floor":44,"turns":3},{"damage":38,"enemies":"Nightmare_Alpha","floor":44,"turns":2}],"seed_played":"-4294881968567795161","potions_obtained":[{"floor":4,"key":"FearPotion"},{"floor":8,"key":"SteroidPotion"},{"floor":11,"key":"EntropicBrew"},{"floor":14,"key":"EssenceOfSteel"},{"floor":16,"key":"Weak Potion"},{"floor":30,"key":"BlessingOfTheForge"},{"floor":33,"key":"PowerPotion"},{"floor":36,"key":"Energy Potion"},{"floor":37,"key":"jedi:StrikingPotion"},{"floor":41,"key":"Explosive Potion"}],"is_trial":false,"path_per_floor":["M","?","$","M","?","E","R","M","T","M","M","M","E","M","R","B",null,"M","$","?","M","M","R","AVR","R","T","M","R","?","E","?","R","B",null,"M","M","M","?","?","R","NM","R","T","?"],"character_chosen":"NECROMANCER","items_purchased":["Gremlin Food","Replay:Mystery Machine","Thousand_Bone_Knives+1"],"campfire_rested":4,"item_purchase_floors":[19,19,19],"current_hp_per_floor":[75,57,57,59,52,54,54,58,58,61,62,64,64,68,68,43,40,40,40,40,19,9,21,21,33,33,18,30,35,30,30,40,27,40,30,31,40,30,30,30,8,32,32,0,0],"gold":355,"neow_bonus":"THREE_ENEMY_KILL","is_daily":false,"chose_seed":false,"campfire_upgraded":3,"win_rate":0.0,"timestamp":1608740927,"path_taken":["M","?","?","M","?","E","R","M","T","?","M","?","E","M","R","BOSS","M","$","?","M","M","R","AVR","R","T","M","R","?","E","?","R","BOSS","M","M","M","?","?","R","NM","R","T","?"],"items_purchased_type":["Relic","Relic","Card"],"build_version":"2020-12-22","purchased_purges":0,"victory":false,"max_hp_per_floor":[75,75,75,75,75,75,75,75,75,75,75,75,75,75,75,75,40,40,40,40,40,40,40,40,40,40,40,40,40,40,40,40,40,40,40,40,40,40,40,40,40,40,40,40,40],"card_choices":[{"not_picked":["Negative_Energy_Shield","Vampiric_Strike"],"picked":"Death_March_Dance","floor":1},{"not_picked":["Whirlwind_of_Bones","Death_Coil"],"picked":"Negative_Energy_Sphere","floor":4},{"not_picked":["Violent_Necrosis","Epidemic"],"picked":"Chill_Blood","floor":6},{"not_picked":["Toxic_Smoke_Screen","Bone_Shift"],"picked":"Acid_Javelin+1","floor":8},{"not_picked":["Consume_Illness","Scare"],"picked":"Bone_Armory","floor":10},{"not_picked":["Bones_to_Steel","Flesh_Made_Foul+1"],"picked":"Finger_Of_Death+1","floor":11},{"not_picked":["Bone_Armor","Vampiric_Strike+1"],"picked":"Bones_to_Steel","floor":12},{"not_picked":["Summon_Undead_Army","Blood_Whip+1"],"picked":"Hellfire+1","floor":13},{"not_picked":["Stop_Heart","Bone_Shift"],"picked":"Bones_to_Steel","floor":14},{"not_picked":["Negative_Energy_Bomb+1","Blood_Magic"],"picked":"Requiem+1","floor":16},{"not_picked":["Bone_Armor","Bone_Prison+1"],"picked":"Bone_Armory","floor":18},{"not_picked":["Corrupt","Toxic_Smoke_Screen+1"],"picked":"Thousand_Bone_Knives+1","floor":21},{"not_picked":["Bone_Spikes+1","Bones_to_Steel+1"],"picked":"Bone_Bullets+1","floor":22},{"not_picked":["Finger_Of_Death+1","Vampiric_Strike+1"],"picked":"Bone_Armor","floor":23},{"not_picked":["Bones_to_Steel+1","Epidemic","Plague_Bolt+1"],"picked":"UnstableBomb+1","floor":25},{"not_picked":["Bones_to_Steel","ShootingEcho+1","Bone_Prison+1"],"picked":"Summon_Vampire_Lady","floor":27},{"not_picked":["Finger_Of_Death+1","Exploit+1","Chill_Blood"],"picked":"MysteriousBeam+1","floor":30},{"not_picked":["StarDustReverie","Blood_Magic","MaximisePower"],"picked":"Detonate_Bones+1","floor":33},{"not_picked":["Shackles_Of_Pain+1","Consume_Illness+1","AsteroidBelt+1"],"picked":"DoubleSpark+1","floor":35},{"not_picked":["OortCloud","Negative_Energy_Shield+1","DarkMatter"],"picked":"GalacticHalo","floor":36},{"not_picked":["DarkMatter+1","UnstableBomb+1","Finger_Of_Death+1"],"picked":"MysteriousBeam+1","floor":37},{"not_picked":["infinitespire:FinalStrike","ReplayTheSpireMod:Echoes of Time"],"picked":"infinitespire:NeuralNetwork","floor":38},{"not_picked":["Bones_to_Steel+1","EscapeVelocity","Shade_Step+1"],"picked":"StarBarrage+1","floor":41},{"not_picked":["Pandemic","ChargingUp","Death_March_Dance+1"],"picked":"Bone_Armory","floor":42}],"player_experience":937307,"relics_obtained":[{"floor":6,"key":"Molten Egg 2"},{"floor":9,"key":"Kunai"},{"floor":13,"key":"CCEMRelics:DerglesHeadphones"},{"floor":15,"key":"Dream Catcher"},{"floor":30,"key":"conspire:TopHat"},{"floor":41,"key":"infinitespire:Magic Flask"}],"event_choices":[{"damage_healed":0,"gold_gain":0,"player_choice":"Take Damage","damage_taken":18,"relics_obtained":["Golden Idol"],"max_hp_gain":0,"max_hp_loss":0,"event_name":"Golden Idol","floor":2,"gold_loss":0},{"cards_removed":["Strike_W"],"damage_healed":0,"gold_gain":0,"player_choice":"Card Removal","damage_taken":7,"max_hp_gain":0,"max_hp_loss":0,"event_name":"Golden Wing","floor":5,"gold_loss":0},{"damage_healed":0,"gold_gain":0,"player_choice":"Trade","damage_taken":0,"relics_obtained":["NlothsMask"],"max_hp_gain":0,"max_hp_loss":0,"event_name":"FaceTrader","floor":20,"gold_loss":0},{"cards_removed":["Bones_to_Steel"],"damage_healed":5,"gold_gain":0,"player_choice":"Offered Common","damage_taken":0,"max_hp_gain":0,"max_hp_loss":0,"event_name":"Bonfire Elementals","floor":29,"gold_loss":0},{"cards_removed":["Bones_to_Steel"],"damage_healed":5,"gold_gain":0,"player_choice":"Offered Special","damage_taken":0,"max_hp_gain":0,"max_hp_loss":0,"event_name":"Bonfire Elementals","floor":29,"gold_loss":0},{"damage_healed":0,"gold_gain":0,"player_choice":"Traded Relic","damage_taken":0,"relics_obtained":["Nloth\u0027s Gift"],"max_hp_gain":0,"max_hp_loss":0,"event_name":"N\u0027loth","floor":31,"relics_lost":["NlothsMask"],"gold_loss":0},{"damage_healed":0,"gold_gain":0,"player_choice":"Ignored","damage_taken":0,"max_hp_gain":0,"max_hp_loss":0,"event_name":"Tomb of Lord Red Mask","floor":39,"gold_loss":0}],"is_beta":false,"boss_relics":[{"not_picked":["SlaversCollar","infinitespire:Cupcake"],"picked":"halation:Prosthetics"},{"not_picked":["ReplayTheSpireMod:SealedPack","ReplayTheSpireMod:DimensionalGlitch"],"picked":"beaked:SacredDeck"}],"items_purged_floors":[],"is_endless":false,"potions_floor_spawned":[4,8,11,12,14,16,30,33,36,37,41,44],"killed_by":"Nightmare_Alpha","ascension_level":0}}