{"host":"xhamcave7q47vrco","time":1608723927,"event":{"mods":["ATMod(°¢èªMod)","AchievementEnabler","BaseMod","BetterRewards","Card Forge","Colored Powertips","Minty Spire (QoL Compilation)","Permanent Neow","Quick Restart","Remove Card Discount Mod","Shop Mod","StSLib","¡¾ÒÅÎï¿¨ÅÆ¡¿REMEMod"],"gold_per_floor":[117,292,242,242,256,256,286,304,380,405,423,46,62,74,74,171,171,244,244,159,258,277,277,303,303,303,328,348,361,373,448,448,550,550,569,532,545,561,578,609,624,624,669,436,447,249,262,291,291,291,291,291,218,249,249],"floor_reached":56,"playtime":2512,"items_purged":["Heavy Blade+1"],"score":1900,"play_id":"4542de7e-8df4-4202-b14d-cf05481db8cd","local_time":"20201223194527","is_ascension_mode":true,"campfire_choices":[{"data":"Inflame","floor":6.0,"key":"SMITH"},{"data":"AT_ShrugMaster","floor":15.0,"key":"SMITH"},{"data":"Limit Break","floor":23.0,"key":"SMITH"},{"data":"Trip","floor":25.0,"key":"SMITH"},{"floor":32,"key":"RECALL"},{"floor":49,"key":"REST"},{"floor":52,"key":"REST"}],"circlet_count":0,"master_deck":["Whirlwind+1","Pummel+1","Shockwave+1","Reaper+1","Inflame+1","Inflame+1","AT_ShrugMaster+1","Limit Break+1","AT_IchimonjiDouble+1","Trip+1","Heavy Blade+1","Pummel+1","REME_FirmDetermination+1"],"relics":["Hammer of Thor","Seething Fire","Anvil of the Gods","REME_ComplimentaryCards","AT_ATBox","REME_LowDesire","AT_SeraphEmbrace","AT_EbonyIvory","Potion Belt","Whetstone","Membership Card","Molten Egg 2","Philosopher\u0027s Stone","Bag of Preparation","Sundial","Toxic Egg 2","Question Card","AT_TrinityForce","AT_RedTearstoneRing","Regal Pillow","Singing Bowl","Chemical X","OrangePellets","Mummified Hand","Self Forming Clay","Lee\u0027s Waffle","Magic Flower"],"acts_visited":["Exordium","TheCity","TheBeyond","TheEnding"],"potions_floor_usage":[],"damage_taken":[{"damage":0.0,"enemies":"2 Louse","floor":1.0,"turns":1.0},{"damage":7.0,"enemies":"Small Slimes","floor":5.0,"turns":3.0},{"damage":0.0,"enemies":"Gremlin Nob","floor":7.0,"turns":2.0},{"damage":0.0,"enemies":"Cultist","floor":8.0,"turns":2.0},{"damage":20.0,"enemies":"3 Sentries","floor":10.0,"turns":3.0},{"damage":0.0,"enemies":"Looter","floor":11.0,"turns":2.0},{"damage":9.0,"enemies":"Blue Slaver","floor":13.0,"turns":4.0},{"damage":0.0,"enemies":"2 Fungi Beasts","floor":14.0,"turns":3.0},{"damage":17.0,"enemies":"Hexaghost","floor":16.0,"turns":5.0},{"damage":0.0,"enemies":"Spheric Guardian","floor":18.0,"turns":3.0},{"damage":28.0,"enemies":"2 Thieves","floor":22.0,"turns":4.0},{"damage":40.0,"enemies":"Gremlin Leader","floor":24.0,"turns":4.0},{"damage":6.0,"enemies":"REME_1_Revenger","floor":27.0,"turns":4.0},{"damage":6.0,"enemies":"3 Cultists","floor":28.0,"turns":4.0},{"damage":0.0,"enemies":"Snecko","floor":29.0,"turns":3.0},{"damage":0.0,"enemies":"Centurion and Healer","floor":30.0,"turns":2.0},{"damage":0,"enemies":"Champ","floor":33,"turns":3},{"damage":0,"enemies":"3 Darklings","floor":35,"turns":1},{"damage":0,"enemies":"3 Shapes","floor":37,"turns":2},{"damage":0,"enemies":"Writhing Mass","floor":38,"turns":2},{"damage":8,"enemies":"Sphere and 2 Shapes","floor":39,"turns":2},{"damage":0,"enemies":"Nemesis","floor":40,"turns":1},{"damage":0,"enemies":"Maw","floor":41,"turns":2},{"damage":0,"enemies":"3 Darklings","floor":45,"turns":1},{"damage":0,"enemies":"Jaw Worm Horde","floor":47,"turns":1},{"damage":0,"enemies":"Reptomancer","floor":48,"turns":1},{"damage":23,"enemies":"Time Eater","floor":50,"turns":3},{"damage":0,"enemies":"Shield and Spear","floor":54,"turns":1},{"damage":29,"enemies":"The Heart","floor":55,"turns":3}],"seed_played":"4994789839693544560","potions_obtained":[{"floor":7.0,"key":"Dexterity Potion"},{"floor":8.0,"key":"REME_GoldPotion"},{"floor":13.0,"key":"BlessingOfTheForge"},{"floor":14.0,"key":"DuplicationPotion"},{"floor":16.0,"key":"PowerPotion"},{"floor":22.0,"key":"Fruit Juice"},{"floor":24.0,"key":"SkillPotion"},{"floor":29.0,"key":"FearPotion"},{"floor":37,"key":"Strength Potion"},{"floor":48,"key":"FairyPotion"}],"is_trial":false,"path_per_floor":["M","?","?","?","M","R","E","M","T","E","M","$","M","M","R","B",null,"M","?","?","?","M","R","E","R","T","E","M","M","M","?","R","B",null,"M","$","M","M","M","E","M","?","T","$","M","$","M","E","R","B",null,"R","$","E","B",null],"character_chosen":"IRONCLAD","items_purchased":["Membership Card","Molten Egg 2","AT_ShrugMaster","AT_FamilyPortrait","LiquidBronze","Singing Bowl","Chemical X","Pummel+1","OrangePellets","Mummified Hand","Lee\u0027s Waffle"],"campfire_rested":2,"item_purchase_floors":[12,12,12,12,36,44,44,44,46,46,53],"current_hp_per_floor":[72,72,72,72,73,73,73,76,76,80,80,80,76,76,76,59,75,75,75,75,75,75,75,82,82,82,76,73,80,80,72,72,72,82,82,82,82,82,85,85,85,85,85,85,87,87,89,89,89,66,83,89,96,98,69],"gold":249,"neow_bonus":"BOSS_RELIC","is_daily":false,"chose_seed":false,"campfire_upgraded":4,"win_rate":0.0,"timestamp":1608723927,"path_taken":["M","?","?","?","M","R","E","M","T","E","M","$","?","M","R","BOSS","M","?","?","?","M","R","E","R","T","E","M","M","M","?","R","BOSS","M","$","M","M","M","E","?","?","T","?","?","$","M","E","R","BOSS","R","$","E","BOSS"],"items_purchased_type":["Relic","Relic","Card","Card","Potion","Relic","Relic","Card","Relic","Relic","Relic"],"build_version":"2020-12-22","purchased_purges":1,"victory":true,"max_hp_per_floor":[80,80,80,80,80,80,80,80,80,80,80,80,80,80,80,80,80,80,80,80,80,85,85,85,85,85,85,85,85,85,85,85,85,85,85,85,85,85,85,85,85,85,85,85,87,87,89,89,89,89,89,89,96,98,98],"card_choices":[{"not_picked":["Wild Strike","Armaments","Combust","AT_TearsDenial"],"picked":"SKIP","floor":1.0},{"not_picked":["AT_ManFootWork","AT_DrawKnifeCut","AT_FalsePromise"],"picked":"Inflame","floor":5.0},{"not_picked":["AT_ManFootWork","Warcry","Cleave"],"picked":"Thinking Ahead","floor":7.0},{"not_picked":["Disarm","Clothesline","Warcry"],"picked":"Secret Technique","floor":8.0},{"not_picked":["True Grit","Shockwave","HandOfGreed"],"picked":"Armaments","floor":10.0},{"not_picked":["Perfected Strike","Battle Trance","Intimidate"],"picked":"Forethought","floor":11.0},{"not_picked":["Clash+1","Anger+1","AT_BodySlamDance","PanicButton"],"picked":"SKIP","floor":13.0},{"not_picked":["Searing Blow+1","True Grit","Dropkick+1","Deep Breath"],"picked":"SKIP","floor":14.0},{"not_picked":["Bludgeon+1","Juggernaut","AT_BreakingExtremeWeapon"],"picked":"Limit Break","floor":16.0},{"not_picked":["Burning Pact","AT_IchimonjiDouble+1","REME_MawOfCthun"],"picked":"Heavy Blade+1","floor":18.0},{"not_picked":["Clash+1","Iron Wave+1","Rage+1"],"picked":"Trip","floor":22.0},{"not_picked":["Feed+1","Body Slam+1","Havoc","REME_BodyOfCthun"],"picked":"SKIP","floor":24.0},{"not_picked":["Flame Barrier+1","Sword Boomerang+1","Thunderclap+1","Chrysalis+1"],"picked":"SKIP","floor":27.0},{"not_picked":["Anger+1","True Grit+1","Wild Strike+1","Impervious+1","Violence+1"],"picked":"SKIP","floor":28.0},{"not_picked":["Sword Boomerang+1","Power Through+1","Havoc+1","Wild Strike+1","AT_LightSaberMaster"],"picked":"SKIP","floor":29.0},{"not_picked":["Body Slam+1","True Grit+1","Clash+1","Infernal Blade+1","Flash of Steel+1"],"picked":"SKIP","floor":30.0},{"not_picked":["Warcry+1","AT_BodySlamDance+1","Evolve+1","Flex+1","Discovery+1"],"picked":"SKIP","floor":35},{"not_picked":["Pommel Strike+1","Second Wind+1","Rupture","REME_PuzzleBox+1"],"picked":"Heavy Blade+1","floor":37},{"not_picked":["Anger+1","AT_BodySlamDance+1","AT_Dispersion","Clothesline+1","Mayhem"],"picked":"SKIP","floor":38},{"not_picked":["Shrug It Off+1","True Grit+1","REME_Cut+1","Immolate+1","Mind Blast+1"],"picked":"SKIP","floor":39},{"not_picked":["Twin Strike+1","Reaper+1","Searing Blow+1","Iron Wave+1","Apotheosis+1"],"picked":"SKIP","floor":40},{"not_picked":["True Grit+1","Combust+1","Thunderclap+1","Pommel Strike+1","REME_AllRoundStrike+1"],"picked":"SKIP","floor":41},{"not_picked":["Rampage+1","Thunderclap+1","Burning Pact+1","Second Wind+1","REME_ShortnessOfBreath+1"],"picked":"Singing Bowl","floor":45},{"not_picked":["Entrench+1","Sword Boomerang+1","Pommel Strike+1","Searing Blow+1","REME_BodyOfCthun+1"],"picked":"Singing Bowl","floor":47},{"not_picked":["Sever Soul+1","Flex+1","AT_ShrugMaster+1","REME_ACTH+1"],"picked":"REME_FirmDetermination+1","floor":48},{"not_picked":["Intimidate+1","Shrug It Off+1","Heavy Blade+1","Sword Boomerang+1","Blind+1"],"picked":"Singing Bowl","floor":54}],"player_experience":63047,"relics_obtained":[{"floor":0.0,"key":"AT_ArchangelStaff"},{"floor":0.0,"key":"AT_EbonyIvory"},{"floor":7.0,"key":"Potion Belt"},{"floor":10.0,"key":"Whetstone"},{"floor":24.0,"key":"Sundial"},{"floor":26.0,"key":"Toxic Egg 2"},{"floor":27.0,"key":"Question Card"},{"floor":40,"key":"AT_RedTearstoneRing"},{"floor":43,"key":"Regal Pillow"},{"floor":48,"key":"Self Forming Clay"},{"floor":54,"key":"Magic Flower"}],"event_choices":[{"damage_healed":0.0,"max_hp_gain":0.0,"max_hp_loss":0.0,"gold_gain":175.0,"event_name":"Liars Game","player_choice":"AGREE","floor":2.0,"gold_loss":0.0,"damage_taken":0.0,"cards_obtained":["Doubt"]},{"cards_removed":["Strike_R"],"damage_healed":0.0,"max_hp_gain":0.0,"max_hp_loss":0.0,"gold_gain":0.0,"event_name":"Bonfire Elementals","player_choice":"Offered Basic","floor":4.0,"gold_loss":0.0,"damage_taken":0.0},{"damage_healed":0.0,"max_hp_gain":0.0,"max_hp_loss":0.0,"gold_gain":0.0,"event_name":"The Library","player_choice":"Read","floor":19.0,"gold_loss":0.0,"damage_taken":0.0,"cards_obtained":["AT_IchimonjiDouble"]},{"damage_healed":0.0,"max_hp_gain":0.0,"max_hp_loss":0.0,"gold_gain":0.0,"event_name":"Addict","player_choice":"Obtained Relic","floor":20.0,"gold_loss":85.0,"damage_taken":0.0,"relics_obtained":["Bag of Preparation"]},{"damage_healed":0.0,"max_hp_gain":0.0,"max_hp_loss":0.0,"gold_gain":99.0,"event_name":"Nest","player_choice":"Stole From Cult","floor":21.0,"gold_loss":0.0,"damage_taken":0.0},{"damage_healed":0,"gold_gain":75,"player_choice":"Touch","damage_taken":8,"max_hp_gain":0,"max_hp_loss":0,"event_name":"FaceTrader","floor":31,"gold_loss":0},{"damage_healed":0,"gold_gain":0,"player_choice":"Memory 1","damage_taken":0,"max_hp_gain":0,"max_hp_loss":0,"event_name":"SensoryStone","floor":42,"gold_loss":0}],"is_beta":false,"boss_relics":[{"not_picked":["REME_DemonsWealth","Tiny House"],"picked":"Philosopher\u0027s Stone"},{"not_picked":["Calling Bell","Velvet Choker"],"picked":"AT_TrinityForce"}],"items_purged_floors":[44],"is_endless":false,"potions_floor_spawned":[7,8,13,14,16,22,24,29,37,47,48,54],"ascension_level":7}}