{"host":"r5cycnjhcbwgkpkf","time":1608751043,"event":{"mods":["2.2 Compatiblity","AchievementEnabler","BaseMod","Bestiary","Better Match","Better Note","Better Skull","Better Third Choice","BetterRewards","Colored Map","Colored Powertips","Downfall","Googly Eyes","Infinite Spire","Minty Spire (QoL Compilation)","Replay The Spire","Spicy Shops","StSLib"],"gold_per_floor":[99,116,133,43,43,59,59,79,98,98,98,98,98,123,138,138,138,138],"floor_reached":16,"playtime":1107,"items_purged":[],"score":107,"play_id":"9f6aa1f5-1d62-490f-9151-7f90400cdd48","local_time":"20201223111723","is_ascension_mode":true,"campfire_choices":[{"data":"champ:Taunt","floor":11.0,"key":"SMITH"},{"data":"champ:EnragedBash","floor":13.0,"key":"SMITH"}],"circlet_count":0,"master_deck":["champ:Strike","champ:Strike","champ:Strike","champ:Strike","champ:Defend","champ:Defend","champ:Defend","champ:Defend","champ:Execute","champ:Taunt+1","AbeCurse","champ:GutPunch","champ:Backstep","champ:EnragedBash+1","champ:SteelEdge","champ:AdrenalArmor","champ:BringItOn","champ:ShieldSigil"],"relics":["Abe\u0027s Treasure","champ:LiftRelic","Omamori"],"acts_visited":["Exordium"],"potions_floor_usage":[16],"damage_taken":[{"damage":5.0,"enemies":"2 Louse","floor":2.0,"turns":2.0},{"damage":6.0,"enemies":"Cultist","floor":3.0,"turns":3.0},{"damage":10.0,"enemies":"downfall:FleeingMerchant","floor":4.0,"turns":4.0},{"damage":12.0,"enemies":"Jaw Worm","floor":6.0,"turns":4.0},{"damage":25.0,"enemies":"Gremlin Gang","floor":8.0,"turns":5.0},{"damage":14.0,"enemies":"Large Slime","floor":9.0,"turns":5.0},{"damage":18.0,"enemies":"Lagavulin","floor":14.0,"turns":7.0},{"damage":18.0,"enemies":"Gremlin Gang","floor":15.0,"turns":4.0},{"damage":65,"enemies":"downfall:Defect","floor":16,"turns":6}],"seed_played":"2914148324243788714","potions_obtained":[{"floor":2.0,"key":"SteroidPotion"},{"floor":5.0,"key":"EssenceOfSteel"},{"floor":5.0,"key":"Energy Potion"},{"floor":5.0,"key":"Strength Potion"}],"is_trial":false,"path_per_floor":["R_BF","M","M","$","?","M","T","M","M","?","R","?","R","E","M","B"],"character_chosen":"THE_CHAMP","items_purchased":["champ:EnragedBash"],"campfire_rested":0,"item_purchase_floors":[4],"current_hp_per_floor":[90,90,89,89,89,84,84,71,71,71,71,71,71,66,59,0,0,0],"gold":138,"neow_bonus":"BOSS_RELIC","is_daily":false,"chose_seed":false,"campfire_upgraded":2,"win_rate":0.0,"timestamp":1608751043,"path_taken":["R_BF","M","?","$","?","M","T","?","?","?","R","?","R","E","M","BOSS"],"items_purchased_type":["Card"],"build_version":"2020-12-22","purchased_purges":0,"victory":false,"max_hp_per_floor":[90,90,90,90,90,90,90,90,90,90,90,90,90,90,90,90,90,90],"card_choices":[{"not_picked":["champ:FlashCut","champ:RapidStrikes","champ:DefensiveStyle"],"picked":"SKIP","floor":2.0},{"not_picked":["champ:HeartStrike","champ:DefensiveShout"],"picked":"champ:GutPunch","floor":3.0},{"not_picked":["champ:SkillfulDodge","champ:BerserkersShout"],"picked":"champ:Backstep","floor":4.0},{"not_picked":["champ:FocusedDefense","champ:CalledShot"],"picked":"champ:SteelEdge","floor":6.0},{"not_picked":["champ:RecklessLeap","champ:GladiatorStyle"],"picked":"champ:AdrenalArmor","floor":8.0},{"not_picked":["champ:DefensiveShout","champ:AdrenalArmor"],"picked":"champ:BringItOn","floor":9.0},{"not_picked":["champ:FlashCut","champ:DancingMaster"],"picked":"champ:ShieldSigil","floor":14.0},{"not_picked":["champ:CrookedStrike","champ:BladeFlurry","champ:PreciseThrust"],"picked":"SKIP","floor":15.0}],"player_experience":377378,"relics_obtained":[{"floor":14.0,"key":"Omamori"}],"event_choices":[{"damage_healed":0.0,"max_hp_gain":0.0,"max_hp_loss":0.0,"gold_gain":0.0,"event_name":"Lab","player_choice":"Got Potions","floor":5.0,"gold_loss":0.0,"damage_taken":0.0}],"is_beta":false,"boss_relics":[],"items_purged_floors":[],"is_endless":false,"potions_floor_spawned":[2,14,15],"killed_by":"downfall:Defect","ascension_level":1}}