{"host":"an6uhul3yec8m0jh","time":1608738111,"event":{"mods":["ATMod(阿瑾Mod)","Act Like it!","BaseMod","Colored Map","Colored Powertips","Highlight Path","Minty Spire (QoL Compilation)","MostiFishMod","Quick Restart","StSLib","TestMod","UnlockEverythingMod","Waifu the Spire","noobMod"],"gold_per_floor":[217,217,231,24,41,74,88,123,123,123,123,123,123,136,136,212,212,232,242,256,256,267,301,314,341,410,421,421,440,440,472,472,554,554,572,175,188,198,216,226,289,289,289,345,345,745,780,393,393,443,568,568,568,206,291,316],"floor_reached":57,"playtime":4102,"items_purged":["Strike_G+1","Strike_G+1","Strike_G+1"],"score":3793,"play_id":"943174b5-0d56-4a94-91f8-d43f47e56c26","local_time":"20201223234151","is_ascension_mode":true,"campfire_choices":[{"data":"AT_ShadowStep","floor":13.0,"key":"SMITH"},{"data":"AT_FamilyPortrait","floor":15.0,"key":"SMITH"},{"data":"MostiFishMod:ShivMaster","floor":28.0,"key":"SMITH"},{"data":"Tactician","floor":30.0,"key":"SMITH"},{"data":"AT_EmpoweredMortalDraw","floor":32.0,"key":"SMITH"},{"floor":42.0,"key":"RECALL"},{"floor":49,"key":"REST"},{"floor":53,"key":"REST"}],"circlet_count":1,"master_deck":["AscendersBane","Defend_G+1","Defend_G+1","Defend_G+1","Defend_G+1","Defend_G+1","Survivor+1","Neutralize+1","AT_FamilyPortrait+1","Blade Dance+1","MostiFishMod:FrostNova+1","testmod-TaurusBlackCat+1","AT_WindRun+1","Calculated Gamble+1","AT_ShadowStep+1","MostiFishMod:PoisonShield+1","MostiFishMod:HiddenBlade+1","AT_EmpoweredMortalDraw+1","MostiFishMod:PerfectParry+1","Acrobatics+1","Expertise+1","MostiFishMod:ShivMaster+1","Tactician+1","Cloak And Dagger+1","Acrobatics+1","MostiFishMod:Confrontation+1","MostiFishMod:MusicBox+1","AT_EmpoweredMortalDraw+1","AT_KingSlayer+1","testmod-TradeIn+1"],"relics":["Ring of the Snake","ice","DaveBox","AT_ATBox","DSteel32","testmod-ChristmasGift","Circlet","Toy Ornithopter","testmod-TurbochargingSystem","Mummified Hand","AT_MortalBlade","Molten Egg 2","AT_BellDemon","Sundial","Bottled Tornado","Unceasing Top","CeramicFish","Art of War","Transparent","Nunchaku","testmod-Register","testmod-IndustrialRevolution","Potion Belt","Tingsha","AT_MibuBalloonWealth","Pen Nib","AT_SpeedBoots","AT_RedNoBalance","Ancient Tea Set","Singing Bowl","Membership Card","AT_RedTearstoneRing","Whetstone","testmod-ArcanaOfDestiny","HandDrill","Shuriken","Boot"],"acts_visited":["Exordium","TheCity","TheBeyond","TheEnding"],"potions_floor_usage":[50,50],"damage_taken":[{"damage":7.0,"enemies":"Small Slimes","floor":1.0,"turns":2.0},{"damage":0.0,"enemies":"2 Louse","floor":3.0,"turns":2.0},{"damage":0.0,"enemies":"Jaw Worm","floor":5.0,"turns":3.0},{"damage":32.0,"enemies":"Gremlin Nob","floor":6.0,"turns":5.0},{"damage":0.0,"enemies":"Large Slime","floor":7.0,"turns":3.0},{"damage":15.0,"enemies":"Lagavulin","floor":8.0,"turns":6.0},{"damage":5.0,"enemies":"Blue Slaver","floor":14.0,"turns":2.0},{"damage":9.0,"enemies":"The Guardian","floor":16.0,"turns":4.0},{"damage":0.0,"enemies":"3 Byrds","floor":18.0,"turns":2.0},{"damage":11.0,"enemies":"2 Thieves","floor":19.0,"turns":2.0},{"damage":0.0,"enemies":"Snake Plant","floor":20.0,"turns":2.0},{"damage":6.0,"enemies":"Chosen and Byrds","floor":22.0,"turns":3.0},{"damage":0.0,"enemies":"Slavers","floor":23.0,"turns":2.0},{"damage":11.0,"enemies":"Cultist and Chosen","floor":24.0,"turns":5.0},{"damage":5.0,"enemies":"Book of Stabbing","floor":25.0,"turns":3.0},{"damage":12.0,"enemies":"Centurion and Healer","floor":27.0,"turns":5.0},{"damage":42.0,"enemies":"Snake Plant","floor":29.0,"turns":3.0},{"damage":35.0,"enemies":"Slavers","floor":31.0,"turns":2.0},{"damage":16.0,"enemies":"Automaton","floor":33.0,"turns":4.0},{"damage":6.0,"enemies":"3 Shapes","floor":35.0,"turns":1.0},{"damage":6.0,"enemies":"Orb Walker","floor":37.0,"turns":1.0},{"damage":12.0,"enemies":"Maw","floor":38.0,"turns":2.0},{"damage":12.0,"enemies":"Spire Growth","floor":40.0,"turns":2.0},{"damage":18.0,"enemies":"Nemesis","floor":41.0,"turns":3.0},{"damage":19.0,"enemies":"Giant Head","floor":44.0,"turns":3.0},{"damage":30.0,"enemies":"Transient","floor":47.0,"turns":5.0},{"damage":12,"enemies":"Donu and Deca","floor":50,"turns":2},{"damage":18,"enemies":"Awakened One","floor":51,"turns":3},{"damage":6,"enemies":"Shield and Spear","floor":55,"turns":1},{"damage":51,"enemies":"The Heart","floor":56,"turns":4}],"seed_played":"4205570527597720890","potions_obtained":[{"floor":7.0,"key":"ColorlessPotion"},{"floor":27.0,"key":"FearPotion"},{"floor":33.0,"key":"BlessingOfTheForge"},{"floor":37.0,"key":"LiquidMemories"},{"floor":44.0,"key":"Strength Potion"},{"floor":55,"key":"GhostInAJar"}],"is_trial":false,"path_per_floor":["M","?","M","$","M","E","M","E","T","?","?","?","R","M","R","B",null,"M","M","M","?","M","E","M","E","T","M","R","M","R","E","R","B",null,"M","$","M","M","?","M","E","R","T","E","?","?","M","$","R","B","B",null,"R","$","E","B",null],"character_chosen":"THE_SILENT","items_purchased":["testmod-TaurusBlackCat","testmod-Register","testmod-IndustrialRevolution","Membership Card","AT_RedTearstoneRing","Whetstone","testmod-ArcanaOfDestiny","HandDrill","testmod-TradeIn"],"campfire_rested":2,"item_purchase_floors":[4,36,36,48,48,48,54,54,54],"current_hp_per_floor":[55,55,61,61,66,66,66,55,55,35,28,28,28,29,29,62,65,66,55,61,61,57,60,58,61,61,57,57,32,32,14,14,54,64,67,67,67,67,57,67,67,67,67,67,64,64,59,59,66,66,66,66,66,66,68,68],"gold":316,"neow_bonus":"HUNDRED_GOLD","is_daily":false,"chose_seed":false,"campfire_upgraded":5,"win_rate":0.0,"timestamp":1608738111,"path_taken":["M","?","M","$","M","E","M","E","T","?","?","?","R","?","R","BOSS","M","M","M","?","M","E","M","E","T","M","R","M","R","E","R","BOSS","M","$","M","M","?","M","E","R","T","E","?","?","M","?","R","BOSS","BOSS","R","$","E","BOSS"],"items_purchased_type":["Card","Relic","Relic","Relic","Relic","Relic","Relic","Relic","Card"],"build_version":"2020-12-22","purchased_purges":3,"victory":true,"max_hp_per_floor":[66,66,66,66,66,66,66,66,66,66,66,66,66,66,66,66,66,66,66,66,66,66,66,66,66,66,66,66,66,66,66,66,67,67,67,67,67,67,67,67,67,67,67,67,64,64,66,66,66,66,66,66,66,66,68,68],"card_choices":[{"not_picked":["Dagger Spray","Outmaneuver"],"picked":"Blade Dance","floor":1.0},{"not_picked":["AT_Desolate","Deflect"],"picked":"MostiFishMod:FrostNova","floor":3.0},{"not_picked":["Sucker Punch","Cloak And Dagger"],"picked":"AT_WindRun","floor":5.0},{"not_picked":["Distraction","Poisoned Stab"],"picked":"Calculated Gamble","floor":6.0},{"not_picked":["Footwork","Sucker Punch","Deadly Poison"],"picked":"SKIP","floor":7.0},{"not_picked":["Tactician","Caltrops"],"picked":"AT_ShadowStep","floor":8.0},{"not_picked":["All Out Attack","Deadly Poison"],"picked":"MostiFishMod:PoisonShield","floor":14.0},{"not_picked":["MostiFishMod:Neurotoxin","MostiFishMod:FullyArmed"],"picked":"MostiFishMod:HiddenBlade","floor":16.0},{"not_picked":["Deadly Poison","MostiFishMod:PoisonShield","Outmaneuver"],"picked":"SKIP","floor":18.0},{"not_picked":["Deflect+1","Calculated Gamble"],"picked":"MostiFishMod:PerfectParry","floor":19.0},{"not_picked":["Cloak And Dagger","Dodge and Roll"],"picked":"Acrobatics","floor":20.0},{"not_picked":["Riddle With Holes","Deadly Poison+1"],"picked":"Expertise","floor":22.0},{"not_picked":["Dagger Spray+1","MostiFishMod:LethalBlade"],"picked":"MostiFishMod:ShivMaster","floor":23.0},{"not_picked":["Flechettes+1","Backstab+1"],"picked":"Tactician","floor":24.0},{"not_picked":["All Out Attack+1","Poisoned Stab+1","Bane+1"],"picked":"SKIP","floor":25.0},{"not_picked":["Terror","Quick Slash+1"],"picked":"Cloak And Dagger+1","floor":27.0},{"not_picked":["Underhanded Strike+1","Sucker Punch+1"],"picked":"Acrobatics","floor":29.0},{"not_picked":["Flying Knee+1","Poisoned Stab+1","Deadly Poison"],"picked":"SKIP","floor":31.0},{"not_picked":["Well Laid Plans","Tools of the Trade"],"picked":"MostiFishMod:Confrontation","floor":33.0},{"not_picked":["Deflect+1","Terror","MostiFishMod:ThornCasing"],"picked":"SKIP","floor":35.0},{"not_picked":["Dagger Spray+1","AT_WindRun","Deflect"],"picked":"SKIP","floor":37.0},{"not_picked":["Bane+1","Choke+1","Underhanded Strike+1"],"picked":"SKIP","floor":38.0},{"not_picked":["MostiFishMod:ButterFly+1","MostiFishMod:SupremeArchaeology"],"picked":"MostiFishMod:MusicBox","floor":39.0},{"not_picked":["testmod-Reproduce","Madness"],"picked":"AT_EmpoweredMortalDraw+1","floor":39.0},{"not_picked":["MostiFishMod:PoisonShield+1","Acrobatics","Noxious Fumes+1"],"picked":"SKIP","floor":40.0},{"not_picked":["Prepared","AT_ArcaneSupremacy"],"picked":"AT_KingSlayer+1","floor":41.0},{"not_picked":["Prepared","MostiFishMod:PreservedThorns","Dagger Throw+1"],"picked":"SKIP","floor":44.0},{"not_picked":["Deadly Poison+1","Dagger Throw+1","Deflect"],"picked":"Singing Bowl","floor":47},{"not_picked":["MostiFishMod:VineMother","MostiFishMod:FrostNova+1","Masterful Stab+1"],"picked":"Singing Bowl","floor":55}],"player_experience":152063,"relics_obtained":[{"floor":1.0,"key":"SynthV:TestCard"},{"floor":6.0,"key":"Toy Ornithopter"},{"floor":8.0,"key":"testmod-TurbochargingSystem"},{"floor":9.0,"key":"Mummified Hand"},{"floor":23.0,"key":"Molten Egg 2"},{"floor":25.0,"key":"AT_BellDemon"},{"floor":26.0,"key":"Sundial"},{"floor":27.0,"key":"Bottled Tornado"},{"floor":29.0,"key":"Unceasing Top"},{"floor":31.0,"key":"CeramicFish"},{"floor":31.0,"key":"Art of War"},{"floor":35.0,"key":"Nunchaku"},{"floor":37.0,"key":"Potion Belt"},{"floor":38.0,"key":"Tingsha"},{"floor":40.0,"key":"AT_MibuBalloonWealth"},{"floor":41.0,"key":"Pen Nib"},{"floor":41.0,"key":"AT_SpeedBoots"},{"floor":44.0,"key":"AT_SilverBalance"},{"floor":44.0,"key":"Ancient Tea Set"},{"floor":47,"key":"Singing Bowl"},{"floor":55,"key":"Shuriken"},{"floor":55,"key":"Boot"}],"event_choices":[{"damage_healed":0.0,"max_hp_gain":0.0,"max_hp_loss":0.0,"gold_gain":0.0,"event_name":"Scrap Ooze","player_choice":"Fled","floor":2.0,"gold_loss":0.0,"damage_taken":0.0},{"damage_healed":0.0,"max_hp_gain":0.0,"max_hp_loss":0.0,"gold_gain":0.0,"event_name":"Shining Light","player_choice":"Entered Light","floor":10.0,"gold_loss":0.0,"damage_taken":20.0,"cards_upgraded":["Defend_G","Survivor"]},{"cards_removed":["Strike_G"],"damage_healed":0.0,"max_hp_gain":0.0,"max_hp_loss":0.0,"gold_gain":0.0,"event_name":"Golden Wing","player_choice":"Card Removal","floor":11.0,"gold_loss":0.0,"damage_taken":7.0},{"damage_healed":0.0,"max_hp_gain":0.0,"max_hp_loss":0.0,"gold_gain":0.0,"event_name":"给自己的盒子","player_choice":"Ignored","floor":12.0,"gold_loss":0.0,"damage_taken":0.0},{"cards_removed":["Strike_G"],"damage_healed":0.0,"max_hp_gain":0.0,"max_hp_loss":0.0,"gold_gain":0.0,"event_name":"Back to Basics","player_choice":"Elegance","floor":21.0,"gold_loss":0.0,"damage_taken":0.0},{"damage_healed":0.0,"max_hp_gain":0.0,"max_hp_loss":0.0,"gold_gain":0.0,"event_name":"SensoryStone","player_choice":"Memory 3","floor":39.0,"gold_loss":0.0,"damage_taken":10.0},{"damage_healed":0.0,"max_hp_gain":0.0,"max_hp_loss":3.0,"gold_gain":0.0,"event_name":"Winding Halls","player_choice":"Max HP","floor":45.0,"gold_loss":0.0,"damage_taken":0.0},{"damage_healed":0.0,"max_hp_gain":0.0,"max_hp_loss":0.0,"gold_gain":400.0,"event_name":"恩洛斯的盘子","player_choice":"Sell","floor":46.0,"relics_lost":["testmod-TestBox"],"gold_loss":0.0,"damage_taken":0.0}],"is_beta":false,"boss_relics":[{"not_picked":["testmod-Nine","testmod-Recursion"],"picked":"AT_MortalBlade"},{"not_picked":["testmod-SaigiyounoYou","GreenFoldingFan"],"picked":"Transparent"}],"items_purged_floors":[36,48,54],"is_endless":false,"potions_floor_spawned":[5,6,7,14,18,23,27,29,33,37,44,55],"ascension_level":20}}