{"host":"qwttrqaysb380yri","time":1608734027,"event":{"mods":["BaseMod","Custom Start","Minty Spire (QoL Compilation)","Permanent Neow","Puzzle Mod","Relic Stats","StSLib","The Cursed","The Hierophant"],"gold_per_floor":[110,110,124,139,150,150,181,181,205,266,283,315,315,325,325,370,370,388,388,398,398,371,395,395,380,403,412,431,431,496,574,574,647,647,710,710,635,735,735,800,800,904,982,979,992,992,1042,1143,1143,1023],"floor_reached":51,"playtime":2132,"items_purged":["hierophant:Punish"],"score":1714,"play_id":"cf31a682-0ebe-42c6-aad5-f2e7b9b2ee01","local_time":"20201223153347","is_ascension_mode":true,"campfire_choices":[{"data":"hierophant:FlamingChariot","floor":6,"key":"SMITH"},{"data":"hierophant:Embezzle","floor":8,"key":"SMITH"},{"floor":13,"key":"REST"},{"data":"hierophant:Purify","floor":15,"key":"SMITH"},{"floor":24,"key":"REST"},{"data":"hierophant:ChurchCoffers","floor":32,"key":"SMITH"},{"data":"hierophant:BulkyChest","floor":41,"key":"SMITH"},{"data":"Apotheosis","floor":46,"key":"SMITH"},{"data":"hierophant:AuricBeam","floor":49,"key":"SMITH"}],"circlet_count":0,"master_deck":["AscendersBane","hierophant:Strike_Hierophant+1","hierophant:Strike_Hierophant+1","hierophant:Strike_Hierophant+1","hierophant:Defend_Hierophant+1","hierophant:Defend_Hierophant+1","hierophant:Defend_Hierophant+1","hierophant:ChurchCoffers+1","hierophant:Embezzle+1","hierophant:Community","hierophant:FieryStrike","hierophant:HolyVerse","hierophant:FlamingChariot+1","hierophant:Kindle","hierophant:AuricBeam+1","hierophant:Purify+1","hierophant:Kindle","hierophant:Shelter","hierophant:HammerAndAnvil","hierophant:Shelter","hierophant:Purify+1","hierophant:OrnateBuckler","hierophant:BulkyChest+1","hierophant:Zeal","Trip","Apotheosis+1","hierophant:AuricBeam+1"],"relics":["hierophant:PropheticMaskRelic","Ancient Tea Set","Vajra","Lantern","Letter Opener","Velvet Choker","Eternal Feather","Gambling Chip","Bag of Preparation","Oddly Smooth Stone","Thread and Needle","Philosopher\u0027s Stone","Singing Bowl","Mummified Hand","Bag of Marbles"],"acts_visited":["Exordium","TheCity","TheBeyond"],"potions_floor_usage":[7,10,12,16,22,23],"damage_taken":[{"damage":2,"enemies":"Jaw Worm","floor":1,"turns":3},{"damage":0,"enemies":"Small Slimes","floor":3,"turns":3},{"damage":1,"enemies":"Cultist","floor":4,"turns":3},{"damage":7,"enemies":"Lots of Slimes","floor":5,"turns":2},{"damage":20,"enemies":"3 Sentries","floor":7,"turns":6},{"damage":5,"enemies":"3 Sentries","floor":10,"turns":5},{"damage":11,"enemies":"Blue Slaver","floor":11,"turns":3},{"damage":0,"enemies":"Gremlin Nob","floor":12,"turns":2},{"damage":0,"enemies":"2 Fungi Beasts","floor":14,"turns":2},{"damage":0,"enemies":"Slime Boss","floor":16,"turns":2},{"damage":7,"enemies":"Chosen","floor":18,"turns":2},{"damage":12,"enemies":"2 Thieves","floor":20,"turns":3},{"damage":13,"enemies":"Chosen and Byrds","floor":22,"turns":3},{"damage":18,"enemies":"Book of Stabbing","floor":23,"turns":3},{"damage":7,"enemies":"Slavers","floor":25,"turns":3},{"damage":5,"enemies":"Gremlin Leader","floor":27,"turns":4},{"damage":5,"enemies":"Centurion and Healer","floor":28,"turns":4},{"damage":6,"enemies":"Shelled Parasite and Fungi","floor":30,"turns":3},{"damage":5,"enemies":"Book of Stabbing","floor":31,"turns":2},{"damage":22,"enemies":"Collector","floor":33,"turns":3},{"damage":0,"enemies":"Orb Walker","floor":35,"turns":2},{"damage":19,"enemies":"3 Darklings","floor":38,"turns":6},{"damage":0,"enemies":"Reptomancer","floor":40,"turns":1},{"damage":0,"enemies":"4 Shapes","floor":42,"turns":5},{"damage":17,"enemies":"Jaw Worm Horde","floor":44,"turns":3},{"damage":10,"enemies":"Giant Head","floor":45,"turns":2},{"damage":0,"enemies":"3 Darklings","floor":48,"turns":6},{"damage":0,"enemies":"Time Eater","floor":50,"turns":1}],"seed_played":"7703099663001329704","potions_obtained":[{"floor":1,"key":"BlessingOfTheForge"},{"floor":3,"key":"DistilledChaos"},{"floor":10,"key":"LiquidMemories"},{"floor":14,"key":"DistilledChaos"},{"floor":16,"key":"Weak Potion"},{"floor":18,"key":"SkillPotion"},{"floor":22,"key":"FairyPotion"},{"floor":28,"key":"Ancient Potion"}],"is_trial":false,"path_per_floor":["M","?","M","M","M","R","E","R","T","?","M","E","R","M","R","B",null,"M","$","M","?","M","E","R","E","T","E","M","?","M","E","R","B",null,"M","?","$","M","?","E","R","M","T","M","E","R","?","M","R","B",null],"character_chosen":"HIEROPHANT","items_purchased":[],"campfire_rested":2,"item_purchase_floors":[],"current_hp_per_floor":[66,66,66,65,58,58,38,38,38,33,22,22,44,44,44,44,67,60,60,48,48,35,17,51,44,44,39,34,34,28,23,38,16,60,60,50,50,31,75,77,77,79,79,64,56,71,71,73,85,85],"gold":1023,"neow_bonus":"TRANSFORM_CARD","is_daily":false,"chose_seed":false,"campfire_upgraded":7,"win_rate":0.0,"timestamp":1608734027,"path_taken":["M","?","M","M","M","R","E","R","T","?","?","E","R","?","R","BOSS","M","$","?","?","M","E","R","E","T","E","M","?","M","E","R","BOSS","M","?","$","M","?","E","R","?","T","M","E","R","?","M","R","BOSS"],"items_purchased_type":[],"build_version":"2020-12-22","purchased_purges":1,"victory":true,"max_hp_per_floor":[75,75,75,75,75,75,75,75,75,75,75,75,75,75,75,75,75,75,75,75,75,75,75,75,75,75,75,75,75,75,75,75,75,75,75,75,75,75,75,77,77,79,79,81,83,83,83,85,85,85],"relic_stats":{"Singing Bowl":10,"counters":[28,87],"Mummified Hand":[4],"Gambling Chip":[54],"Eternal Feather":54,"Bag of Preparation":[26],"Letter Opener":[152],"obtain_stats":[{"Lantern":10,"Singing Bowl":40,"hierophant:PropheticMaskRelic":0,"Vajra":9,"Velvet Choker":17,"Oddly Smooth Stone":27,"Eternal Feather":23,"Thread and Needle":31,"Bag of Preparation":26,"Letter Opener":12,"Ancient Tea Set":7,"Mummified Hand":43,"Gambling Chip":25,"Philosopher\u0027s Stone":34,"Bag of Marbles":45},{"Lantern":6,"Singing Bowl":23,"hierophant:PropheticMaskRelic":0,"Vajra":5,"Velvet Choker":10,"Oddly Smooth Stone":16,"Eternal Feather":14,"Thread and Needle":19,"Bag of Preparation":15,"Letter Opener":8,"Ancient Tea Set":5,"Mummified Hand":24,"Gambling Chip":15,"Philosopher\u0027s Stone":20,"Bag of Marbles":26},{"Lantern":22,"Singing Bowl":70,"hierophant:PropheticMaskRelic":0,"Vajra":17,"Velvet Choker":31,"Oddly Smooth Stone":49,"Eternal Feather":42,"Thread and Needle":58,"Bag of Preparation":45,"Letter Opener":27,"Ancient Tea Set":17,"Mummified Hand":75,"Gambling Chip":45,"Philosopher\u0027s Stone":61,"Bag of Marbles":80}]},"card_choices":[{"not_picked":["hierophant:Endure","hierophant:Shelter"],"picked":"hierophant:Embezzle","floor":1},{"not_picked":["hierophant:Sermon","hierophant:RecallFunds"],"picked":"hierophant:FieryStrike","floor":3},{"not_picked":["hierophant:Smite","hierophant:DisplayOfPower"],"picked":"hierophant:HolyVerse","floor":4},{"not_picked":["hierophant:DisplayOfPower","hierophant:Smite"],"picked":"hierophant:FlamingChariot","floor":5},{"not_picked":["hierophant:HammerAndAnvil","hierophant:SecretStash"],"picked":"hierophant:Kindle","floor":7},{"not_picked":["hierophant:Doubloon","hierophant:AuricBeam","hierophant:AuricShield"],"picked":"SKIP","floor":11},{"not_picked":["hierophant:HammerAndAnvil","hierophant:HolyVerse"],"picked":"hierophant:AuricBeam","floor":12},{"not_picked":["hierophant:Community","hierophant:Doubloon"],"picked":"hierophant:Purify","floor":14},{"not_picked":["hierophant:DivineIntervention","hierophant:Invocation"],"picked":"hierophant:Kindle","floor":16},{"not_picked":["hierophant:FlamingChariot","hierophant:AuricBeam"],"picked":"hierophant:Shelter","floor":18},{"not_picked":["hierophant:Dazzle","hierophant:FieryStrike"],"picked":"hierophant:HammerAndAnvil","floor":20},{"not_picked":["hierophant:Sermon","hierophant:HammerAndAnvil"],"picked":"hierophant:Purify+1","floor":22},{"not_picked":["hierophant:Encroach","hierophant:EyeForCoin"],"picked":"hierophant:OrnateBuckler","floor":23},{"not_picked":["hierophant:Generosity","hierophant:Patience","hierophant:FieryStrike+1"],"picked":"SKIP","floor":25},{"not_picked":["hierophant:DisplayOfPower","hierophant:AuricShield","hierophant:SealAway"],"picked":"SKIP","floor":27},{"not_picked":["hierophant:SealAway","hierophant:Exaltation"],"picked":"hierophant:BulkyChest","floor":28},{"not_picked":["hierophant:EyeForCoin","hierophant:Purify"],"picked":"hierophant:Zeal","floor":30},{"not_picked":["hierophant:RustyCrate","hierophant:Prophecy","hierophant:FlamingChariot"],"picked":"SKIP","floor":31},{"not_picked":["hierophant:HolyVerse+1","hierophant:Purify","hierophant:OrnateBuckler"],"picked":"SKIP","floor":35},{"not_picked":["Chrysalis","Purity"],"picked":"Trip","floor":36},{"not_picked":["HandOfGreed","Madness"],"picked":"Apotheosis","floor":36},{"not_picked":["hierophant:Zeal","hierophant:Endure"],"picked":"hierophant:AuricBeam+1","floor":38},{"not_picked":["hierophant:Flagellation","hierophant:Doubloon","hierophant:SealAway+1"],"picked":"Singing Bowl","floor":40},{"not_picked":["hierophant:Remorse","hierophant:Kindle","hierophant:Exaltation+1"],"picked":"Singing Bowl","floor":42},{"not_picked":["hierophant:Zeal","hierophant:Embezzle+1","hierophant:DisplayOfPower"],"picked":"Singing Bowl","floor":44},{"not_picked":["hierophant:Doomsaying","hierophant:Chorus","hierophant:RepressedViolence"],"picked":"Singing Bowl","floor":45},{"not_picked":["hierophant:RepressedViolence","hierophant:SealAway","hierophant:RecallFunds+1"],"picked":"Singing Bowl","floor":48}],"player_experience":1940427,"relics_obtained":[{"floor":7,"key":"Ancient Tea Set"},{"floor":9,"key":"Vajra"},{"floor":10,"key":"Lantern"},{"floor":12,"key":"Letter Opener"},{"floor":23,"key":"Eternal Feather"},{"floor":25,"key":"Gambling Chip"},{"floor":26,"key":"Bag of Preparation"},{"floor":27,"key":"Oddly Smooth Stone"},{"floor":31,"key":"Thread and Needle"},{"floor":40,"key":"Singing Bowl"},{"floor":43,"key":"Mummified Hand"},{"floor":45,"key":"Bag of Marbles"}],"event_choices":[{"damage_healed":0,"gold_gain":0,"cards_transformed":["hierophant:Defend_Hierophant"],"player_choice":"Change","damage_taken":0,"max_hp_gain":0,"max_hp_loss":0,"event_name":"Living Wall","floor":2,"gold_loss":0,"cards_obtained":["hierophant:Community"]},{"damage_healed":0,"gold_gain":30,"player_choice":"Searched \u00272\u0027 times","damage_taken":0,"max_hp_gain":0,"max_hp_loss":0,"event_name":"Dead Adventurer","floor":10,"gold_loss":0},{"damage_healed":0,"gold_gain":0,"player_choice":"Read","damage_taken":0,"max_hp_gain":0,"max_hp_loss":0,"event_name":"The Library","floor":21,"gold_loss":0,"cards_obtained":["hierophant:Shelter"]},{"damage_healed":0,"gold_gain":0,"player_choice":"Simplicity","damage_taken":0,"max_hp_gain":0,"max_hp_loss":0,"event_name":"Back to Basics","floor":29,"gold_loss":0,"cards_upgraded":["hierophant:Strike_Hierophant","hierophant:Strike_Hierophant","hierophant:Strike_Hierophant","hierophant:Defend_Hierophant","hierophant:Defend_Hierophant","hierophant:Defend_Hierophant"]},{"damage_healed":0,"gold_gain":0,"player_choice":"Memory 3","damage_taken":10,"max_hp_gain":0,"max_hp_loss":0,"event_name":"SensoryStone","floor":36,"gold_loss":0},{"cards_removed":["hierophant:Prophecy"],"damage_healed":44,"gold_gain":0,"player_choice":"Offered Uncommon","damage_taken":0,"max_hp_gain":0,"max_hp_loss":0,"event_name":"Bonfire Elementals","floor":39,"gold_loss":0},{"damage_healed":0,"gold_gain":50,"player_choice":"Pray","damage_taken":0,"max_hp_gain":0,"max_hp_loss":0,"event_name":"Golden Shrine","floor":47,"gold_loss":0}],"is_beta":false,"boss_relics":[{"not_picked":["Empty Cage","Busted Crown"],"picked":"Velvet Choker"},{"not_picked":["Runic Pyramid","SlaversCollar"],"picked":"Philosopher\u0027s Stone"}],"items_purged_floors":[37],"is_endless":false,"potions_floor_spawned":[1,3,10,14,16,18,22,28,31,42],"ascension_level":15}}