{"host":"o0q01dgb4z8zpo6o","time":1608752906,"event":{"mods":["BaseMod","GifTheSpireLib","Minty Spire (QoL Compilation)","Relic Stats","StSLib"],"gold_per_floor":[119,133,133,152,163,196,196,225,248,279,279,297,138,154,154,232,232,245,145,145,172,172,172,172],"floor_reached":23,"playtime":1181,"items_purged":["Strike_B","Zap"],"score":376,"play_id":"c7c184d8-aaef-4176-a71b-253bb72d8746","local_time":"20201223114826","is_ascension_mode":true,"campfire_choices":[{"data":"Barrage","floor":7,"key":"SMITH"},{"floor":11,"key":"REST"},{"data":"Loop","floor":15,"key":"SMITH"}],"circlet_count":0,"master_deck":["AscendersBane","Defend_B+1","Defend_B","Dualcast+1","Sweeping Beam","Ball Lightning","Barrage+1","Ball Lightning","Compile Driver","Hologram","Echo Form","Self Repair","Conserve Battery","Loop+1","Biased Cognition","FTL+1","Leap+1","Multi-Cast+1","Capacitor"],"relics":["Cracked Core","Bag of Preparation","War Paint","Anchor","PreservedInsect","Astrolabe","DataDisk"],"acts_visited":["Exordium","TheCity"],"potions_floor_usage":[8,10,23,23],"damage_taken":[{"damage":1,"enemies":"Cultist","floor":1,"turns":3},{"damage":2,"enemies":"2 Louse","floor":2,"turns":2},{"damage":9,"enemies":"Jaw Worm","floor":4,"turns":3},{"damage":7,"enemies":"Looter","floor":5,"turns":3},{"damage":20,"enemies":"3 Sentries","floor":6,"turns":4},{"damage":15,"enemies":"Lagavulin","floor":8,"turns":5},{"damage":5,"enemies":"3 Sentries","floor":10,"turns":4},{"damage":4,"enemies":"2 Fungi Beasts","floor":12,"turns":4},{"damage":0,"enemies":"Blue Slaver","floor":14,"turns":2},{"damage":21,"enemies":"Hexaghost","floor":16,"turns":7},{"damage":21,"enemies":"Shell Parasite","floor":18,"turns":5},{"damage":31,"enemies":"Gremlin Leader","floor":23,"turns":2}],"seed_played":"2149915828189029921","potions_obtained":[{"floor":2,"key":"EssenceOfSteel"},{"floor":5,"key":"SpeedPotion"},{"floor":8,"key":"FocusPotion"},{"floor":18,"key":"LiquidBronze"}],"is_trial":false,"path_per_floor":["M","M","?","M","M","E","R","E","T","E","R","M","$","M","R","B",null,"M","$","?","T","?","E"],"character_chosen":"DEFECT","items_purchased":["Loop"],"campfire_rested":1,"item_purchase_floors":[13],"current_hp_per_floor":[63,61,61,52,45,25,25,10,10,5,24,34,34,41,41,27,55,48,48,31,31,31,0,0],"gold":172,"neow_bonus":"TRANSFORM_TWO_CARDS","is_daily":false,"chose_seed":false,"campfire_upgraded":2,"win_rate":0.0,"timestamp":1608752906,"path_taken":["M","?","?","M","M","E","R","E","T","E","R","M","$","M","R","BOSS","M","$","?","?","?","E"],"items_purchased_type":["Card"],"build_version":"2020-12-22","purchased_purges":2,"victory":false,"max_hp_per_floor":[64,64,64,64,64,64,64,64,64,64,64,64,64,64,64,64,64,64,64,69,69,69,69,69],"relic_stats":{"counters":[12,44],"Astrolabe":["FTL","Leap","Multi-Cast"],"PreservedInsect":50,"Bag of Preparation":[14],"War Paint":["Defend_B","Dualcast"],"obtain_stats":[{"Anchor":9,"DataDisk":21,"Astrolabe":17,"PreservedInsect":10,"Bag of Preparation":6,"War Paint":8,"Cracked Core":0},{"Anchor":6,"DataDisk":11,"Astrolabe":10,"PreservedInsect":7,"Bag of Preparation":5,"War Paint":6,"Cracked Core":0},{"Anchor":20,"DataDisk":42,"Astrolabe":37,"PreservedInsect":24,"Bag of Preparation":15,"War Paint":20,"Cracked Core":0}]},"card_choices":[{"not_picked":["Stack","Compile Driver"],"picked":"Barrage","floor":1},{"not_picked":["Compile Driver","Genetic Algorithm"],"picked":"Ball Lightning","floor":2},{"not_picked":["Redo","Barrage"],"picked":"Compile Driver","floor":4},{"not_picked":["Amplify","Reprogram","Ball Lightning"],"picked":"SKIP","floor":5},{"not_picked":["Turbo","Go for the Eyes"],"picked":"Hologram","floor":6},{"not_picked":["Stack","Steam"],"picked":"Echo Form","floor":8},{"not_picked":["Coolheaded","Steam"],"picked":"Self Repair","floor":10},{"not_picked":["Reinforced Body","Barrage"],"picked":"Conserve Battery","floor":12},{"not_picked":["Doom and Gloom","Turbo","Gash"],"picked":"SKIP","floor":14},{"not_picked":["Rainbow","Seek"],"picked":"Biased Cognition","floor":16},{"not_picked":["FTL","Fusion"],"picked":"Capacitor","floor":18}],"player_experience":1029003,"relics_obtained":[{"floor":6,"key":"Bag of Preparation"},{"floor":8,"key":"War Paint"},{"floor":9,"key":"Anchor"},{"floor":10,"key":"PreservedInsect"},{"floor":21,"key":"DataDisk"}],"event_choices":[{"damage_healed":0,"gold_gain":0,"player_choice":"Ignored","damage_taken":0,"max_hp_gain":0,"max_hp_loss":0,"event_name":"Liars Game","floor":3,"gold_loss":0},{"damage_healed":0,"gold_gain":0,"player_choice":"Shed Blood","damage_taken":22,"max_hp_gain":5,"max_hp_loss":0,"event_name":"Forgotten Altar","floor":20,"gold_loss":0},{"damage_healed":0,"gold_gain":0,"player_choice":"Ignored","damage_taken":0,"max_hp_gain":0,"max_hp_loss":0,"event_name":"The Mausoleum","floor":22,"gold_loss":0}],"is_beta":false,"boss_relics":[{"not_picked":["Snecko Eye","Calling Bell"],"picked":"Astrolabe"}],"items_purged_floors":[13,19],"is_endless":false,"potions_floor_spawned":[2,5,8,18],"killed_by":"Gremlin Leader","ascension_level":16}}