{"host":"pf9sh7nh6rpu9sau","time":1608682468,"event":{"mods":["2.2 Compatiblity","BaseMod","BetterRewards","Downfall","Hermit","Hubris","Mad Scientist","Minty Spire (QoL Compilation)","Permanent Neow","Quick Restart","Replay The Spire","Somnambulant","StSLib","The Clintock","The Cursed","The Disciple","The Hierophant","The Necromancer","The Runesmith","The Servant 0.9.4","TheVacant"],"gold_per_floor":[99,133,133,133,162,1,26,44,57,57,68,88,111,128,141,242,242,242,274,274,274],"floor_reached":19,"playtime":2372,"items_purged":["champ:Strike"],"score":247,"play_id":"3b5db835-f393-4628-8604-ce2233a28833","local_time":"20201222191428","is_ascension_mode":false,"campfire_choices":[{"data":"champ:Taunt","floor":1,"key":"SMITH"},{"data":"champ:FalseCounter","floor":10,"key":"SMITH"},{"data":"champ:ShieldThrow","floor":18,"key":"SMITH"}],"circlet_count":0,"master_deck":["champ:Strike","champ:Strike","champ:Strike","champ:Defend","champ:Defend","champ:Defend","champ:Defend","champ:Execute","champ:Taunt+1","champ:SkillfulDodge","Regret","champ:Circumvent","champ:Control","champ:FalseCounter+1","champ:ShieldThrow+1","champ:ShieldWall","champ:TornadoPunch","champ:SkillfulDodge","champ:ShieldSlam"],"relics":["champ:ChampionCrown","downfall:HeartsMalice","hubris:ToyBattleship","Mercury Hourglass","Bottled Lightning","Nunchaku","Mango","Painkiller Herb","hubris:BottledRain"],"acts_visited":["Exordium","TheCity"],"potions_floor_usage":[6,16,16,16,19],"damage_taken":[{"damage":0,"enemies":"Lagavulin","floor":2,"turns":1},{"damage":0,"enemies":"Cultist","floor":3,"turns":1},{"damage":0,"enemies":"3 Sentries","floor":5,"turns":1},{"damage":9,"enemies":"downfall:FleeingMerchant","floor":6,"turns":4},{"damage":5,"enemies":"Small Slimes","floor":8,"turns":3},{"damage":9,"enemies":"2 Louse","floor":9,"turns":3},{"damage":5,"enemies":"Blue Slaver","floor":11,"turns":3},{"damage":5,"enemies":"3 Louse","floor":12,"turns":2},{"damage":4,"enemies":"2 Fungi Beasts","floor":14,"turns":3},{"damage":1,"enemies":"Gremlin Gang","floor":15,"turns":3},{"damage":109,"enemies":"downfall:Ironclad","floor":16,"turns":14},{"damage":101,"enemies":"Gremlin Leader","floor":19,"turns":11}],"seed_played":"2246451971663129840","potions_obtained":[{"floor":5,"key":"AttackPotion"},{"floor":8,"key":"SmokeBomb"},{"floor":9,"key":"Elixir"},{"floor":12,"key":"Languid Potion"},{"floor":14,"key":"hexamod:EctoCoolerPotion"},{"floor":16,"key":"Block Potion"}],"is_trial":false,"path_per_floor":["R","E","M","?","E","$","T","M","M","R","M","M","?","M","M","B",null,"T","E"],"character_chosen":"THE_CHAMP","items_purchased":["champ:FalseCounter"],"campfire_rested":0,"item_purchase_floors":[6],"current_hp_per_floor":[90,90,90,90,90,86,86,86,82,82,82,82,96,92,91,2,104,104,16,16,16],"gold":274,"neow_bonus":"THREE_ENEMY_KILL","is_daily":false,"chose_seed":false,"campfire_upgraded":3,"win_rate":0.0,"timestamp":1608682468,"path_taken":["R","E","?","?","E","$","T","M","M","R","M","M","?","M","M","BOSS","T","E"],"items_purchased_type":["Card"],"build_version":"2020-12-13","purchased_purges":1,"victory":false,"max_hp_per_floor":[90,90,90,90,90,90,90,90,90,90,90,90,104,104,104,104,104,104,104,104,104],"card_choices":[{"not_picked":["champ:Encircle","champ:GladiatorsShout"],"picked":"champ:SkillfulDodge","floor":2},{"not_picked":["champ:Encircle","champ:Haymaker","champ:FlashCut"],"picked":"SKIP","floor":3},{"not_picked":["champ:AdrenalArmor","champ:Encircle"],"picked":"champ:Circumvent","floor":5},{"not_picked":["champ:StanceDance","champ:Circumvent"],"picked":"champ:Control","floor":6},{"not_picked":["champ:GladiatorStyle","champ:RecklessLeap"],"picked":"champ:ShieldThrow","floor":8},{"not_picked":["champ:GladiatorStyle","champ:Haymaker"],"picked":"champ:ShieldWall","floor":9},{"not_picked":["champ:BerserkersShout","champ:Duel"],"picked":"champ:TornadoPunch","floor":11},{"not_picked":["champ:Haymaker","champ:Backstep"],"picked":"champ:SkillfulDodge","floor":12},{"not_picked":["champ:Backstep","champ:AdrenalArmor","champ:TornadoPunch"],"picked":"SKIP","floor":14},{"not_picked":["champ:Backstep","champ:AdrenalArmor","champ:TornadoPunch"],"picked":"SKIP","floor":14},{"not_picked":["champ:Haymaker","champ:FanOfKnives","champ:PreciseThrust"],"picked":"SKIP","floor":15},{"not_picked":["champ:HeavySlash","champ:MurderStrike"],"picked":"champ:ShieldSlam","floor":16}],"player_experience":736290,"relics_obtained":[{"floor":2,"key":"hubris:ToyBattleship"},{"floor":5,"key":"Bottled Lightning"},{"floor":7,"key":"Nunchaku"},{"floor":13,"key":"Mango"},{"floor":19,"key":"hubris:BottledRain"}],"event_choices":[{"damage_healed":0,"gold_gain":0,"player_choice":"Box","damage_taken":0,"relics_obtained":["Mercury Hourglass"],"max_hp_gain":0,"max_hp_loss":0,"event_name":"Big Fish","floor":4,"gold_loss":0,"cards_obtained":["Regret"]}],"is_beta":false,"boss_relics":[{"not_picked":["Honey Jar","hubris:GrandSneckoEye"],"picked":"Painkiller Herb"}],"items_purged_floors":[6],"is_endless":false,"potions_floor_spawned":[5,8,9,12,14,15,16],"killed_by":"Gremlin Leader","ascension_level":0}}