{"host":"mq8ma9fwagsj51ix","time":1608707166,"event":{"mods":["2.2 Compatiblity","BaseMod","Downfall","Hermit","Hubris","Jorbs\u0027s Wanderer Trilogy","Minty Spire (QoL Compilation)","Replay The Spire","StSLib"],"gold_per_floor":[99,117,127,127,127,154,154,174,99,99,124,144,144,156,172,172,172,172],"floor_reached":16,"playtime":665,"items_purged":[],"score":102,"play_id":"55b4be86-4173-41a5-8662-07fe3f7ad868","local_time":"20201223010606","is_ascension_mode":false,"campfire_choices":[{"data":"Slimebound:Split","floor":1,"key":"SMITH"},{"floor":9,"key":"REST"},{"floor":13,"key":"REST"}],"circlet_count":0,"master_deck":["Slimebound:Strike_Slimebound+1","Slimebound:Strike_Slimebound","Slimebound:Strike_Slimebound+1","Slimebound:Tackle","Slimebound:Defend_Slimebound","Slimebound:Defend_Slimebound","Slimebound:Defend_Slimebound","Slimebound:Defend_Slimebound","Slimebound:Split+1","Slimebound:CorrosiveSpit","Slimebound:SlimeTap","Slimebound:GoopTackle+1","Slimebound:RejuvenatingLick","Slimebound:ForwardTackle","Regret","Slimebound:OneTwoCombo","Slimebound:Repurpose","Slimebound:GrowthPunch"],"relics":["Honey Jar","hubris:Icosahedron","Ring of Fangs","Ring of Peace","Ancient Tea Set","Replay:Bottled Flurry","downfall:HeartBlessingGreen","ReplayFunnel"],"acts_visited":["Exordium"],"potions_floor_usage":[6,16,16],"damage_taken":[{"damage":12,"enemies":"Small Slimes","floor":2,"turns":3},{"damage":11,"enemies":"2 Louse","floor":3,"turns":2},{"damage":40,"enemies":"3 Sentries","floor":6,"turns":6},{"damage":14,"enemies":"Cultist","floor":8,"turns":3},{"damage":14,"enemies":"Blue Slaver","floor":12,"turns":2},{"damage":7,"enemies":"3 Louse","floor":14,"turns":3},{"damage":25,"enemies":"Exordium Thugs","floor":15,"turns":4},{"damage":44,"enemies":"downfall:Silent","floor":16,"turns":4}],"seed_played":"-5905910209857804507","potions_obtained":[{"floor":2,"key":"ColorlessPotion"},{"floor":8,"key":"sneckomod:MuddlingPotion"},{"floor":12,"key":"Adrenaline Potion"},{"floor":15,"key":"PowerPotion"}],"is_trial":false,"path_per_floor":["R","M","M","?","?","E","T","M","R","?","T","M","R","M","M","B"],"character_chosen":"SLIMEBOUND","items_purchased":[],"campfire_rested":2,"item_purchase_floors":[],"current_hp_per_floor":[60,56,53,53,53,21,21,17,35,35,35,31,49,44,29,0,0,0],"gold":172,"neow_bonus":"BOSS_RELIC","is_daily":false,"chose_seed":false,"campfire_upgraded":1,"win_rate":0.0,"timestamp":1608707166,"path_taken":["R","M","M","?","?","E","T","M","R","?","?","M","R","M","M","BOSS"],"items_purchased_type":[],"build_version":"2020-12-22","purchased_purges":0,"victory":false,"max_hp_per_floor":[60,60,60,60,60,60,60,60,60,60,60,60,60,60,60,60,60,60],"card_choices":[{"not_picked":["Slimebound:ViciousTackle","Slimebound:SplitAcid","Slimebound:Chomp"],"picked":"Slimebound:SlimeTap","floor":2},{"not_picked":["Slimebound:SplitMire","Slimebound:ForwardTackle","Slimebound:Chomp"],"picked":"Slimebound:GoopTackle","floor":3},{"not_picked":["Slimebound:BestDefense","Slimebound:SamplingLick","Slimebound:LeechEnergy"],"picked":"Slimebound:RejuvenatingLick","floor":6},{"not_picked":["Slimebound:LeechEnergy","Slimebound:GrowthPunch","Slimebound:PressTheAttack"],"picked":"Slimebound:ForwardTackle","floor":8},{"not_picked":["Slimebound:FlameTackle","Slimebound:Schlurp","Slimebound:ComboTackle"],"picked":"Slimebound:OneTwoCombo","floor":12},{"not_picked":["Slimebound:Schlurp","Slimebound:LeechEnergy","Slimebound:PressTheAttack"],"picked":"Slimebound:Repurpose","floor":14},{"not_picked":["Slimebound:RollThrough","Slimebound:SplitBruiser","Slimebound:SplitAcid"],"picked":"Slimebound:GrowthPunch","floor":15}],"player_experience":137831,"relics_obtained":[{"floor":5,"key":"Ring of Fangs"},{"floor":5,"key":"Ring of Peace"},{"floor":6,"key":"Ancient Tea Set"},{"floor":7,"key":"Replay:Bottled Flurry"},{"floor":11,"key":"ReplayFunnel"}],"event_choices":[],"is_beta":false,"boss_relics":[],"items_purged_floors":[],"is_endless":false,"potions_floor_spawned":[2,8,12,15],"killed_by":"downfall:Silent","ascension_level":0}}