{"host":"ix2a18c4ohfsrslv","time":1608751971,"event":{"mods":["BaseMod","Better Third Choice","Downfall","Lobotomy","Minty Spire (QoL Compilation)","Replay The Spire","StSLib"],"gold_per_floor":[116,116,25,39,50,84,106,137,175,187,226,249,261,273,285,395,407,429,413,425,451,483,495,540,572,654,666,692,716,728,309,309,406,406,418,430,126,139,139,139,170,40,67,67,30,30,56,70,70,70,70,70,19,44,44,44],"floor_reached":55,"playtime":4693,"items_purged":["Strike_R"],"score":579,"play_id":"11d39566-35ad-4af3-9455-8a3c08eccf4c","local_time":"20201223113251","is_ascension_mode":false,"campfire_choices":[{"floor":10,"key":"REST"},{"floor":13,"key":"REST"},{"data":"Armaments","floor":15,"key":"SMITH"},{"data":"ReplayTheSpireMod:Faulty Equipment","floor":23,"key":"SMITH"},{"floor":27,"key":"REST"},{"data":"Armaments","floor":32,"key":"SMITH"},{"floor":40,"key":"RECALL"},{"data":"Immolate","floor":44,"key":"SMITH"},{"data":"Evolve","floor":49,"key":"SMITH"},{"data":"ReplayTheSpireMod:Faulty Equipment","floor":52,"key":"SMITH"}],"circlet_count":0,"master_deck":["Strike_R","Strike_R+1","Strike_R","Strike_R","Defend_R","Defend_R","Defend_R+1","Bash","Iron Wave","Sword Boomerang","Clash","Armaments+1","Rage","Pummel","Twin Strike","Spot Weakness","Pommel Strike","Immolate","Writhe","Voices","Intimidate","Flame Barrier","Headbutt","Fire Breathing+1","Armaments+1","Immolate+1","Bludgeon","Dramatic Entrance","Shrug It Off","Evolve+1","Power Through+1","Second Wind"],"relics":["Burning Blood","Quantum Egg","Boot","MawBank","Toy Ornithopter","Regal Pillow","Simple Rune","Replay:Ancient Bell","Tiny Chest","HornCleat","Counterbalance","Incense Burner","ReplayTheSpireMod:Shallot","Ornamental Fan","Oddly Smooth Stone","HandDrill","Runic Dome","Pen Nib","Happy Flower","ReplayTheSpireMod:CursedCoin","Bottled Flame","Anchor","Mirror"],"acts_visited":["Exordium","TheCity","TheBeyond","TheEnding"],"potions_floor_usage":[6,7,18,22,33,33,35,41,41,50,50,50,54,55],"damage_taken":[{"damage":5,"enemies":"Jaw Worm","floor":1,"turns":5},{"damage":0,"enemies":"Small Slimes","floor":4,"turns":3},{"damage":0,"enemies":"Cultist","floor":5,"turns":2},{"damage":44,"enemies":"Gremlin Nob","floor":6,"turns":5},{"damage":12,"enemies":"Exordium Thugs","floor":7,"turns":3},{"damage":10,"enemies":"Gremlin Gang","floor":8,"turns":4},{"damage":21,"enemies":"Lagavulin","floor":11,"turns":5},{"damage":7,"enemies":"Looter","floor":12,"turns":3},{"damage":67,"enemies":"Fading Forest","floor":16,"turns":11},{"damage":5,"enemies":"3 Byrds","floor":18,"turns":3},{"damage":17,"enemies":"2 Thieves","floor":19,"turns":5},{"damage":3,"enemies":"Snake Plant","floor":21,"turns":4},{"damage":13,"enemies":"Cultist and Chosen","floor":22,"turns":5},{"damage":29,"enemies":"Replay:Snechameleon","floor":24,"turns":7},{"damage":14,"enemies":"Snecko","floor":25,"turns":5},{"damage":12,"enemies":"Centurion and Healer","floor":28,"turns":5},{"damage":4,"enemies":"Snake Plant","floor":29,"turns":5},{"damage":65,"enemies":"Collector","floor":33,"turns":12},{"damage":26,"enemies":"3 Shapes","floor":35,"turns":3},{"damage":14,"enemies":"3 Darklings","floor":36,"turns":4},{"damage":0,"enemies":"Jaw Worm Horde","floor":38,"turns":3},{"damage":11,"enemies":"R_Hoarder","floor":41,"turns":7},{"damage":22,"enemies":"Writhing Mass","floor":48,"turns":5},{"damage":64,"enemies":"Replay:Hell Engine","floor":50,"turns":12},{"damage":44,"enemies":"Shield and Spear","floor":54,"turns":7},{"damage":56,"enemies":"The Heart","floor":55,"turns":5}],"seed_played":"4378916107511854988","potions_obtained":[{"floor":4,"key":"FearPotion"},{"floor":6,"key":"Explosive Potion"},{"floor":7,"key":"GamblersBrew"},{"floor":11,"key":"Weak Potion"},{"floor":19,"key":"Ancient Potion"},{"floor":24,"key":"SneckoOil"},{"floor":25,"key":"BloodPotion"},{"floor":33,"key":"Death Potion"},{"floor":35,"key":"Dexterity Potion"},{"floor":38,"key":"SkillPotion"},{"floor":46,"key":"LiquidBronze"},{"floor":46,"key":"LiquidBronze"},{"floor":54,"key":"Dexterity Potion"}],"is_trial":false,"path_per_floor":["M","?","?","M","M","E","M","M","T","R","E","M","R","T","R","B",null,"M","M","?","M","M","R","E","M","T","R","M","M","T","$","R","B",null,"M","M","$","M","?","R","E","$","T","R","$","?","T","M","R","B",null,"R","$","E","B"],"character_chosen":"IRONCLAD","items_purchased":["Oddly Smooth Stone","HandDrill","PowerPotion","Pen Nib","Bludgeon","ReplayTheSpireMod:CursedCoin","Shrug It Off","Bottled Flame","Evolve","Block Potion"],"campfire_rested":3,"item_purchase_floors":[31,31,31,37,37,42,42,42,45,53],"current_hp_per_floor":[80,77,77,80,80,42,36,32,32,56,41,40,79,79,79,28,80,80,69,69,72,70,70,47,39,39,78,72,74,74,74,74,21,80,80,72,72,78,78,78,80,80,80,80,80,80,80,64,64,21,80,80,80,47,0,0],"gold":44,"neow_bonus":"THREE_CARDS","is_daily":false,"chose_seed":false,"campfire_upgraded":6,"win_rate":0.0,"timestamp":1608751971,"path_taken":["M","?","?","M","M","E","?","M","T","R","E","M","R","?","R","BOSS","M","?","?","M","?","R","E","M","T","R","M","M","?","$","R","BOSS","M","M","$","M","?","R","E","$","T","R","?","?","?","M","R","BOSS","R","$","E","BOSS"],"items_purchased_type":["Relic","Relic","Potion","Relic","Card","Relic","Card","Relic","Card","Potion"],"build_version":"2020-12-22","purchased_purges":1,"victory":false,"max_hp_per_floor":[80,80,80,80,80,80,80,80,80,80,80,80,80,80,80,80,80,80,80,80,80,80,80,80,80,80,80,80,80,80,80,80,80,80,80,80,80,80,80,80,80,80,80,80,80,80,80,80,80,80,80,80,80,80,80,80],"card_choices":[{"not_picked":["Whirlwind","Flex"],"picked":"Iron Wave","floor":0},{"not_picked":["Infernal Blade","Entrench"],"picked":"Sword Boomerang","floor":1},{"not_picked":["ReplayTheSpireMod:Corrosion Curse","Dropkick"],"picked":"Clash","floor":4},{"not_picked":["Sword Boomerang","Heavy Blade"],"picked":"Armaments","floor":5},{"not_picked":["Massacre","Wild Strike"],"picked":"Rage","floor":6},{"not_picked":["Defy Death","Evolve"],"picked":"Pummel","floor":7},{"not_picked":["Blood for Blood","Warcry"],"picked":"Twin Strike","floor":8},{"not_picked":["Whirlwind","Burning Pact"],"picked":"Spot Weakness","floor":11},{"not_picked":["Hemokinesis","Wild Strike"],"picked":"Pommel Strike","floor":12},{"not_picked":["Barricade","Juggernaut"],"picked":"Immolate","floor":16},{"not_picked":["Replay:Hysterical Blindness","Voices"],"picked":"Writhe","floor":17},{"not_picked":["Doubt","Hallucinations"],"picked":"ReplayTheSpireMod:Faulty Equipment","floor":17},{"not_picked":["CurseOfTheBell","ReplayTheSpireMod:Restless Dread"],"picked":"Voices","floor":17},{"not_picked":["ReplayTheSpireMod:Strike From Hell","Feel No Pain+1","Armaments"],"picked":"SKIP","floor":18},{"not_picked":["Clothesline","Replay:Undeath\u0027s Touch"],"picked":"Intimidate","floor":19},{"not_picked":["Seeing Red","ReplayTheSpireMod:Corrosion Curse"],"picked":"Headbutt","floor":21},{"not_picked":["Body Slam","ReplayReversal","Wild Strike"],"picked":"SKIP","floor":22},{"not_picked":["Demonic Infusion","Pummel"],"picked":"Fire Breathing+1","floor":24},{"not_picked":["Body Slam","Headbutt","Sword Boomerang"],"picked":"SKIP","floor":25},{"not_picked":["Dark Embrace+1","Pommel Strike","ReplayTheSpireMod:Strike From Hell"],"picked":"SKIP","floor":28},{"not_picked":["Cleave","Perfected Strike"],"picked":"Armaments","floor":29},{"not_picked":["Reaper","Replay:Many Hands"],"picked":"Immolate","floor":33},{"not_picked":["Defy Death","Warcry+1","Clothesline"],"picked":"SKIP","floor":35},{"not_picked":["Flex","Thunderclap+1","Perfected Strike+1"],"picked":"SKIP","floor":36},{"not_picked":["Clothesline","Headbutt","Demonic Infusion"],"picked":"SKIP","floor":38},{"not_picked":["Replay:SS_forest_5","expansioncontent:DonusPower"],"picked":"Dramatic Entrance","floor":39},{"not_picked":["Pommel Strike","Massacre+1","Spot Weakness"],"picked":"SKIP","floor":41},{"not_picked":["Metallicize","Twin Strike"],"picked":"Power Through+1","floor":48},{"not_picked":["Perfected Strike","Double Tap"],"picked":"Second Wind","floor":54}],"player_experience":121425,"relics_obtained":[{"floor":6,"key":"MawBank"},{"floor":9,"key":"Toy Ornithopter"},{"floor":11,"key":"Regal Pillow"},{"floor":14,"key":"Simple Rune"},{"floor":24,"key":"Incense Burner"},{"floor":26,"key":"ReplayTheSpireMod:Shallot"},{"floor":30,"key":"Ornamental Fan"},{"floor":41,"key":"Happy Flower"},{"floor":47,"key":"Anchor"},{"floor":54,"key":"Mirror"}],"event_choices":[{"damage_healed":0,"gold_gain":0,"player_choice":"Relic ","damage_taken":3,"max_hp_gain":0,"max_hp_loss":0,"event_name":"betterThird:BetterScrap","floor":2,"gold_loss":0,"cards_obtained":["Reinforced Body"]},{"damage_healed":0,"gold_gain":0,"player_choice":"Paid Gold","damage_taken":0,"relics_obtained":["Boot"],"max_hp_gain":0,"max_hp_loss":0,"event_name":"WeMeetAgain","floor":3,"gold_loss":91},{"damage_healed":0,"gold_gain":0,"cards_transformed":["Defend_R"],"player_choice":"Transformed","damage_taken":0,"max_hp_gain":0,"max_hp_loss":0,"event_name":"Transmorgrifier","floor":20,"gold_loss":0,"cards_obtained":["Flame Barrier"]},{"damage_healed":0,"gold_gain":0,"player_choice":"Memory 1","damage_taken":0,"max_hp_gain":0,"max_hp_loss":0,"event_name":"SensoryStone","floor":39,"gold_loss":0},{"damage_healed":0,"gold_gain":0,"player_choice":"Got Potions","damage_taken":0,"max_hp_gain":0,"max_hp_loss":0,"event_name":"Lab","floor":46,"gold_loss":0}],"is_beta":false,"boss_relics":[{"not_picked":["Busted Crown","Kintsugi"],"picked":"Replay:Ancient Bell"},{"not_picked":["Smiling Mask","Bag of Preparation"],"picked":"Tiny Chest"},{"not_picked":["Paper Frog","Mummified Hand"],"picked":"HornCleat"},{"not_picked":["champ:DeflectingBracers","champ:DuelingGlove"],"picked":"Counterbalance"},{"not_picked":["Electric Blood","Velvet Choker"],"picked":"Runic Dome"}],"items_purged_floors":[31],"is_endless":false,"potions_floor_spawned":[4,6,7,11,19,24,25,33,35,38,54],"killed_by":"The Heart","ascension_level":0}}