{"host":"xgnmnr8f8w1a0eo3","time":1608700952,"event":{"mods":["BaseMod","Downfall","Highlight Path","Minty Spire (QoL Compilation)","Permanent Neow","Relic Stats","StSLib","everything is the same but u backflip on backflip"],"gold_per_floor":[99,109,125,142,242,242,242,242,275,725,745,771,781,797,807,908,908,908,925,925,938,938,1038,1108,1126,1142,1142,1177,1208,1223,1242,1262,1361,1361,1361,1371,1383,862,907,926,926,593,603,633,408,55,67,102,112,112,112,137,22,22,22],"floor_reached":56,"playtime":4749,"items_purged":["Slimebound:Icky","Slimebound:Icky"],"score":1394,"play_id":"49ffb8ed-12e5-48a7-bf30-267de716b80c","local_time":"20201223002232","is_ascension_mode":true,"campfire_choices":[{"data":"champ:PerfectForm","floor":1.0,"key":"SMITH"},{"data":"champ:FanOfKnives","floor":6.0,"key":"SMITH"},{"data":"champ:HeavySlash","floor":18,"key":"SMITH"},{"floor":27,"key":"REST"},{"data":"champ:FocusedGladiator","floor":35,"key":"SMITH"},{"data":"expansioncontent:DashGenerateEvil","floor":45,"key":"SMITH"},{"data":"champ:Improvising","floor":54,"key":"SMITH"}],"circlet_count":0,"master_deck":["champ:Strike+1","champ:Defend","champ:Defend","champ:Defend","champ:Defend","champ:Execute","champ:Taunt","champ:PerfectForm+1","champ:FanOfKnives+1","champ:Shatter+1","champ:FanOfKnives+1","champ:DefensiveStyle","champ:HeavySlash+1","champ:FanOfKnives","Slimebound:Icky","champ:Haymaker","champ:Improvising+1","champ:RisingSlash","champ:TornadoPunch","champ:VampiricStrike","champ:Circumvent+1","J.A.X.","champ:FocusedGladiator+1","champ:Riposte","champ:BerserkerStyle","champ:FlashCut","champ:Backstep","champ:PreciseThrust","expansioncontent:DashGenerateEvil+1","champ:EnragedBash","champ:Lariat"],"relics":["champ:ChampionCrown","Bird Faced Urn","Question Card","Pen Nib","Matryoshka","Busted Crown","MutagenicStrength","Ancient Tea Set","Singing Bowl","Red Mask","Bottled Tornado","Lantern","Lizard Tail","champ:ChampionCrownUpgraded","Membership Card","Eternal Feather","CaptainsWheel","Akabeko","The Courier","Centennial Puzzle","downfall:HeartBlessingRed","downfall:HeartBlessingGreen","downfall:HeartBlessingBlue","Bronze Scales","TheAbacus","Toxic Egg 2","champ:DefensiveTrainingManual","Art of War","Orichalcum","Frozen Egg 2","Incense Burner","Whetstone","Dead Branch","FossilizedHelix"],"acts_visited":["TheCity","TheBeyond","TheEnding"],"potions_floor_usage":[],"damage_taken":[{"damage":11.0,"enemies":"Small Slimes","floor":2.0,"turns":3.0},{"damage":11.0,"enemies":"2 Louse","floor":3.0,"turns":3.0},{"damage":5.0,"enemies":"Jaw Worm","floor":4.0,"turns":2.0},{"damage":8.0,"enemies":"downfall:Heads","floor":5.0,"turns":4.0},{"damage":8,"enemies":"Lagavulin","floor":9,"turns":4},{"damage":5,"enemies":"Large Slime","floor":11,"turns":4},{"damage":3,"enemies":"3 Sentries","floor":12,"turns":2},{"damage":0,"enemies":"Exordium Wildlife","floor":13,"turns":2},{"damage":3,"enemies":"3 Louse","floor":14,"turns":1},{"damage":0,"enemies":"Blue Slaver","floor":15,"turns":1},{"damage":36,"enemies":"downfall:Silent","floor":16,"turns":6},{"damage":13,"enemies":"Shell Parasite","floor":19,"turns":4},{"damage":6,"enemies":"3 Byrds","floor":21,"turns":2},{"damage":35,"enemies":"downfall:Augmenter","floor":23,"turns":3},{"damage":31,"enemies":"Centurion and Healer","floor":25,"turns":5},{"damage":5,"enemies":"Snake Plant","floor":26,"turns":2},{"damage":15,"enemies":"Masked Bandits","floor":28,"turns":3},{"damage":28,"enemies":"Book of Stabbing","floor":29,"turns":4},{"damage":15,"enemies":"3 Cultists","floor":30,"turns":3},{"damage":8,"enemies":"Centurion and Healer","floor":31,"turns":3},{"damage":16,"enemies":"Sentry and Sphere","floor":32,"turns":4},{"damage":86,"enemies":"downfall:Watcher","floor":33,"turns":10},{"damage":13,"enemies":"Orb Walker","floor":36,"turns":2},{"damage":11,"enemies":"3 Shapes","floor":37,"turns":2},{"damage":16,"enemies":"downfall:FleeingMerchant","floor":38,"turns":4},{"damage":21,"enemies":"2 Orb Walkers","floor":39,"turns":2},{"damage":18,"enemies":"3 Darklings","floor":40,"turns":4},{"damage":45,"enemies":"Transient","floor":43,"turns":5},{"damage":63,"enemies":"Nemesis","floor":44,"turns":7},{"damage":3,"enemies":"downfall:FleeingMerchant","floor":46,"turns":4},{"damage":9,"enemies":"4 Shapes","floor":47,"turns":1},{"damage":40,"enemies":"Giant Head","floor":48,"turns":7},{"damage":0,"enemies":"Jaw Worm Horde","floor":49,"turns":1},{"damage":19,"enemies":"downfall:Defect","floor":50,"turns":5},{"damage":65,"enemies":"downfall:CharBossMerchant","floor":52,"turns":8},{"damage":119,"enemies":"downfall:NeowBoss","floor":55,"turns":15}],"seed_played":"1142349278041571053","potions_obtained":[{"floor":2.0,"key":"PowerPotion"},{"floor":9,"key":"champ:TechniquePotion"},{"floor":14,"key":"champ:UltimateStancePotion"},{"floor":15,"key":"Ancient Potion"}],"is_trial":false,"path_per_floor":["R","M","M","M","?","R","T","?","E","?","M","E","M","M","M","B",null,"R","M","?","M","?","?","T","M","M","R","?","E","M","M","M","B",null,"R","M","M","?","?","M","T","?","M","E","R","$","M","E","M","B",null,"E","$","R","B",null],"character_chosen":"THE_CHAMP","items_purchased":["Membership Card","champ:PreciseThrust","expansioncontent:DashGenerateEvil","Eternal Feather","champ:EnragedBash","champ:Lariat","Bronze Scales","TheAbacus","Toxic Egg 2","champ:DefensiveTrainingManual","Art of War","Orichalcum","Frozen Egg 2","Incense Burner","FossilizedHelix"],"campfire_rested":1,"item_purchase_floors":[38,38,38,38,38,38,46,46,46,46,46,46,46,46,53],"current_hp_per_floor":[90,87,86,90,90,90,90,83,87,87,90,90,90,90,90,70,90,90,85,67,69,69,55,55,36,35,64,82,94,97,101,100,46,105,105,107,101,111,110,115,115,129,130,110,138,145,138,129,133,138,151,116,116,134,152],"gold":22,"neow_bonus":"ONE_RANDOM_RARE_CARD","is_daily":false,"chose_seed":false,"campfire_upgraded":6,"win_rate":0.0,"timestamp":1608700952,"path_taken":["R","M","M","M","?","R","T","?","E","?","M","E","M","M","M","BOSS","R","M","?","M","?","?","T","M","?","R","?","E","M","M","M","BOSS","R","M","M","?","?","M","T","?","M","E","R","?","?","E","M","BOSS","E","$","R","BOSS"],"items_purchased_type":["Relic","Card","Card","Relic","Card","Card","Relic","Relic","Relic","Relic","Relic","Relic","Relic","Relic","Relic"],"build_version":"2020-12-13","purchased_purges":2,"victory":true,"max_hp_per_floor":[90,90,90,90,90,90,90,90,90,90,90,90,90,90,90,90,90,90,90,95,95,95,95,95,97,97,97,99,99,101,101,103,105,105,105,107,109,111,113,115,115,129,131,133,143,145,147,149,151,151,151,153,153,153,153],"relic_stats":{"Singing Bowl":34,"counters":[36,142],"Dead Branch":[9],"Eternal Feather":36,"Pen Nib":[30],"Whetstone":["champ:Shatter","champ:Strike"],"Orichalcum":[12],"Question Card":34,"Lizard Tail":0,"Centennial Puzzle":[18],"Busted Crown":54,"TheAbacus":[36],"Bird Faced Urn":[125],"Bronze Scales":[62],"Art of War":[2],"obtain_stats":[{"Lantern":29,"Singing Bowl":24,"champ:ChampionCrown":0,"downfall:HeartBlessingGreen":45,"Incense Burner":46,"Whetstone":48,"Bottled Tornado":28,"Ancient Tea Set":24,"Lizard Tail":29,"Centennial Puzzle":44,"Matryoshka":12,"TheAbacus":46,"downfall:HeartBlessingBlue":45,"champ:DefensiveTrainingManual":46,"Red Mask":28,"Toxic Egg 2":46,"InkBottle":41,"downfall:HeartBlessingRed":45,"Dead Branch":52,"Eternal Feather":38,"Pen Nib":9,"champ:ChampionCrownUpgraded":34,"The Courier":39,"Orichalcum":46,"Frozen Egg 2":46,"Question Card":8,"Akabeko":41,"CaptainsWheel":39,"Busted Crown":17,"Bird Faced Urn":7,"MutagenicStrength":23,"Bronze Scales":46,"Art of War":46,"Membership Card":38,"FossilizedHelix":53},{"Lantern":18,"Singing Bowl":14,"champ:ChampionCrown":0,"downfall:HeartBlessingGreen":29,"Incense Burner":30,"Whetstone":32,"Bottled Tornado":17,"Ancient Tea Set":14,"Lizard Tail":18,"Centennial Puzzle":29,"Matryoshka":7,"TheAbacus":30,"downfall:HeartBlessingBlue":29,"champ:DefensiveTrainingManual":30,"Red Mask":17,"Toxic Egg 2":30,"InkBottle":27,"downfall:HeartBlessingRed":29,"Dead Branch":35,"Eternal Feather":25,"Pen Nib":5,"champ:ChampionCrownUpgraded":22,"The Courier":26,"Orichalcum":30,"Frozen Egg 2":30,"Question Card":4,"Akabeko":27,"CaptainsWheel":26,"Busted Crown":11,"Bird Faced Urn":4,"MutagenicStrength":14,"Bronze Scales":30,"Art of War":30,"Membership Card":25,"FossilizedHelix":35},{"Lantern":52,"Singing Bowl":41,"champ:ChampionCrown":0,"downfall:HeartBlessingGreen":101,"Incense Burner":105,"Whetstone":113,"Bottled Tornado":51,"Ancient Tea Set":41,"Lizard Tail":55,"Centennial Puzzle":101,"Matryoshka":22,"TheAbacus":105,"downfall:HeartBlessingBlue":101,"champ:DefensiveTrainingManual":105,"Red Mask":51,"Toxic Egg 2":105,"InkBottle":89,"downfall:HeartBlessingRed":101,"Dead Branch":127,"Eternal Feather":83,"Pen Nib":16,"champ:ChampionCrownUpgraded":75,"The Courier":84,"Orichalcum":105,"Frozen Egg 2":105,"Question Card":12,"Akabeko":89,"CaptainsWheel":85,"Busted Crown":32,"Bird Faced Urn":12,"MutagenicStrength":41,"Bronze Scales":105,"Art of War":105,"Membership Card":83,"FossilizedHelix":127}]},"card_choices":[{"not_picked":["champ:HeartStrike","champ:GladiatorsShout"],"picked":"champ:FanOfKnives","floor":2.0},{"not_picked":["champ:TornadoPunch","champ:Haymaker"],"picked":"champ:Shatter","floor":3.0},{"not_picked":["champ:StanceDance","champ:BladeFlurry"],"picked":"champ:FanOfKnives","floor":4.0},{"not_picked":["champ:BladeFlurry","champ:Backstep"],"picked":"champ:DefensiveStyle","floor":5.0},{"not_picked":["champ:HoldFirm","champ:DefensiveStyle","champ:CrookedStrike"],"picked":"champ:FanOfKnives","floor":9},{"not_picked":["champ:FightOn","champ:DefensiveShout","champ:FanOfKnives"],"picked":"champ:Haymaker","floor":11},{"not_picked":["champ:Haymaker","champ:FocusedBerserking","champ:BladeFlurry","champ:Balance"],"picked":"SKIP","floor":12},{"not_picked":["champ:CrookedStrike","champ:ArenaPreparation","champ:Duel"],"picked":"champ:Improvising","floor":13},{"not_picked":["champ:PerfectedStrike","champ:FaceSlap","champ:Encircle"],"picked":"champ:RisingSlash","floor":14},{"not_picked":["champ:EnGarde","champ:FightOn","champ:Balance"],"picked":"champ:TornadoPunch","floor":15},{"not_picked":["champ:Devastate","champ:ShieldThrow","champ:LastStand"],"picked":"champ:VampiricStrike","floor":16},{"not_picked":["champ:EnGarde+1"],"picked":"champ:Circumvent+1","floor":19},{"not_picked":["champ:SkillfulDodge","champ:BladeFlurry+1"],"picked":"SKIP","floor":21},{"not_picked":[],"picked":"J.A.X.","floor":23},{"not_picked":["champ:BerserkersShout+1"],"picked":"champ:FocusedGladiator","floor":23},{"not_picked":["champ:DefensiveShout+1","champ:FalseCounter+1"],"picked":"Singing Bowl","floor":25},{"not_picked":["champ:ArenaPreparation+1"],"picked":"champ:BerserkerStyle","floor":26},{"not_picked":["champ:Aggression","champ:GladiatorsShout"],"picked":"Singing Bowl","floor":28},{"not_picked":["champ:TornadoPunch"],"picked":"champ:FlashCut","floor":29},{"not_picked":["champ:ViciousMockery","champ:FocusedDefense"],"picked":"Singing Bowl","floor":30},{"not_picked":["champ:BringItOn"],"picked":"champ:Backstep","floor":31},{"not_picked":["champ:Riposte+1","champ:FanOfKnives"],"picked":"Singing Bowl","floor":32},{"not_picked":["champ:ShieldThrow","champ:ShieldSlam"],"picked":"Singing Bowl","floor":33},{"not_picked":["champ:BerserkersShout+1","champ:RecklessLeap"],"picked":"Singing Bowl","floor":36},{"not_picked":["champ:GladiatorsShout","champ:AdrenalArmor"],"picked":"Singing Bowl","floor":37},{"not_picked":["champ:ShieldThrow","champ:IronFortress"],"picked":"Singing Bowl","floor":38},{"not_picked":["champ:Duel+1","champ:Encircle"],"picked":"Singing Bowl","floor":39},{"not_picked":["champ:EndlessRage","champ:DefensiveShout+1"],"picked":"Singing Bowl","floor":40},{"not_picked":["champ:CrookedStrike","champ:IronFortress+1"],"picked":"Singing Bowl","floor":43},{"not_picked":["champ:Encircle","champ:FocusedDefense"],"picked":"Singing Bowl","floor":44},{"not_picked":["champ:DefensiveShout","champ:Backstep"],"picked":"Singing Bowl","floor":46},{"not_picked":["champ:EnGarde+1","champ:GutPunch"],"picked":"Singing Bowl","floor":47},{"not_picked":["champ:Encircle","champ:CrookedStrike+1"],"picked":"Singing Bowl","floor":48},{"not_picked":["champ:PreciseThrust","champ:CalledShot+1"],"picked":"Singing Bowl","floor":49},{"not_picked":["champ:FaceSlap+1","champ:BladeFlurry"],"picked":"Singing Bowl","floor":52}],"player_experience":1125199,"relics_obtained":[{"floor":7.0,"key":"Bird Faced Urn"},{"floor":9,"key":"Pen Nib"},{"floor":12,"key":"Matryoshka"},{"floor":23,"key":"MutagenicStrength"},{"floor":24,"key":"Ancient Tea Set"},{"floor":24,"key":"Singing Bowl"},{"floor":28,"key":"Red Mask"},{"floor":29,"key":"Lizard Tail"},{"floor":39,"key":"CaptainsWheel"},{"floor":41,"key":"Akabeko"},{"floor":41,"key":"InkBottle"},{"floor":44,"key":"Centennial Puzzle"},{"floor":48,"key":"Whetstone"},{"floor":52,"key":"Dead Branch"}],"event_choices":[{"damage_healed":0.0,"max_hp_gain":0.0,"max_hp_loss":0.0,"gold_gain":0.0,"event_name":"Scrap Ooze","player_choice":"Success","floor":8.0,"gold_loss":0.0,"damage_taken":7.0,"relics_obtained":["Question Card"]},{"damage_healed":0,"gold_gain":0,"player_choice":"Ignored","damage_taken":0,"max_hp_gain":0,"max_hp_loss":0,"event_name":"Vampires","floor":22,"gold_loss":0},{"damage_healed":0,"gold_gain":0,"player_choice":"Fought Bandits","damage_taken":0,"max_hp_gain":0,"max_hp_loss":0,"event_name":"Masked Bandits","floor":28,"gold_loss":0},{"damage_healed":0,"gold_gain":0,"player_choice":"Fight","damage_taken":0,"max_hp_gain":0,"max_hp_loss":0,"event_name":"Mysterious Sphere","floor":39,"gold_loss":0}],"is_beta":false,"boss_relics":[{"not_picked":["Tiny House","Coffee Dripper"],"picked":"Busted Crown"},{"not_picked":["Fusion Hammer","SlaversCollar"],"picked":"champ:ChampionCrownUpgraded"}],"items_purged_floors":[38,46],"is_endless":false,"potions_floor_spawned":[2,9,14,15,16,28,30,31,33,37,39,44,48,49],"ascension_level":1}}