{"host":"lh9qfzqeqctr28d2","time":1608717774,"event":{"mods":["BaseMod","Minty Spire (QoL Compilation)","Quick Restart","Relic Stats","Remilia£®¿Ÿ√◊¿Ú—«£©","StSLib"],"gold_per_floor":[115,115,115,115,129,157,157,181,233,233,245,245,260,274,274,372,372,372],"floor_reached":17,"playtime":828,"items_purged":[],"score":189,"play_id":"e96a5292-63bc-4be6-bffc-8b2297475b72","local_time":"20201223180254","is_ascension_mode":true,"campfire_choices":[{"data":"BombardNight","floor":10,"key":"SMITH"},{"data":"ScarletDevil","floor":12,"key":"SMITH"},{"data":"TwelveNightmare","floor":15,"key":"SMITH"}],"circlet_count":0,"master_deck":["Strike_RM","Strike_RM","Strike_RM","Defend_RM","Defend_RM","Defend_RM","RedMoon","ScarletShoot","NightLord","UltimateOffering","ScarletDevil+1","BombardNight+1","VampireKiss","TwelveNightmare+1","ScarletImprint","BatForm"],"relics":["ScarletHat","NeowsBlessing","Shuriken","Singing Bowl","Pen Nib","Regal Pillow","Sozu"],"acts_visited":["Exordium","TheCity"],"potions_floor_usage":[],"damage_taken":[{"damage":0,"enemies":"Jaw Worm","floor":1,"turns":1},{"damage":0,"enemies":"Small Slimes","floor":5,"turns":1},{"damage":0,"enemies":"Gremlin Nob","floor":6,"turns":1},{"damage":0,"enemies":"2 Louse","floor":11,"turns":3},{"damage":0,"enemies":"Large Slime","floor":13,"turns":5},{"damage":2,"enemies":"Exordium Wildlife","floor":14,"turns":4},{"damage":36,"enemies":"Hexaghost","floor":16,"turns":8}],"seed_played":"-8112773285222103587","potions_obtained":[{"floor":6,"key":"Swift Potion"},{"floor":13,"key":"Ancient Potion"}],"is_trial":false,"path_per_floor":["M","?","?","?","M","E","?","T","T","R","M","R","M","M","R","B",null],"character_chosen":"REMILIA","items_purchased":[],"campfire_rested":0,"item_purchase_floors":[],"current_hp_per_floor":[75,68,68,73,73,73,61,61,61,61,63,63,68,67,67,46,80,80],"gold":372,"neow_bonus":"THREE_ENEMY_KILL","is_daily":false,"chose_seed":false,"campfire_upgraded":3,"win_rate":0.0,"timestamp":1608717774,"path_taken":["M","?","?","?","M","E","?","?","T","R","?","R","?","?","R","BOSS"],"items_purchased_type":[],"build_version":"2020-12-22","purchased_purges":0,"victory":false,"max_hp_per_floor":[75,75,75,80,80,80,80,80,80,80,80,80,80,80,80,80,80,80],"relic_stats":{"Sozu":0,"Regal Pillow":0,"Singing Bowl":0,"counters":[7,23],"Shuriken":[8],"Pen Nib":[5],"obtain_stats":[{"Sozu":17,"Regal Pillow":9,"NeowsBlessing":0,"Singing Bowl":7,"Shuriken":6,"Pen Nib":8,"ScarletHat":0},{"Sozu":7,"Regal Pillow":3,"NeowsBlessing":0,"Singing Bowl":3,"Shuriken":3,"Pen Nib":3,"ScarletHat":0},{"Sozu":23,"Regal Pillow":3,"NeowsBlessing":0,"Singing Bowl":3,"Shuriken":3,"Pen Nib":3,"ScarletHat":0}]},"card_choices":[{"not_picked":["Stigmanizer","AfternoonTea"],"picked":"NightLord","floor":1},{"not_picked":["DevilSight","DiffusionOfMisfortune"],"picked":"ScarletDevil","floor":5},{"not_picked":["ForbiddenFruit","ScarletDevil"],"picked":"BombardNight","floor":6},{"not_picked":["BloodRain","DevilSight"],"picked":"VampireKiss","floor":11},{"not_picked":["ScarletImprint","ScarletDevilSign"],"picked":"TwelveNightmare","floor":13},{"not_picked":["RedRainbow","BombardNight"],"picked":"ScarletImprint","floor":14},{"not_picked":["ScarletMeister","TricksterDevil"],"picked":"BatForm","floor":16}],"player_experience":349768,"relics_obtained":[{"floor":6,"key":"Shuriken"},{"floor":8,"key":"Pen Nib"},{"floor":9,"key":"Regal Pillow"}],"event_choices":[{"cards_removed":["Strike_RM"],"damage_healed":0,"gold_gain":0,"player_choice":"Card Removal","damage_taken":7,"max_hp_gain":0,"max_hp_loss":0,"event_name":"Golden Wing","floor":2,"gold_loss":0},{"damage_healed":0,"gold_gain":0,"cards_transformed":["Defend_RM"],"player_choice":"Change","damage_taken":0,"max_hp_gain":0,"max_hp_loss":0,"event_name":"Living Wall","floor":3,"gold_loss":0,"cards_obtained":["UltimateOffering"]},{"damage_healed":0,"gold_gain":0,"player_choice":"Donut","damage_taken":0,"max_hp_gain":5,"max_hp_loss":0,"event_name":"Big Fish","floor":4,"gold_loss":0},{"damage_healed":0,"gold_gain":0,"player_choice":"Success","damage_taken":12,"relics_obtained":["Singing Bowl"],"max_hp_gain":0,"max_hp_loss":0,"event_name":"Scrap Ooze","floor":7,"gold_loss":0}],"is_beta":false,"boss_relics":[{"not_picked":["Velvet Choker","SacredBark"],"picked":"Sozu"}],"items_purged_floors":[],"is_endless":false,"potions_floor_spawned":[6,13],"ascension_level":1}}