{"host":"30jsp143e4v19aze","time":1608688430,"event":{"mods":["BaseMod","Colored Map","Colored Powertips","Curses Come First","DeckTracker","Highlight Path","Minty Spire (QoL Compilation)","Quick Restart","Relic Stats","StSLib"],"gold_per_floor":[109,129,142,142,40,40,40,74,101,101,130,143,157,176,176,274,274,286,302,82,114,160,160,172,172,198,198,233,233,267,90,90,195,195,208,208,430,430,446,471,471,502,502,502,502],"floor_reached":44,"playtime":2421,"items_purged":["Defend_B","Barrage"],"score":646,"play_id":"306a933a-56dc-44be-b39e-6763c1ce37a2","local_time":"20201223025350","is_ascension_mode":true,"campfire_choices":[{"data":"Dualcast","floor":6,"key":"SMITH"},{"data":"Doom and Gloom","floor":10,"key":"SMITH"},{"floor":15,"key":"REST"},{"data":"Buffer","floor":23,"key":"SMITH"},{"floor":27,"key":"REST"},{"floor":32,"key":"REST"},{"floor":41,"key":"REST"}],"circlet_count":0,"master_deck":["Defend_B","Defend_B","Zap","Dualcast+1","Machine Learning","Cold Snap","Tempest","Static Discharge","Chill","Doom and Gloom+1","Loop","Sunder","Coolheaded","Buffer+1","Capacitor+1","Buffer","Loop+1","Turbo","Necronomicurse","Rainbow","Fusion","Defragment","Echo Form","Consume+1","Redo+1","Heatsinks+1","Double Energy+1"],"relics":["Cracked Core","Bronze Scales","Orichalcum","Pocketwatch","Inserter","DollysMirror","Red Mask","Necronomicon","Dream Catcher","Shuriken","StoneCalendar","Empty Cage","Prayer Wheel","Meat on the Bone","White Beast Statue"],"acts_visited":["Exordium","TheCity","TheBeyond"],"potions_floor_usage":[7,11,16,21,30,33,44,44,44],"damage_taken":[{"damage":7,"enemies":"Small Slimes","floor":1,"turns":3},{"damage":1,"enemies":"Cultist","floor":2,"turns":4},{"damage":2,"enemies":"Jaw Worm","floor":3,"turns":3},{"damage":23,"enemies":"Gremlin Nob","floor":8,"turns":4},{"damage":19,"enemies":"3 Sentries","floor":11,"turns":3},{"damage":11,"enemies":"Exordium Thugs","floor":12,"turns":2},{"damage":1,"enemies":"2 Fungi Beasts","floor":13,"turns":2},{"damage":8,"enemies":"3 Louse","floor":14,"turns":2},{"damage":2,"enemies":"The Guardian","floor":16,"turns":9},{"damage":6,"enemies":"3 Byrds","floor":18,"turns":2},{"damage":31,"enemies":"2 Thieves","floor":19,"turns":3},{"damage":0,"enemies":"Masked Bandits","floor":21,"turns":2},{"damage":2,"enemies":"Centurion and Healer","floor":24,"turns":6},{"damage":15,"enemies":"Book of Stabbing","floor":28,"turns":4},{"damage":15,"enemies":"Gremlin Leader","floor":30,"turns":5},{"damage":7,"enemies":"Champ","floor":33,"turns":9},{"damage":6,"enemies":"3 Shapes","floor":35,"turns":7},{"damage":0,"enemies":"Orb Walker","floor":39,"turns":5},{"damage":42,"enemies":"Reptomancer","floor":40,"turns":6},{"damage":0,"enemies":"Giant Head","floor":42,"turns":11},{"damage":76,"enemies":"Nemesis","floor":44,"turns":6}],"seed_played":"-640618106408155778","potions_obtained":[{"floor":2,"key":"Ancient Potion"},{"floor":3,"key":"Dexterity Potion"},{"floor":7,"key":"Fruit Juice"},{"floor":7,"key":"PowerPotion"},{"floor":8,"key":"Explosive Potion"},{"floor":14,"key":"Explosive Potion"},{"floor":16,"key":"SteroidPotion"},{"floor":21,"key":"Fire Potion"},{"floor":30,"key":"DuplicationPotion"},{"floor":35,"key":"LiquidBronze"}],"is_trial":false,"path_per_floor":["M","M","M","?","$","R","?","E","T","R","E","M","M","M","R","B",null,"M","M","$","?","T","R","M","?","T","R","E","?","E","$","R","B",null,"M","?","?","$","M","E","R","E","T","E"],"character_chosen":"DEFECT","items_purchased":["Static Discharge","Chill","DollysMirror","Defragment"],"campfire_rested":4,"item_purchase_floors":[5,5,20,31],"current_hp_per_floor":[68,67,65,58,58,58,63,40,40,40,21,10,9,1,25,23,80,74,43,43,43,43,43,41,25,25,49,34,34,19,19,43,36,80,74,74,74,74,74,32,54,54,54,0,0],"gold":502,"neow_bonus":"ONE_RANDOM_RARE_CARD","is_daily":false,"chose_seed":false,"campfire_upgraded":3,"win_rate":0.0,"timestamp":1608688430,"path_taken":["M","M","M","?","$","R","?","E","T","R","E","M","M","?","R","BOSS","M","M","$","?","?","R","?","?","T","R","E","?","E","?","R","BOSS","M","?","?","$","M","E","R","E","T","E"],"items_purchased_type":["Card","Card","Relic","Card"],"build_version":"2020-12-13","purchased_purges":2,"victory":false,"max_hp_per_floor":[75,75,75,75,75,75,80,80,80,80,80,80,80,80,80,80,80,80,80,80,80,80,80,80,80,80,80,80,80,80,80,80,80,80,80,76,76,76,76,76,76,76,76,76,76],"relic_stats":{"Dream Catcher":3,"Inserter":[32],"counters":[21,98],"Shuriken":[6],"Bronze Scales":[235],"StoneCalendar":[107],"Prayer Wheel":0,"Necronomicon":[16],"Orichalcum":[240],"obtain_stats":[{"Inserter":17,"StoneCalendar":30,"Orichalcum":9,"Empty Cage":34,"White Beast Statue":43,"Dream Catcher":26,"DollysMirror":20,"Shuriken":28,"Bronze Scales":8,"Prayer Wheel":40,"Red Mask":21,"Necronomicon":25,"Cracked Core":0,"Pocketwatch":11,"Meat on the Bone":42},{"Inserter":9,"StoneCalendar":15,"Orichalcum":4,"Empty Cage":16,"White Beast Statue":20,"Dream Catcher":13,"DollysMirror":11,"Shuriken":14,"Bronze Scales":4,"Prayer Wheel":19,"Red Mask":12,"Necronomicon":13,"Cracked Core":0,"Pocketwatch":5,"Meat on the Bone":20},{"Inserter":32,"StoneCalendar":54,"Orichalcum":14,"Empty Cage":63,"White Beast Statue":92,"Dream Catcher":45,"DollysMirror":37,"Shuriken":49,"Bronze Scales":14,"Prayer Wheel":81,"Red Mask":39,"Necronomicon":45,"Cracked Core":0,"Pocketwatch":17,"Meat on the Bone":92}],"Pocketwatch":[129],"Meat on the Bone":0},"card_choices":[{"not_picked":["Hologram","Beam Cell","Skim"],"picked":"SKIP","floor":1},{"not_picked":["Redo","Turbo"],"picked":"Cold Snap","floor":2},{"not_picked":["Rip and Tear","Fusion"],"picked":"Tempest","floor":3},{"not_picked":["Turbo","Chaos"],"picked":"Doom and Gloom","floor":8},{"not_picked":["Conserve Battery","Go for the Eyes"],"picked":"Loop","floor":11},{"not_picked":["Sweeping Beam","Rebound","Compile Driver"],"picked":"SKIP","floor":12},{"not_picked":["Undo","Meteor Strike"],"picked":"Sunder","floor":13},{"not_picked":["Coolheaded","Chill","White Noise"],"picked":"SKIP","floor":14},{"not_picked":["Chill","White Noise"],"picked":"Coolheaded","floor":14},{"not_picked":["Machine Learning","Seek"],"picked":"Buffer","floor":16},{"not_picked":["Redo","Sunder"],"picked":"Capacitor+1","floor":18},{"not_picked":["Loop","Capacitor+1","Auto Shields"],"picked":"SKIP","floor":19},{"not_picked":["Reprogram+1","Redo"],"picked":"Loop+1","floor":21},{"not_picked":["Redo","Chill"],"picked":"Turbo","floor":24},{"not_picked":["Chaos","BootSequence"],"picked":"Rainbow","floor":28},{"not_picked":["Auto Shields","Compile Driver","Steam"],"picked":"SKIP","floor":30},{"not_picked":["Thunder Strike","Rainbow"],"picked":"Echo Form","floor":33},{"not_picked":["Streamline+1","Rebound+1"],"picked":"Consume+1","floor":35},{"not_picked":["Capacitor","Gash"],"picked":"Redo+1","floor":39},{"not_picked":["Hyperbeam","Go for the Eyes+1"],"picked":"Heatsinks+1","floor":40},{"not_picked":["BootSequence","Glacier+1"],"picked":"Double Energy+1","floor":42}],"player_experience":3081522,"relics_obtained":[{"floor":8,"key":"Bronze Scales"},{"floor":9,"key":"Orichalcum"},{"floor":11,"key":"Pocketwatch"},{"floor":21,"key":"Red Mask"},{"floor":25,"key":"Necronomicon"},{"floor":26,"key":"Dream Catcher"},{"floor":28,"key":"Shuriken"},{"floor":30,"key":"StoneCalendar"},{"floor":40,"key":"Prayer Wheel"},{"floor":42,"key":"Meat on the Bone"},{"floor":43,"key":"White Beast Statue"}],"event_choices":[{"cards_removed":["Strike_B"],"damage_healed":0,"gold_gain":0,"player_choice":"Card Removal","damage_taken":7,"max_hp_gain":0,"max_hp_loss":0,"event_name":"Golden Wing","floor":4,"gold_loss":0},{"damage_healed":0,"gold_gain":0,"player_choice":"Got Potions","damage_taken":0,"max_hp_gain":0,"max_hp_loss":0,"event_name":"Lab","floor":7,"gold_loss":0},{"damage_healed":0,"gold_gain":0,"player_choice":"Fought Bandits","damage_taken":0,"max_hp_gain":0,"max_hp_loss":0,"event_name":"Masked Bandits","floor":21,"gold_loss":0},{"damage_healed":0,"gold_gain":0,"player_choice":"Obtained Book","damage_taken":16,"max_hp_gain":0,"max_hp_loss":0,"event_name":"Cursed Tome","floor":25,"gold_loss":0},{"damage_healed":0,"gold_gain":0,"cards_transformed":["Strike_B","Defend_B"],"player_choice":"Became Test Subject","damage_taken":0,"max_hp_gain":0,"max_hp_loss":0,"event_name":"Drug Dealer","floor":29,"gold_loss":0,"cards_obtained":["Barrage","Fusion"]},{"damage_healed":0,"gold_gain":0,"player_choice":"Max HP","damage_taken":0,"max_hp_gain":0,"max_hp_loss":4,"event_name":"Winding Halls","floor":36,"gold_loss":0},{"damage_healed":0,"gold_gain":222,"player_choice":"Wore Mask","damage_taken":0,"max_hp_gain":0,"max_hp_loss":0,"event_name":"Tomb of Lord Red Mask","floor":37,"gold_loss":0}],"is_beta":false,"boss_relics":[{"not_picked":["Astrolabe","Cursed Key"],"picked":"Inserter"},{"not_picked":["Black Star","SacredBark"],"picked":"Empty Cage"}],"items_purged_floors":[20,31],"is_endless":false,"potions_floor_spawned":[2,3,8,14,16,21,28,30,35],"killed_by":"Nemesis","ascension_level":3}}