{"host":"omov159tyjzan9wn","time":1608727671,"event":{"mods":["2.2 Compatiblity","AchievementEnabler","Aspiration","BaseMod","Better Note","BetterRewards","Colored Powertips","Downfall","Friendly Minions","Googly Eyes","Hermit","Highlight Path","Hubris","KinomotoSakuraMod(????)","Kiyohime????","Koishi","Lobotomy","Mad Scientist","Marisa????????","Minty Spire (QoL Compilation)","Prisma Mod","Quick Restart","Remilia??????","Replay The Spire","Shop Mod","StSLib","The Administrix","The Animator","The Bug Knight","The Cursed","The Hierophant","The IronCluck","The Mystic","The Servant 0.9.4","Yohane!","everything is the same but u backflip on backflip"],"gold_per_floor":[109,109,109,213,225,266,291,291,360,410,452,24,24,44,44,168,1268,1286,1286,1286,1328,1358,1358,1358,459,459,487,487,566,205,249,249,366,366,411,431,431,431,444,444,472,472,472,472,492,521,521,541,541,541,541],"floor_reached":50,"playtime":3594,"items_purged":["Strike_MRS","Strike_MRS"],"score":1068,"play_id":"f6326799-41d7-46d4-83e4-a476a356d267","local_time":"20201223124751","is_ascension_mode":false,"campfire_choices":[{"data":"Mayhem","floor":8.0,"key":"SMITH"},{"data":"DarkMatter","floor":15.0,"key":"SMITH"},{"data":"SporeBomb","floor":23.0,"key":"SMITH"},{"data":"Metallicize","floor":32.0,"key":"SMITH"},{"data":"Barricade","floor":40.0,"key":"SMITH"},{"floor":44,"key":"RECALL"},{"data":"UltimateShortwave","floor":47,"key":"SMITH"},{"data":"DeepEcoloBomb","floor":49,"key":"SMITH"}],"circlet_count":0,"master_deck":["Strike_MRS","Strike_MRS+1","Defend_MRS","Defend_MRS","Defend_MRS+1","Defend_MRS+1","UpSweep","FinalSpark","SporeBomb+1","Mayhem+1","WitchOfGreed","GalacticHalo","IllusionStar","Reaper","DarkMatter+1","CasketOfStar+1","DeepEcoloBomb+1","UltimateShortwave+1","PropBag","OortCloud+1","MysteriousBeam","Ghostly","Ghostly","Ghostly","Ghostly","Ghostly","Metallicize+1","TreasureHunter","Acceleration+1","Barricade+1","Escape Plan","Flechettes","hubris:Sniper","Mayhem+1","MagicChant+1"],"relics":["MiniHakkero","aspiration:Nostalgia","m_ChemicalBlood","Lantern","Lizard Tail","MerchantsRug","White Beast Statue","Iron Hammer","hubris:TenFootPole","Quantum Egg","Sling","Replay:Grab Bag","Replay:Wanted Poster","RampagingMagicTools","ExperimentalFamiliar","aspiration:IroncladSkillbook","Torii","hubris:BottledHeart","hubris:SlimyHat","Whetstone","Membership Card","The Courier","HandDrill","Replay:Multitool","BreadOfAWashokuLover","Replay:Mystery Machine","Mango","aspiration:Lifesprig","Ginger","hubris:Metronome","Dream Catcher","Membership Card","HollowMod:LifeEnderRelic","aspiration:HummingbirdHeart","Replay:Baseball","FossilizedHelix","hubris:CrackedHourglass","hubris:BottledRain","Vajra","aspiration:HatOfInfinitePower","Kunai"],"acts_visited":["Exordium","TheCity","TheBeyond"],"potions_floor_usage":[50,50,50],"damage_taken":[{"damage":0.0,"enemies":"Small Slimes","floor":1.0,"turns":4.0},{"damage":0.0,"enemies":"2 Louse","floor":5.0,"turns":2.0},{"damage":12.0,"enemies":"Gremlin Nob","floor":6.0,"turns":4.0},{"damage":0.0,"enemies":"Jaw Worm","floor":7.0,"turns":2.0},{"damage":21.0,"enemies":"3 Sentries","floor":10.0,"turns":5.0},{"damage":16.0,"enemies":"Blue Slaver","floor":11.0,"turns":4.0},{"damage":0.0,"enemies":"Large Slime","floor":14.0,"turns":1.0},{"damage":16.0,"enemies":"Slime Boss","floor":16.0,"turns":5.0},{"damage":11.0,"enemies":"2 Thieves","floor":18.0,"turns":3.0},{"damage":0.0,"enemies":"Shell Parasite","floor":21.0,"turns":2.0},{"damage":0.0,"enemies":"Slavers","floor":27.0,"turns":2.0},{"damage":0.0,"enemies":"Gremlin Leader","floor":29.0,"turns":3.0},{"damage":0.0,"enemies":"Cultist and Chosen","floor":31.0,"turns":3.0},{"damage":0.0,"enemies":"Pondfish","floor":33.0,"turns":6.0},{"damage":0.0,"enemies":"Orb Walker","floor":35.0,"turns":3.0},{"damage":0.0,"enemies":"3 Darklings","floor":36.0,"turns":1.0},{"damage":0.0,"enemies":"Sphere and 2 Shapes","floor":39.0,"turns":4.0},{"damage":0.0,"enemies":"Reptomancer","floor":41.0,"turns":4.0},{"damage":0,"enemies":"Maw","floor":45,"turns":4},{"damage":0,"enemies":"3 Darklings","floor":46,"turns":4},{"damage":0,"enemies":"Spire Growth","floor":48,"turns":4},{"damage":2,"enemies":"Time Eater","floor":50,"turns":7}],"seed_played":"7146898848537764266","potions_obtained":[{"floor":1.0,"key":"EssenceOfSteel"},{"floor":5.0,"key":"Ancient Potion"},{"floor":6.0,"key":"Doom Potion"},{"floor":7.0,"key":"Fire Potion"},{"floor":10.0,"key":"AttackPotion"},{"floor":11.0,"key":"BlessingOfTheForge"},{"floor":14.0,"key":"Strength Potion"},{"floor":16.0,"key":"SpeedPotion"},{"floor":21.0,"key":"Swift Potion"},{"floor":27.0,"key":"BottledSpark"},{"floor":31.0,"key":"Guardian:BlockOnCardUsePotion"},{"floor":33.0,"key":"BottledSpark"},{"floor":35.0,"key":"Energy Potion"},{"floor":41.0,"key":"LifebloodPotion"},{"floor":45,"key":"SpeedPotion"},{"floor":46,"key":"champ:CounterPotion"},{"floor":48,"key":"Energy Potion"}],"is_trial":false,"path_per_floor":["M","?","?","$","M","E","M","R","T","E","M","$","?","M","R","B",null,"M","?","?","M","?","R","?","$","T","E","?","E","$","M","R","B",null,"M","M","?","?","M","R","E","?","T","R","M","M","R","M","R","B"],"character_chosen":"MARISA","items_purchased":["Lantern","Lizard Tail","Mayhem","MerchantsRug","WitchOfGreed","Quantum Egg","Sling","DeepEcoloBomb","hubris:SlimyHat","Whetstone","HandDrill","Replay:Multitool","BreadOfAWashokuLover","Replay:Mystery Machine","Mango","aspiration:Lifesprig","Membership Card","ReplayTheSpireMod:Muscle Training","TreasureHunter","HollowMod:LifeEnderRelic","aspiration:HummingbirdHeart","Replay:Baseball"],"campfire_rested":0,"item_purchase_floors":[4,4,4,4,4,12,12,12,25,25,25,25,25,25,25,25,30,30,30,30,30,30],"current_hp_per_floor":[75,60,60,60,60,48,48,48,48,42,32,32,57,57,57,53,75,70,70,70,74,74,74,1,1,1,1,1,1,1,1,1,1,1,1,1,1,1,1,1,1,1,1,1,1,1,1,1,1,0,0],"gold":541,"neow_bonus":"NOSTALGIA","is_daily":false,"chose_seed":false,"campfire_upgraded":7,"win_rate":0.0,"timestamp":1608727671,"path_taken":["M","?","?","?","M","E","M","R","T","E","M","$","?","M","R","BOSS","M","?","?","?","?","R","?","$","T","E","?","E","$","M","R","BOSS","M","M","?","?","M","R","E","?","T","R","?","M","R","?","R","BOSS"],"items_purchased_type":["Card","Relic","Card","Relic","Card","Relic","Relic","Card","Relic","Relic","Relic","Relic","Relic","Relic","Relic","Relic","Relic","Card","Card","Relic","Relic","Relic"],"build_version":"2020-12-22","purchased_purges":2,"victory":false,"max_hp_per_floor":[75,75,75,75,75,75,75,75,75,75,75,75,75,75,75,75,75,75,75,75,75,75,75,1,1,1,1,1,1,1,1,1,1,1,1,1,1,1,1,1,1,1,1,1,1,1,1,1,1,1,1],"card_choices":[{"not_picked":["DarkSpark","Acceleration"],"picked":"SporeBomb","floor":1.0},{"not_picked":["Battle Trance","GrandCross"],"picked":"GalacticHalo","floor":5.0},{"not_picked":["UnstableBomb","NonDirectionalLaser"],"picked":"IllusionStar","floor":6.0},{"not_picked":["StarlightTyphoon","DC"],"picked":"Reaper","floor":7.0},{"not_picked":["ChargeUpSpray","IllusionStar"],"picked":"DarkMatter","floor":10.0},{"not_picked":["GalacticHalo","NonDirectionalLaser"],"picked":"IllusionStar","floor":11.0},{"not_picked":["DC","WitchOfGreed","DoubleSpark"],"picked":"SKIP","floor":14.0},{"not_picked":["MillisecondPulsars","Reaper"],"picked":"UltimateShortwave","floor":16.0},{"not_picked":["Evolve","Battle Trance","Clash"],"picked":"PropBag","floor":18.0},{"not_picked":["Thunderclap+1","hubris:ReadiedAction+1","Sword Boomerang+1"],"picked":"MysteriousBeam","floor":21.0},{"not_picked":["Abandon+1","hubris:CleavingFinish","SprinkleStarSeal"],"picked":"DoubleSpark","floor":27.0},{"not_picked":["Flex","AlicesGift","hubris:ReadiedAction+1"],"picked":"Metallicize","floor":29.0},{"not_picked":["Ghostly Armor","Iron Wave","Havoc"],"picked":"Acceleration+1","floor":31.0},{"not_picked":["AbsoluteMagnitude","Corruption","Exhume"],"picked":"Barricade","floor":33.0},{"not_picked":["Run Through","Twin Strike+1","Feel No Pain+1","Searing Blow"],"picked":"SKIP","floor":35.0},{"not_picked":["Spot Weakness","Robbery+1","Dark Embrace+1","Headbutt+1"],"picked":"SKIP","floor":36.0},{"not_picked":["Iron Wave+1","6A+1","Shrug It Off+1","hubris:SharpeningStone+1"],"picked":"SKIP","floor":39.0},{"not_picked":["Dark Embrace+1","Immolate","PowerUp","6A"],"picked":"SKIP","floor":41.0},{"not_picked":["OrrerysSun","Headbutt+1","UnstableBomb+1","Run Through"],"picked":"SKIP","floor":45},{"not_picked":["Havoc","Warcry","Headbutt+1","ReplayTheSpireMod:Muscle Training+1"],"picked":"SKIP","floor":46},{"not_picked":["ReplayTheSpireMod:LeadingStrike+1","Replay:Undeath\u0027s Touch","Anger+1"],"picked":"MagicChant+1","floor":48}],"player_experience":81186,"relics_obtained":[{"floor":6.0,"key":"White Beast Statue"},{"floor":9.0,"key":"Iron Hammer"},{"floor":10.0,"key":"hubris:TenFootPole"},{"floor":22.0,"key":"Torii"},{"floor":26.0,"key":"Ginger"},{"floor":27.0,"key":"hubris:Metronome"},{"floor":29.0,"key":"Dream Catcher"},{"floor":33.0,"key":"FossilizedHelix"},{"floor":41.0,"key":"hubris:BottledRain"},{"floor":41.0,"key":"Vajra"},{"floor":43.0,"key":"aspiration:HatOfInfinitePower"}],"event_choices":[{"damage_healed":0.0,"max_hp_gain":0.0,"max_hp_loss":0.0,"gold_gain":0.0,"event_name":"Shining Light","player_choice":"Entered Light","floor":2.0,"gold_loss":0.0,"damage_taken":15.0,"cards_upgraded":["Defend_MRS","Defend_MRS"]},{"damage_healed":0.0,"max_hp_gain":0.0,"max_hp_loss":0.0,"gold_gain":0.0,"event_name":"The Cleric","player_choice":"Leave","floor":3.0,"gold_loss":0.0,"damage_taken":0.0},{"damage_healed":25.0,"max_hp_gain":0.0,"max_hp_loss":0.0,"gold_gain":0.0,"event_name":"Big Fish","player_choice":"Banana","floor":13.0,"gold_loss":0.0,"damage_taken":0.0},{"cards_removed":["Mayhem"],"damage_healed":0.0,"max_hp_gain":0.0,"max_hp_loss":0.0,"gold_gain":0.0,"event_name":"betterNote:BetterNote","player_choice":"Take \u0026 Give","floor":19.0,"gold_loss":0.0,"damage_taken":0.0,"cards_obtained":["OortCloud"]},{"damage_healed":0.0,"max_hp_gain":0.0,"max_hp_loss":0.0,"gold_gain":0.0,"event_name":"Vampires","player_choice":"Ignored","floor":20.0,"gold_loss":0.0,"damage_taken":0.0},{"damage_healed":0.0,"max_hp_gain":0.0,"max_hp_loss":0.0,"gold_gain":0.0,"event_name":"Ghosts","player_choice":"Became a Ghost","floor":28.0,"gold_loss":0.0,"damage_taken":0.0,"cards_obtained":["Ghostly","Ghostly","Ghostly","Ghostly","Ghostly"]},{"cards_removed":["MasterSpark"],"damage_healed":0.0,"max_hp_gain":0.0,"max_hp_loss":0.0,"gold_gain":0.0,"event_name":"Falling","player_choice":"Removed Attack","floor":37.0,"gold_loss":0.0,"damage_taken":0.0},{"damage_healed":0.0,"max_hp_gain":0.0,"max_hp_loss":0.0,"gold_gain":0.0,"event_name":"Duplicator","player_choice":"Copied","floor":42.0,"gold_loss":0.0,"damage_taken":0.0,"cards_obtained":["Mayhem"]}],"is_beta":false,"boss_relics":[{"not_picked":["BewitchedHakkero","aspiration:ServantSkillbook"],"picked":"Replay:Grab Bag"},{"not_picked":["Runic Dome","Busted Crown"],"picked":"Replay:Wanted Poster"},{"not_picked":["Philosopher\u0027s Stone","Sozu"],"picked":"RampagingMagicTools"},{"not_picked":["Kintsugi","SlaversCollar"],"picked":"ExperimentalFamiliar"},{"not_picked":["hubris:Stopwatch","Replay:Drink Me"],"picked":"aspiration:IroncladSkillbook"},{"not_picked":["Replay:Bronze Core","aspiration:FutureDiary"],"picked":"hubris:CrackedHourglass"}],"items_purged_floors":[4,30],"is_endless":false,"potions_floor_spawned":[1,5,7,10,11,14,16,18,21,27,29,31,33,35,36,39,41,45,46,48],"killed_by":"Time Eater","ascension_level":0}}