{"host":"zig6x0mxqzam82fb","time":1608754661,"event":{"mods":["BaseMod","Block Reminder","Colored Map","Colored Powertips","Minty Spire (QoL Compilation)","Relic Stats"],"gold_per_floor":[17,32,32,46,57,88,88,114,188,188,200,200,221,8,8,113,113,124,143,21,121,134,134,134],"floor_reached":23,"playtime":1677,"items_purged":[],"score":271,"play_id":"1484bccb-5137-4637-bded-eb65cdf4d593","local_time":"20201223151741","is_ascension_mode":true,"campfire_choices":[{"floor":7,"key":"REST"},{"floor":10,"key":"REST"},{"floor":12,"key":"REST"},{"floor":15,"key":"REST"}],"circlet_count":0,"master_deck":["Strike_B","Strike_B","Strike_B","Strike_B","Defend_B","Defend_B","Defend_B","Defend_B","Zap","Dualcast","Rainbow+1","Rebound","Melter","Compile Driver","Aggregate","Buffer","Glacier","Defragment","Conserve Battery","Electrodynamics","Leap","Stack","Echo Form","Leap","Conserve Battery","Capacitor","Sweeping Beam","Skim"],"relics":["Cracked Core","Dead Branch","Pocketwatch","Mummified Hand","Odd Mushroom","Sozu"],"acts_visited":["Exordium","TheCity"],"potions_floor_usage":[16,16,16,23],"damage_taken":[{"damage":0,"enemies":"2 Louse","floor":1,"turns":3},{"damage":12,"enemies":"Small Slimes","floor":2,"turns":3},{"damage":4,"enemies":"Jaw Worm","floor":4,"turns":3},{"damage":10,"enemies":"Gremlin Gang","floor":5,"turns":5},{"damage":26,"enemies":"Gremlin Nob","floor":6,"turns":4},{"damage":21,"enemies":"3 Sentries","floor":8,"turns":7},{"damage":0,"enemies":"Exordium Thugs","floor":11,"turns":3},{"damage":18,"enemies":"The Mushroom Lair","floor":13,"turns":4},{"damage":2,"enemies":"Slime Boss","floor":16,"turns":5},{"damage":6,"enemies":"Shell Parasite","floor":18,"turns":6},{"damage":11,"enemies":"2 Thieves","floor":19,"turns":3},{"damage":13,"enemies":"Chosen and Byrds","floor":22,"turns":6},{"damage":46,"enemies":"Slavers","floor":23,"turns":3}],"seed_played":"6912195966036739905","potions_obtained":[{"floor":4,"key":"SpeedPotion"},{"floor":8,"key":"FearPotion"},{"floor":11,"key":"Strength Potion"},{"floor":16,"key":"EssenceOfDarkness"}],"is_trial":false,"path_per_floor":["M","M","?","M","M","E","R","E","T","R","M","R","?","$","R","B",null,"M","M","$","?","M","E"],"character_chosen":"DEFECT","items_purchased":["Electrodynamics","Leap","Stack","Capacitor","Sweeping Beam"],"campfire_rested":4,"item_purchase_floors":[14,14,14,20,20],"current_hp_per_floor":[68,56,56,52,42,16,38,17,17,39,39,61,43,43,65,63,72,66,55,55,55,42,0,0],"gold":134,"neow_bonus":"THREE_RARE_CARDS","is_daily":false,"chose_seed":false,"campfire_upgraded":0,"win_rate":0.0,"timestamp":1608754661,"path_taken":["M","M","?","M","M","E","R","E","T","R","M","R","?","$","R","BOSS","M","M","$","?","?","E"],"items_purchased_type":["Card","Card","Card","Card","Card"],"build_version":"2020-12-22","purchased_purges":0,"victory":false,"max_hp_per_floor":[75,75,75,75,75,75,75,75,75,75,75,75,75,75,75,75,75,75,75,75,75,75,75,75],"relic_stats":{"Sozu":2,"counters":[13,55],"Mummified Hand":[25],"Dead Branch":[8],"obtain_stats":[{"Sozu":17,"Mummified Hand":9,"Dead Branch":6,"Odd Mushroom":13,"Cracked Core":0,"Pocketwatch":8},{"Sozu":9,"Mummified Hand":6,"Dead Branch":5,"Odd Mushroom":8,"Cracked Core":0,"Pocketwatch":6},{"Sozu":37,"Mummified Hand":25,"Dead Branch":18,"Odd Mushroom":32,"Cracked Core":0,"Pocketwatch":25}],"Pocketwatch":[27]},"card_choices":[{"not_picked":["Hyperbeam","Reboot"],"picked":"Rainbow","floor":0},{"not_picked":["Gash","Capacitor"],"picked":"Rebound","floor":1},{"not_picked":["Compile Driver","Turbo"],"picked":"Melter","floor":2},{"not_picked":["Turbo","Skim"],"picked":"Compile Driver","floor":4},{"not_picked":["Force Field","Darkness"],"picked":"Aggregate","floor":5},{"not_picked":["Heatsinks","Cold Snap"],"picked":"Buffer","floor":6},{"not_picked":["Undo","Cold Snap"],"picked":"Glacier","floor":8},{"not_picked":["Static Discharge","Steam"],"picked":"Defragment","floor":11},{"not_picked":["Compile Driver","Steam Power"],"picked":"Conserve Battery","floor":13},{"not_picked":["Amplify","Biased Cognition"],"picked":"Echo Form","floor":16},{"not_picked":["Cold Snap","Sweeping Beam"],"picked":"Leap","floor":18},{"not_picked":["Cold Snap+1","Rebound+1"],"picked":"Conserve Battery","floor":19},{"not_picked":["Gash","Stack"],"picked":"Skim","floor":22}],"player_experience":306066,"relics_obtained":[{"floor":6,"key":"Dead Branch"},{"floor":8,"key":"Pocketwatch"},{"floor":9,"key":"Mummified Hand"},{"floor":13,"key":"Odd Mushroom"}],"event_choices":[{"damage_healed":0,"gold_gain":0,"player_choice":"Grow","damage_taken":0,"max_hp_gain":0,"max_hp_loss":0,"event_name":"Living Wall","floor":3,"gold_loss":0,"cards_upgraded":["Rainbow"]},{"damage_healed":0,"gold_gain":0,"player_choice":"Fought Mushrooms","damage_taken":0,"max_hp_gain":0,"max_hp_loss":0,"event_name":"Mushrooms","floor":13,"gold_loss":0},{"damage_healed":0,"gold_gain":100,"player_choice":"Pray","damage_taken":0,"max_hp_gain":0,"max_hp_loss":0,"event_name":"Golden Shrine","floor":21,"gold_loss":0}],"is_beta":false,"boss_relics":[{"not_picked":["Nuclear Battery","SlaversCollar"],"picked":"Sozu"}],"items_purged_floors":[],"is_endless":false,"potions_floor_spawned":[4,8,11,16,18,22],"killed_by":"Slavers","ascension_level":7}}