{"host":"9kuc8qxv67wkis18","time":1608689045,"event":{"mods":["2.2 Compatiblity","AchievementEnabler","Aspiration","Astrologer","Bard","BaseMod","Beaked The Cultist","Bestiary","Better Note","Better Third Choice","Block Reminder","Challenge The Spire","Conspire","Curses Come First","GifTheSpireLib","Glutton Mod","Halation","Hermit","Highlight Path","Hubris","Infinite Spire","Jorbs\u0027s Wanderer Trilogy","Marked Mod","Melee Mod","Minty Spire (QoL Compilation)","Permanent Neow","Potionbrewer","Random Character Button","Rare Cards Sparkle","Replay The Spire","Shade Mod","Somnambulant","Spikes Relics","StSLib","Stuff the Spire","The Accelerator","The Blue Laboratory","The Construct","The Cursed","The Florist","The Forsaken","The Hierophant","The Judge","The Juggle","The Jungle","The Necromancer","The Showman","The Wild Card","TheArtist","Thieving Mod","everything is the same but u backflip on backflip","thorton","vexMod"],"gold_per_floor":[117,128,144,144,199,199,224,224,224,235,235,235,235,267,267,367,367,381,398,498,579,269,269,269,269],"floor_reached":24,"playtime":2322,"items_purged":[],"score":202,"play_id":"828b7634-f798-4c99-aaf2-dfea4348f257","local_time":"20201222210405","is_ascension_mode":false,"campfire_choices":[{"data":"hermit:Strike_Hermit","floor":6,"key":"SMITH"},{"data":"hermit:Strike_Hermit","floor":8,"key":"SMITH"},{"data":"hermit:Strike_Hermit","floor":11,"key":"SMITH"},{"floor":13,"key":"REST"},{"data":"hermit:Covet","floor":15,"key":"SMITH"},{"data":"hermit:Defend_Hermit","floor":23,"key":"SMITH"}],"circlet_count":0,"master_deck":["hermit:Strike_Hermit+1","hermit:Strike_Hermit+1","hermit:Strike_Hermit+1","hermit:Strike_Hermit+1","hermit:Defend_Hermit+1","hermit:Defend_Hermit","hermit:Defend_Hermit","hermit:Defend_Hermit","hermit:Snapshot","hermit:Covet+1","hermit:Glare","hermit:HighNoon","hermit:Glare"],"relics":["hermit:Momento","conspire:TopHat","theForsaken:ScaryMask","ReplayTheSpireMod:Ninjato","Iron Hammer","hubris:ScarierMask","halation:WeightlessCrab","Sling","Lantern"],"acts_visited":["Exordium","TheCity"],"potions_floor_usage":[7],"damage_taken":[{"damage":0,"enemies":"Small Slimes","floor":1,"turns":3},{"damage":0,"enemies":"Jaw Worm","floor":2,"turns":3},{"damage":1,"enemies":"2 Louse","floor":3,"turns":3},{"damage":27,"enemies":"Lagavulin","floor":7,"turns":6},{"damage":9,"enemies":"Large Slime","floor":10,"turns":5},{"damage":12,"enemies":"3 Sentries","floor":14,"turns":7},{"damage":22,"enemies":"Slime Boss","floor":16,"turns":8},{"damage":0,"enemies":"Shell Parasite","floor":18,"turns":3},{"damage":1,"enemies":"Chosen","floor":19,"turns":6},{"damage":1,"enemies":"Replay:Snechameleon","floor":24,"turns":3}],"seed_played":"-4586829162961906461","potions_obtained":[{"floor":2,"key":"blueLaboratory:Moonshine"},{"floor":3,"key":"hermit:Tonic"},{"floor":7,"key":"blueLaboratory:PolymorphPotion"},{"floor":16,"key":"potionbrewer:FreezingPotion"}],"is_trial":false,"path_per_floor":["M","M","M","$","?","R","E","R","T","M","R","?","R","E","R","B",null,"M","M","?","T","$","R","E"],"character_chosen":"HERMIT","items_purchased":["Sling","Lantern"],"campfire_rested":1,"item_purchase_floors":[22,22],"current_hp_per_floor":[75,75,74,74,74,74,47,47,47,38,38,38,60,48,48,26,75,75,74,74,74,74,74,73,73],"gold":269,"neow_bonus":"RANDOM_COMMON_RELIC","is_daily":false,"chose_seed":false,"campfire_upgraded":5,"win_rate":0.0,"timestamp":1608689045,"path_taken":["M","M","M","$","?","R","E","R","T","M","R","?","R","E","R","BOSS","M","M","?","?","$","R","E"],"items_purchased_type":["Relic","Relic"],"build_version":"2020-12-13","purchased_purges":0,"victory":false,"max_hp_per_floor":[75,75,75,75,75,75,75,75,75,75,75,75,75,75,75,75,75,75,75,75,75,75,75,75,75],"card_choices":[{"not_picked":["hermit:Snipe","hermit:Desperado","hermit:Gestalt"],"picked":"SKIP","floor":1},{"not_picked":["hermit:Snipe","hermit:Brawl"],"picked":"hermit:Glare","floor":2},{"not_picked":["hermit:Coalescence","hermit:BodyArmor","hermit:Gestalt"],"picked":"SKIP","floor":3},{"not_picked":["hermit:Desperado","hermit:GoldenBullet"],"picked":"hermit:HighNoon","floor":7},{"not_picked":["hermit:Dive","hermit:Deadeye","hermit:Virtue"],"picked":"SKIP","floor":10},{"not_picked":["hermit:HeroicBravado","hermit:Manifest","hermit:Ricochet"],"picked":"SKIP","floor":14},{"not_picked":["hermit:TakeAim+1","hermit:LowProfile","hermit:CalledShot"],"picked":"SKIP","floor":18},{"not_picked":["hermit:Vantage","hermit:TakeAim"],"picked":"hermit:Glare","floor":19}],"player_experience":118324,"relics_obtained":[{"floor":7,"key":"theForsaken:ScaryMask"},{"floor":9,"key":"ReplayTheSpireMod:Ninjato"},{"floor":14,"key":"Iron Hammer"},{"floor":21,"key":"halation:WeightlessCrab"}],"event_choices":[{"damage_healed":0,"gold_gain":55,"player_choice":"Gained Gold","damage_taken":0,"max_hp_gain":0,"max_hp_loss":0,"event_name":"Golden Wing","floor":5,"gold_loss":0},{"damage_healed":0,"gold_gain":0,"player_choice":"Grow","damage_taken":0,"max_hp_gain":0,"max_hp_loss":0,"event_name":"Living Wall","floor":12,"gold_loss":0,"cards_upgraded":["hermit:Strike_Hermit"]},{"damage_healed":0,"gold_gain":100,"player_choice":"Pray","damage_taken":0,"max_hp_gain":0,"max_hp_loss":0,"event_name":"Golden Shrine","floor":20,"gold_loss":0}],"is_beta":false,"boss_relics":[{"not_picked":["hubris:GrandSneckoEye","halation:ForbiddenBikini"],"picked":"hubris:ScarierMask"}],"items_purged_floors":[],"is_endless":false,"potions_floor_spawned":[2,3,7,16,19],"killed_by":"Replay:Snechameleon","ascension_level":0}}