{"host":"ve1tu2pxpq596wfw","time":1608692999,"event":{"mods":["BaseMod","Highlight Path","Infinite Spire","Minty Spire (QoL Compilation)","Random Character Button","Shop Mod","StSLib","The Blue Laboratory","The Jungle","Wandering Minibosses"],"gold_per_floor":[111,122,140,155,125,150,170,202,202,236,201,201,201,231,231,332,332,344,344,344,344],"floor_reached":20,"playtime":1849,"items_purged":[],"score":222,"play_id":"ed94516a-76b8-4f9f-b473-f59fa4b5d160","local_time":"20201223030959","is_ascension_mode":true,"campfire_choices":[{"floor":13,"key":"REST"},{"floor":15,"key":"REST"}],"circlet_count":0,"master_deck":["Strike_B+1","Strike_B+1","Strike_B+1","Strike_B+1","Defend_B+1","Defend_B+1","Defend_B+1","Defend_B+1","Zap","Dualcast","Defragment","Darkness","Coolheaded","Coolheaded","Multi-Cast","Leap","White Noise","Pain","Clumsy","infinitespire:Collect","White Noise","Creative AI"],"relics":["Cracked Core","Smiling Mask","PreservedInsect","infinitespire:Freezer","StrikeDummy","Philosopher\u0027s Stone"],"acts_visited":["Exordium","TheCity"],"potions_floor_usage":[4,5,8,14],"damage_taken":[{"damage":7,"enemies":"Jaw Worm","floor":1,"turns":4},{"damage":0,"enemies":"2 Louse","floor":2,"turns":3},{"damage":2,"enemies":"Small Slimes","floor":3,"turns":4},{"damage":4,"enemies":"Red Slaver","floor":4,"turns":3},{"damage":3,"enemies":"Looter","floor":5,"turns":4},{"damage":19,"enemies":"Lagavulin","floor":6,"turns":7},{"damage":11,"enemies":"3 Louse","floor":7,"turns":4},{"damage":13,"enemies":"3 Sentries","floor":8,"turns":9},{"damage":7,"enemies":"Lagavulin","floor":10,"turns":6},{"damage":3,"enemies":"Gremlin Nob","floor":14,"turns":3},{"damage":40,"enemies":"Hexaghost","floor":16,"turns":8},{"damage":76,"enemies":"Chosen","floor":18,"turns":6},{"damage":2,"enemies":"3 Byrds","floor":20,"turns":1}],"seed_played":"-1219798316281697712","potions_obtained":[{"floor":3,"key":"blueLaboratory:CoolantVial"},{"floor":4,"key":"blueLaboratory:FrostheartPotion"},{"floor":7,"key":"blueLaboratory:FruitPunch"},{"floor":8,"key":"blueLaboratory:HorrorPotion"},{"floor":10,"key":"Weak Potion"}],"is_trial":false,"path_per_floor":["M","M","M","M","M","E","M","E","T","E","?","?","R","E","R","B",null,"M","?","M"],"character_chosen":"DEFECT","items_purchased":[],"campfire_rested":2,"item_purchase_floors":[],"current_hp_per_floor":[68,68,66,62,59,40,29,18,18,11,30,30,53,50,73,33,77,1,1,0,0],"gold":344,"neow_bonus":"THREE_CARDS","is_daily":false,"chose_seed":false,"campfire_upgraded":0,"win_rate":0.0,"timestamp":1608692999,"path_taken":["M","M","M","M","M","E","M","E","T","E","?","?","R","E","R","BOSS","M","?","M"],"items_purchased_type":[],"build_version":"2020-12-13","purchased_purges":0,"victory":false,"max_hp_per_floor":[75,75,75,75,75,75,75,77,77,77,77,77,77,77,77,77,77,77,77,77,77],"card_choices":[{"not_picked":["Consume","Streamline"],"picked":"Defragment","floor":0},{"not_picked":["Stack","Blizzard"],"picked":"Darkness","floor":1},{"not_picked":["Beam Cell","Streamline"],"picked":"Coolheaded","floor":2},{"not_picked":["Steam","Gash","Rebound"],"picked":"SKIP","floor":3},{"not_picked":["Steam Power","Rebound"],"picked":"Coolheaded","floor":4},{"not_picked":["Go for the Eyes","Sweeping Beam","Recycle"],"picked":"SKIP","floor":5},{"not_picked":["Tempest","Hologram"],"picked":"Multi-Cast","floor":6},{"not_picked":["Beam Cell","Chaos","Sweeping Beam"],"picked":"SKIP","floor":7},{"not_picked":["FTL","Storm"],"picked":"Leap","floor":8},{"not_picked":["Amplify","Hologram"],"picked":"White Noise","floor":10},{"not_picked":["infinitespire:Execution","infinitespire:FutureSight"],"picked":"infinitespire:Collect","floor":12},{"not_picked":["Gash","Chill"],"picked":"White Noise","floor":14},{"not_picked":["Echo Form","Machine Learning"],"picked":"Creative AI","floor":16},{"not_picked":["Compile Driver+1","Steam","Gash"],"picked":"SKIP","floor":18},{"not_picked":["Compile Driver+1","Steam","Gash"],"picked":"SKIP","floor":18}],"player_experience":210808,"relics_obtained":[{"floor":6,"key":"Smiling Mask"},{"floor":8,"key":"PreservedInsect"},{"floor":10,"key":"infinitespire:Freezer"},{"floor":14,"key":"StrikeDummy"}],"event_choices":[{"damage_healed":19,"gold_gain":0,"player_choice":"Healed","damage_taken":0,"max_hp_gain":0,"max_hp_loss":0,"event_name":"The Cleric","floor":11,"gold_loss":35},{"damage_healed":0,"gold_gain":0,"player_choice":"Simplicity","damage_taken":0,"max_hp_gain":0,"max_hp_loss":0,"event_name":"Back to Basics","floor":19,"gold_loss":0,"cards_upgraded":["Strike_B","Strike_B","Strike_B","Strike_B","Defend_B","Defend_B","Defend_B","Defend_B"]}],"is_beta":false,"boss_relics":[{"not_picked":["Cursed Key","Runic Pyramid"],"picked":"Philosopher\u0027s Stone"}],"items_purged_floors":[],"is_endless":false,"potions_floor_spawned":[3,4,7,8,10],"killed_by":"3 Byrds","ascension_level":2}}