{"host":"j24lijpiho18vwaz","time":1608764828,"event":{"mods":["AchievementEnabler","Aspiration","BaseMod","Beaked The Cultist","Better Note","Better Skull","Better Third Choice","BetterRewards","CapriCore","Colored Map","Conspire","Downfall","Friendly Minions","Glutton Mod","Hermit","Infinite Spire","Jedi Mod","Marisa????????","Marked Mod","Minty Spire (QoL Compilation)","Quick Restart","Relic Sorter","Replay The Spire","Shade Mod","Shop Mod","Somnambulant","StSLib","The Blackbeard","The Dragon Tamer","The Florist","The Immortal","The Mystic","The Spell Scribe","TheVacant"],"gold_per_floor":[114,128,144,164,164,164,90,101,125,125,138,155,155,168,168,264,264,274,274,274,284,300,300,313,325,325,325,325,325,325],"floor_reached":29,"playtime":1580,"items_purged":[],"score":221,"play_id":"aa04c58e-9d57-4c0d-b567-ece8bff0ace1","local_time":"20201224000708","is_ascension_mode":false,"campfire_choices":[{"data":"theScribe:QuickStudy","floor":6,"key":"SMITH"},{"data":"theScribe:BlankScroll","floor":10,"key":"SMITH"},{"data":"theScribe:CapacitanceScroll","floor":13,"key":"SMITH"},{"floor":15,"key":"REST"},{"floor":23,"key":"REST"},{"data":"theScribe:StarterModifier","floor":28,"key":"SMITH"}],"circlet_count":0,"master_deck":["theScribe:StarterAttack","theScribe:LightningStrike","theScribe:LightningStrike","theScribe:StarterDefend","theScribe:StarterDefend","theScribe:StarterDefend","theScribe:IcyDefend","theScribe:IcyDefend","theScribe:StarterModifier+1","theScribe:QuickStudy+1","theScribe:Thunder","theScribe:BlankScroll+1","theScribe:Thunder","theScribe:StaticSeries","theScribe:CapacitanceScroll+1"],"relics":["theScribe:StarterRelic1","NeowsBlessing","aspiration:TomeofQuesting","aspiration:RitualDagger","Replay:Baseball","Pet Ghost"],"acts_visited":["Exordium","TheCity"],"potions_floor_usage":[16,29],"damage_taken":[{"damage":0,"enemies":"Small Slimes","floor":1,"turns":2},{"damage":0,"enemies":"Cultist","floor":2,"turns":1},{"damage":0,"enemies":"Jaw Worm","floor":3,"turns":1},{"damage":27,"enemies":"Large Slime","floor":4,"turns":9},{"damage":5,"enemies":"Looter","floor":8,"turns":4},{"damage":5,"enemies":"2 Fungi Beasts","floor":11,"turns":3},{"damage":13,"enemies":"Red Slaver","floor":12,"turns":3},{"damage":0,"enemies":"Exordium Wildlife","floor":14,"turns":1},{"damage":42,"enemies":"The Guardian","floor":16,"turns":15},{"damage":45,"enemies":"Shell Parasite","floor":18,"turns":6},{"damage":19,"enemies":"Chosen","floor":21,"turns":5},{"damage":64,"enemies":"3 Cultists","floor":22,"turns":6},{"damage":35,"enemies":"Centurion and Healer","floor":24,"turns":4},{"damage":15,"enemies":"Snecko","floor":25,"turns":4},{"damage":37,"enemies":"Snake Plant","floor":29,"turns":3}],"seed_played":"-625490933941625554","potions_obtained":[{"floor":3,"key":"Milkshake"},{"floor":4,"key":"Weak Potion"},{"floor":11,"key":"SpeedPotion"},{"floor":18,"key":"sneckomod:MuddlingPotion"}],"is_trial":false,"path_per_floor":["M","M","M","M","?","R","$","M","T","R","M","M","R","M","R","B",null,"M","?","?","M","M","R","M","M","T","T","R","M"],"character_chosen":"THE_SCRIBE","items_purchased":["theScribe:BlankScroll"],"campfire_rested":2,"item_purchase_floors":[7],"current_hp_per_floor":[75,75,75,48,48,48,48,43,43,43,38,25,25,25,47,5,75,30,15,15,74,28,50,31,29,29,29,29,0,0],"gold":325,"neow_bonus":"THREE_ENEMY_KILL","is_daily":false,"chose_seed":false,"campfire_upgraded":4,"win_rate":0.0,"timestamp":1608764828,"path_taken":["M","M","M","M","?","R","$","M","T","R","?","M","R","M","R","BOSS","M","?","?","M","M","R","?","M","T","?","R","M"],"items_purchased_type":["Card"],"build_version":"2020-12-22","purchased_purges":0,"victory":false,"max_hp_per_floor":[75,75,75,75,75,75,75,75,75,75,75,75,75,75,75,75,75,75,75,75,75,75,75,75,75,75,75,75,75,75],"card_choices":[{"not_picked":["theScribe:AmplifyingSpellstone","theScribe:CrystalShield"],"picked":"theScribe:QuickStudy","floor":1},{"not_picked":["theScribe:FalseLife","theScribe:FocusingBlow"],"picked":"theScribe:Thunder","floor":2},{"not_picked":["theScribe:Meditate","theScribe:FocusingBlow","theScribe:ThrownScroll"],"picked":"SKIP","floor":3},{"not_picked":["theScribe:ArcaneBarrier","theScribe:SanguineSurge","theScribe:GatherComponents"],"picked":"SKIP","floor":4},{"not_picked":["theScribe:WordsOfPower","theScribe:CatalyticCatastrophe"],"picked":"theScribe:Thunder","floor":8},{"not_picked":["theScribe:Focused","theScribe:CrystalShield"],"picked":"theScribe:StaticSeries","floor":11},{"not_picked":["theScribe:Divination","theScribe:Incendio"],"picked":"theScribe:CapacitanceScroll","floor":12},{"not_picked":["theScribe:MagicMissiles","theScribe:FrostvenomToxin","theScribe:Divination"],"picked":"SKIP","floor":14},{"not_picked":["theScribe:InvigoratingStrike","theScribe:MagicMissiles","theScribe:AmplifyingSpellstone"],"picked":"SKIP","floor":18},{"not_picked":["theScribe:GatherComponents","theScribe:FocusingBlow","theScribe:ArcaneBarrier+1"],"picked":"SKIP","floor":21},{"not_picked":["theScribe:WeirdShield+1","theScribe:MagicMissiles","theScribe:Overcharge+1"],"picked":"SKIP","floor":22},{"not_picked":["theScribe:FocusingBlow+1","theScribe:Frost","theScribe:MagicMissiles"],"picked":"SKIP","floor":24},{"not_picked":["theScribe:InscribeDeath","theScribe:RecklessResponse","theScribe:Overcharge+1"],"picked":"SKIP","floor":25}],"player_experience":111502,"relics_obtained":[{"floor":9,"key":"aspiration:TomeofQuesting"},{"floor":26,"key":"Pet Ghost"}],"event_choices":[{"cards_removed":["theScribe:StarterAttack"],"damage_healed":0,"gold_gain":0,"player_choice":"Purged","damage_taken":0,"max_hp_gain":0,"max_hp_loss":0,"event_name":"Purifier","floor":5,"gold_loss":0},{"damage_healed":0,"gold_gain":0,"player_choice":"Bought 0 Potions","damage_taken":0,"max_hp_gain":0,"max_hp_loss":0,"event_name":"The Woman in Blue","floor":20,"gold_loss":0}],"is_beta":false,"boss_relics":[{"not_picked":["ReplayTheSpireMod:DimensionalGlitch","conspire:RoyalGoblet"],"picked":"aspiration:RitualDagger"}],"items_purged_floors":[],"is_endless":false,"potions_floor_spawned":[3,4,11,12,14,18,22],"killed_by":"Snake Plant","ascension_level":0}}