{"host":"49c2zf0lajbcs427","time":1608723502,"event":{"mods":["AchievementEnabler","BaseMod","Colored Map","Colored Powertips","Highlight Path","Minty Spire (QoL Compilation)","Relic Stats","StSLib"],"gold_per_floor":[115,132,132,146,146,146,177,177,177,196,226,252,252,262,262,366,366,366,306,306,306,306,306,109,109,109,109,109,109,109,40,40,40,40,40,40,16,16,16,16,16,16,16,16,16,16,16,16,16,16],"floor_reached":51,"playtime":2505,"items_purged":[],"score":1030,"play_id":"a885c220-9c3f-4fe3-ac14-1331b30927fb","local_time":"20201224003822","is_ascension_mode":true,"campfire_choices":[{"data":"1","floor":6,"key":"LIFT"},{"data":"2","floor":8,"key":"LIFT"},{"data":"3","floor":15,"key":"LIFT"},{"data":"Flex","floor":28,"key":"SMITH"},{"data":"Reaper","floor":32,"key":"SMITH"},{"data":"Limit Break","floor":40,"key":"SMITH"},{"data":"Double Tap","floor":42,"key":"SMITH"},{"data":"Sword Boomerang","floor":46,"key":"SMITH"},{"data":"Shrug It Off","floor":49,"key":"SMITH"}],"circlet_count":0,"master_deck":["Strike_R","Strike_R","Strike_R","Strike_R","Defend_R","Defend_R","Defend_R","Defend_R","Bash","Clothesline","Anger","Reaper+1","Flex+1","Double Tap+1","Seeing Red+1","Flex+1","Necronomicurse","Bloodletting","Limit Break+1","Sword Boomerang+1","Shrug It Off+1","Impervious"],"relics":["Runic Pyramid","Girya","Meat on the Bone","Dead Branch","Letter Opener","Kunai","Ectoplasm","Regal Pillow","Happy Flower","Bronze Scales","Question Card","CeramicFish","Necronomicon","SacredBark","Ice Cream","StrikeDummy","Ornamental Fan"],"acts_visited":["Exordium","TheCity","TheBeyond"],"potions_floor_usage":[5,7,10,12,18,23,29,35,47,50,50],"damage_taken":[{"damage":1,"enemies":"Cultist","floor":1,"turns":3},{"damage":3,"enemies":"Jaw Worm","floor":2,"turns":4},{"damage":1,"enemies":"2 Louse","floor":4,"turns":3},{"damage":0,"enemies":"Gremlin Nob","floor":7,"turns":2},{"damage":31,"enemies":"Exordium Thugs","floor":10,"turns":4},{"damage":15,"enemies":"Lagavulin","floor":12,"turns":6},{"damage":11,"enemies":"Looter","floor":14,"turns":5},{"damage":0,"enemies":"Slime Boss","floor":16,"turns":5},{"damage":2,"enemies":"3 Byrds","floor":18,"turns":4},{"damage":32,"enemies":"2 Thieves","floor":19,"turns":4},{"damage":7,"enemies":"Sentry and Sphere","floor":22,"turns":4},{"damage":9,"enemies":"Gremlin Leader","floor":23,"turns":4},{"damage":11,"enemies":"Book of Stabbing","floor":29,"turns":3},{"damage":58,"enemies":"Champ","floor":33,"turns":8},{"damage":7,"enemies":"3 Shapes","floor":35,"turns":3},{"damage":7,"enemies":"Orb Walker","floor":38,"turns":2},{"damage":0,"enemies":"3 Darklings","floor":41,"turns":2},{"damage":67,"enemies":"Reptomancer","floor":44,"turns":5},{"damage":5,"enemies":"Writhing Mass","floor":47,"turns":2},{"damage":13,"enemies":"Time Eater","floor":50,"turns":6}],"seed_played":"6272136291104327351","potions_obtained":[{"floor":2,"key":"EssenceOfSteel"},{"floor":5,"key":"Fruit Juice"},{"floor":5,"key":"AttackPotion"},{"floor":5,"key":"BloodPotion"},{"floor":7,"key":"Regen Potion"},{"floor":10,"key":"PowerPotion"},{"floor":16,"key":"BlessingOfTheForge"},{"floor":19,"key":"Swift Potion"},{"floor":23,"key":"EssenceOfSteel"},{"floor":35,"key":"Fruit Juice"},{"floor":44,"key":"DistilledChaos"}],"is_trial":false,"path_per_floor":["M","M","?","M","?","R","E","R","T","M","?","E","?","M","R","B",null,"M","M","?","$","M","E","$","?","T","T","R","E","?","$","R","B",null,"M","?","$","M","?","R","M","R","T","E","?","R","M","?","R","B",null],"character_chosen":"IRONCLAD","items_purchased":["Happy Flower","Flex","Bloodletting","Shrug It Off"],"campfire_rested":0,"item_purchase_floors":[24,24,31,37],"current_hp_per_floor":[79,76,73,72,77,77,77,77,77,78,78,79,84,76,76,90,90,90,72,72,72,77,90,90,90,90,90,90,90,74,74,74,54,81,100,100,100,93,93,93,93,93,93,78,78,78,90,90,90,95],"gold":16,"neow_bonus":"BOSS_RELIC","is_daily":false,"chose_seed":false,"campfire_upgraded":6,"win_rate":0.0,"timestamp":1608723502,"path_taken":["M","?","?","M","?","R","E","R","T","?","?","E","?","M","R","BOSS","M","M","?","$","?","E","$","?","T","?","R","E","?","?","R","BOSS","M","?","?","M","?","R","M","R","T","E","?","R","?","?","R","BOSS"],"items_purchased_type":["Relic","Card","Card","Card"],"build_version":"2020-12-22","purchased_purges":0,"victory":true,"max_hp_per_floor":[80,80,80,80,85,85,85,85,85,85,85,85,90,90,90,90,90,90,90,90,90,90,90,90,90,90,90,90,90,90,90,90,90,90,100,100,100,100,95,95,95,95,95,95,95,95,95,95,95,95],"relic_stats":{"Regal Pillow":0,"Happy Flower":[10],"counters":[20,79],"Dead Branch":[28],"CeramicFish":0,"Letter Opener":[104],"Question Card":7,"Ornamental Fan":[32],"Bronze Scales":[66],"Ectoplasm":634,"Necronomicon":[16],"Kunai":[35],"obtain_stats":[{"Ice Cream":36,"Girya":3,"Regal Pillow":23,"Happy Flower":24,"Dead Branch":9,"CeramicFish":29,"SacredBark":34,"Letter Opener":11,"Question Card":27,"Burning Blood":0,"Ornamental Fan":44,"Bronze Scales":26,"Ectoplasm":17,"Necronomicon":30,"Kunai":12,"StrikeDummy":43,"Runic Pyramid":0,"Meat on the Bone":7},{"Ice Cream":15,"Girya":2,"Regal Pillow":12,"Happy Flower":12,"Dead Branch":4,"CeramicFish":13,"SacredBark":14,"Letter Opener":5,"Question Card":12,"Burning Blood":0,"Ornamental Fan":18,"Bronze Scales":12,"Ectoplasm":8,"Necronomicon":13,"Kunai":6,"StrikeDummy":17,"Runic Pyramid":0,"Meat on the Bone":4},{"Ice Cream":62,"Girya":7,"Regal Pillow":48,"Happy Flower":48,"Dead Branch":12,"CeramicFish":51,"SacredBark":59,"Letter Opener":16,"Question Card":48,"Burning Blood":0,"Ornamental Fan":71,"Bronze Scales":48,"Ectoplasm":32,"Necronomicon":51,"Kunai":22,"StrikeDummy":66,"Runic Pyramid":0,"Meat on the Bone":12}],"Meat on the Bone":0},"card_choices":[{"not_picked":["Headbutt","Perfected Strike"],"picked":"Clothesline","floor":1},{"not_picked":["Fire Breathing","Entrench"],"picked":"Anger","floor":2},{"not_picked":["Warcry","Pommel Strike"],"picked":"Headbutt","floor":4},{"not_picked":["True Grit","Berserk"],"picked":"Reaper","floor":7},{"not_picked":["Carnage","Fire Breathing","Sever Soul"],"picked":"SKIP","floor":10},{"not_picked":["Cleave","Whirlwind","Body Slam"],"picked":"SKIP","floor":12},{"not_picked":["Intimidate","Shrug It Off"],"picked":"Flex","floor":14},{"not_picked":["Barricade","Impervious"],"picked":"Double Tap","floor":16},{"not_picked":["Iron Wave","Headbutt","Clash+1"],"picked":"SKIP","floor":18},{"not_picked":["Perfected Strike+1","Whirlwind"],"picked":"Seeing Red+1","floor":19},{"not_picked":["Sever Soul","Pommel Strike+1","Combust"],"picked":"SKIP","floor":22},{"not_picked":["Blood for Blood+1","Shrug It Off","Brutality"],"picked":"SKIP","floor":23},{"not_picked":["Metallicize","Cleave+1","Brutality","Feel No Pain"],"picked":"SKIP","floor":29},{"not_picked":["Feed","Demon Form","Immolate"],"picked":"Limit Break","floor":33},{"not_picked":["Fire Breathing","Clothesline","Warcry+1"],"picked":"Sword Boomerang","floor":35},{"not_picked":["Perfected Strike+1","Reckless Charge+1","Cleave","Infernal Blade+1"],"picked":"SKIP","floor":38},{"not_picked":["Cleave","Iron Wave+1","Heavy Blade","Seeing Red"],"picked":"SKIP","floor":41},{"not_picked":["Iron Wave","Havoc","Shockwave","Clash+1"],"picked":"SKIP","floor":44},{"not_picked":["Dark Embrace","Heavy Blade","Iron Wave"],"picked":"Impervious","floor":47}],"player_experience":2150066,"relics_obtained":[{"floor":7,"key":"Meat on the Bone"},{"floor":9,"key":"Dead Branch"},{"floor":12,"key":"Kunai"},{"floor":23,"key":"Regal Pillow"},{"floor":26,"key":"Bronze Scales"},{"floor":27,"key":"Question Card"},{"floor":29,"key":"CeramicFish"},{"floor":30,"key":"Necronomicon"},{"floor":43,"key":"StrikeDummy"},{"floor":44,"key":"Ornamental Fan"}],"event_choices":[{"damage_healed":0,"gold_gain":0,"player_choice":"Success","damage_taken":3,"relics_obtained":["Girya"],"max_hp_gain":0,"max_hp_loss":0,"event_name":"Scrap Ooze","floor":3,"gold_loss":0},{"damage_healed":0,"gold_gain":0,"player_choice":"Got Potions","damage_taken":0,"max_hp_gain":0,"max_hp_loss":0,"event_name":"Lab","floor":5,"gold_loss":0},{"damage_healed":0,"gold_gain":30,"player_choice":"Searched \u00272\u0027 times","damage_taken":0,"relics_obtained":["Letter Opener"],"max_hp_gain":0,"max_hp_loss":0,"event_name":"Dead Adventurer","floor":11,"gold_loss":0},{"damage_healed":0,"gold_gain":0,"player_choice":"Donut","damage_taken":0,"max_hp_gain":5,"max_hp_loss":0,"event_name":"Big Fish","floor":13,"gold_loss":0},{"cards_removed":["Strike_R"],"damage_healed":0,"gold_gain":0,"player_choice":"Purged","damage_taken":0,"max_hp_gain":0,"max_hp_loss":0,"event_name":"Purifier","floor":20,"gold_loss":0},{"damage_healed":0,"gold_gain":99,"player_choice":"Stole From Cult","damage_taken":0,"max_hp_gain":0,"max_hp_loss":0,"event_name":"Nest","floor":25,"gold_loss":0},{"damage_healed":0,"gold_gain":0,"player_choice":"Obtained Book","damage_taken":16,"max_hp_gain":0,"max_hp_loss":0,"event_name":"Cursed Tome","floor":30,"gold_loss":0},{"cards_removed":["Headbutt"],"damage_healed":0,"gold_gain":0,"player_choice":"Gave Card","damage_taken":0,"relics_obtained":["Ice Cream"],"max_hp_gain":0,"max_hp_loss":0,"event_name":"WeMeetAgain","floor":36,"gold_loss":0},{"damage_healed":0,"gold_gain":0,"player_choice":"Max HP","damage_taken":0,"max_hp_gain":0,"max_hp_loss":5,"event_name":"Winding Halls","floor":39,"gold_loss":0},{"damage_healed":0,"gold_gain":0,"player_choice":"Forge","damage_taken":0,"max_hp_gain":0,"max_hp_loss":0,"event_name":"Accursed Blacksmith","floor":45,"gold_loss":0,"cards_upgraded":["Flex"]},{"damage_healed":0,"gold_gain":100,"player_choice":"Pray","damage_taken":0,"max_hp_gain":0,"max_hp_loss":0,"event_name":"Golden Shrine","floor":48,"gold_loss":0}],"is_beta":false,"boss_relics":[{"not_picked":["Runic Cube","Calling Bell"],"picked":"Ectoplasm"},{"not_picked":["Mark of Pain","SlaversCollar"],"picked":"SacredBark"}],"items_purged_floors":[],"is_endless":false,"potions_floor_spawned":[2,7,10,16,19,23,35,44],"ascension_level":5}}