{"host":"sdjng9zhqonqi3uc","time":1608741973,"event":{"mods":["2.2 Compatiblity","AchievementEnabler","BaseMod","BetterRewards","Colored Powertips","Hero for Fun","Minty Spire (QoL Compilation)","StSLib","Td1madao Mod","The Animator","The Cursed","The Servant 0.9.4"],"gold_per_floor":[119,139,164,164,186,186,198,123,123,123,134,134,158,175,175,175,175],"floor_reached":16,"playtime":714,"items_purged":["Regret"],"score":96,"play_id":"0ffcad3b-5e7a-42e3-a52e-8fc07e2d70e3","local_time":"20201223174613","is_ascension_mode":false,"campfire_choices":[{"data":"animator:KrulTepes","floor":6,"key":"SMITH"},{"floor":10,"key":"REST"},{"data":"animator:Vesta","floor":12,"key":"SMITH"},{"floor":15,"key":"REST"}],"circlet_count":0,"master_deck":["animator:Strike_OwariNoSeraph","animator:Defend_OwariNoSeraph","animator:Strike","animator:Strike+1","animator:Defend","animator:Defend","animator:Shinoa","animator:Mikaela","animator:ShinjiMatou","animator:Tatsumaki","animator:Millim","animator:Priestess+1","animator:Berserker","animator:KrulTepes+1","animator:Shizu","animator:Vesta+1","animator:Vanir","animator:Souei"],"relics":["animator:LivingPicture","animator:TheMissingPiece","animator:PurgingStone","Anchor"],"acts_visited":["Exordium"],"potions_floor_usage":[7,7,16,16],"damage_taken":[{"damage":10,"enemies":"Jaw Worm","floor":1,"turns":4},{"damage":17,"enemies":"Small Slimes","floor":2,"turns":4},{"damage":0,"enemies":"2 Louse","floor":3,"turns":3},{"damage":13,"enemies":"Lots of Slimes","floor":5,"turns":4},{"damage":5,"enemies":"Blue Slaver","floor":7,"turns":2},{"damage":5,"enemies":"Exordium Thugs","floor":11,"turns":5},{"damage":6,"enemies":"2 Fungi Beasts","floor":13,"turns":3},{"damage":0,"enemies":"Exordium Wildlife","floor":14,"turns":3},{"damage":39,"enemies":"Slime Boss","floor":16,"turns":6}],"seed_played":"-216158125893851615","potions_obtained":[{"floor":3,"key":"SkillPotion"},{"floor":5,"key":"Energy Potion"},{"floor":13,"key":"SkillPotion"},{"floor":14,"key":"SteroidPotion"}],"is_trial":false,"path_per_floor":["M","M","M","?","M","R","M","$","T","R","M","R","M","M","R","B"],"character_chosen":"THE_ANIMATOR","items_purchased":[],"campfire_rested":2,"item_purchase_floors":[],"current_hp_per_floor":[56,39,39,26,13,13,8,8,8,27,22,22,16,16,35,0,0],"gold":175,"neow_bonus":"TRANSFORM_TWO_CARDS","is_daily":false,"chose_seed":false,"campfire_upgraded":2,"win_rate":0.0,"timestamp":1608741973,"path_taken":["M","M","M","?","M","R","M","$","T","R","M","R","M","M","R","BOSS"],"items_purchased_type":[],"build_version":"2020-12-22","purchased_purges":1,"victory":false,"max_hp_per_floor":[66,66,66,66,66,66,66,66,66,66,66,66,66,66,66,66,66],"card_choices":[{"not_picked":["animator:Alexander","animator:Souei"],"picked":"animator:Millim","floor":1},{"not_picked":["animator:Caster","animator:Rider"],"picked":"animator:Priestess","floor":2},{"not_picked":["animator:FielNirvalen","animator:RinTohsaka"],"picked":"animator:Berserker","floor":3},{"not_picked":["animator:Yoichi","animator:HiiragiShinya"],"picked":"animator:KrulTepes","floor":5},{"not_picked":["animator:Mikaela","animator:Shuna"],"picked":"animator:Shizu","floor":7},{"not_picked":["animator:CrowleyEusford","animator:DolaStephanie"],"picked":"animator:Vesta","floor":11},{"not_picked":["animator:DolaSchwi","animator:Tatsumaki"],"picked":"animator:Vanir","floor":13},{"not_picked":["animator:Kaijin","animator:Benimaru"],"picked":"animator:Souei","floor":14}],"player_experience":235295,"relics_obtained":[{"floor":9,"key":"Anchor"}],"event_choices":[{"damage_healed":0,"gold_gain":0,"player_choice":"Entered Light","damage_taken":13,"max_hp_gain":0,"max_hp_loss":0,"event_name":"Shining Light","floor":4,"gold_loss":0,"cards_upgraded":["animator:Strike","animator:Priestess"]}],"is_beta":false,"boss_relics":[],"items_purged_floors":[8],"is_endless":false,"potions_floor_spawned":[3,5,13,14],"killed_by":"Slime Boss","ascension_level":0}}