{"host":"08nxni9rwzvm98vp","time":1608732855,"event":{"mods":["AchievementEnabler","BaseMod","Card Forge","Colored Powertips","Googly Eyes","Highlight Path","Marisa£¨Ùöéë¡¡Øª×âÞÞ£©","Minty Spire (QoL Compilation)","Quick Restart","Rare Cards Sparkle","StSLib","SuperFastMode"],"gold_per_floor":[1200,1200,419,160,180,214,214,248,248,336,336,358,358],"floor_reached":12,"playtime":552,"items_purged":[],"score":92,"play_id":"76ed638e-18d9-485d-a0b0-c4b2963516b0","local_time":"20201223231415","is_ascension_mode":true,"campfire_choices":[{"data":"Robbery","floor":7.0,"key":"SMITH"}],"circlet_count":0,"master_deck":["Strike_MRS","Strike_MRS","Strike_MRS","Strike_MRS","Defend_MRS","Defend_MRS","Defend_MRS","Defend_MRS","MasterSpark","UpSweep","EarthLightRay","NonDirectionalLaser","Robbery+1","DoubleSpark","AsteroidBelt"],"relics":["MiniHakkero","Hammer of Thor","Seething Fire","Anvil of the Gods","FaceOfCleric","BreadOfAWashokuLover","Boot","Anchor","Bottled Lightning","Vajra"],"acts_visited":["Exordium"],"potions_floor_usage":[10,10],"damage_taken":[{"damage":10.0,"enemies":"Jaw Worm","floor":1.0,"turns":4.0},{"damage":0.0,"enemies":"Cultist","floor":3.0,"turns":4.0},{"damage":3.0,"enemies":"Small Slimes","floor":5.0,"turns":3.0},{"damage":41.0,"enemies":"Lagavulin","floor":6.0,"turns":9.0},{"damage":16.0,"enemies":"3 Louse","floor":8.0,"turns":3.0},{"damage":10,"enemies":"Gremlin Nob","floor":10,"turns":3},{"damage":18,"enemies":"Lagavulin","floor":12,"turns":5}],"seed_played":"3580214557614493232","potions_obtained":[{"floor":1.0,"key":"BlessingOfTheForge"},{"floor":3.0,"key":"ShroomBrew"},{"floor":6.0,"key":"SkillPotion"}],"is_trial":false,"path_per_floor":["M","?","M","$","M","E","R","M","T","E","?","E"],"character_chosen":"MARISA","items_purchased":["BreadOfAWashokuLover"],"campfire_rested":0,"item_purchase_floors":[4],"current_hp_per_floor":[58,58,59,59,61,25,25,14,14,9,9,0,0],"gold":358,"neow_bonus":"TWO_FIFTY_GOLD","is_daily":false,"chose_seed":false,"campfire_upgraded":1,"win_rate":0.0,"timestamp":1608732855,"path_taken":["M","?","M","$","M","E","R","M","T","E","?","E"],"items_purchased_type":["Relic"],"build_version":"2020-12-22","purchased_purges":0,"victory":false,"max_hp_per_floor":[68,68,69,69,70,71,71,72,72,73,73,73,73],"card_choices":[{"not_picked":["OneTimeOff","DC","Acceleration"],"picked":"SKIP","floor":1.0},{"not_picked":["Occultation","MysteriousBeam"],"picked":"EarthLightRay","floor":3.0},{"not_picked":["ShootTheMoon","SporeBomb"],"picked":"NonDirectionalLaser","floor":5.0},{"not_picked":["MagicChant","GravityBeat"],"picked":"Robbery","floor":6.0},{"not_picked":["WitchLeyline","GasGiant"],"picked":"DoubleSpark","floor":8.0},{"not_picked":["EventHorizon","AsteroidBelt","BlazingStar"],"picked":"SKIP","floor":10},{"not_picked":["EventHorizon","BlazingStar"],"picked":"AsteroidBelt","floor":10}],"player_experience":636068,"relics_obtained":[{"floor":6.0,"key":"Boot"},{"floor":9.0,"key":"Anchor"},{"floor":10,"key":"Bottled Lightning"}],"event_choices":[{"damage_healed":0.0,"max_hp_gain":0.0,"max_hp_loss":0.0,"gold_gain":0.0,"event_name":"FaceTrader","player_choice":"Trade","floor":2.0,"gold_loss":0.0,"damage_taken":0.0,"relics_obtained":["FaceOfCleric"]},{"damage_healed":0,"gold_gain":0,"player_choice":"Gave Potion","damage_taken":0,"relics_obtained":["Vajra"],"max_hp_gain":0,"max_hp_loss":0,"event_name":"WeMeetAgain","floor":11,"gold_loss":0}],"is_beta":false,"boss_relics":[],"items_purged_floors":[],"is_endless":false,"potions_floor_spawned":[1,3,6],"killed_by":"Lagavulin","ascension_level":1}}