{"host":"n3vqtvx9hbigdfc4","time":1608761449,"event":{"mods":["AchievementEnabler","BaseMod","Better Third Choice","Block Reminder","Colored Map","Colored Powertips","Downfall","Minty Spire (QoL Compilation)","Permanent Neow","Rare Cards Sparkle","Relic Stats","Replay The Spire","Shop Mod","StSLib"],"gold_per_floor":[99,113,128,138,157,157,157,7,20,20,75,103,122,148,162,260,260,185,199,210,222,222,247,296,88,101,120,130,130,143,169,185,282,282,282,301,319,339,350,379,379,398,430,135,189,127,127,158,168,168,168,168,168,168],"floor_reached":52,"playtime":6197,"items_purged":["Guardian:Strike_Guardian","Guardian:Defend_Guardian","Guardian:Defend_Guardian"],"score":1022,"play_id":"fa1b2380-8641-4f71-83bb-cf1c4a15eb72","local_time":"20201223161049","is_ascension_mode":true,"campfire_choices":[{"data":"Guardian:TwinSlam","floor":1,"key":"SMITH"},{"floor":6,"key":"RECALL"},{"data":"Guardian:BronzeOrb","floor":8,"key":"SMITH"},{"data":"Guardian:CurlUp","floor":18,"key":"SMITH"},{"floor":29,"key":"DIG"},{"floor":35,"key":"DIG"}],"circlet_count":0,"master_deck":["Guardian:Strike_Guardian","Guardian:Strike_Guardian","Guardian:Defend_Guardian","Guardian:Defend_Guardian","Guardian:CurlUp+1","Guardian:TwinSlam+1","Guardian:AncientConstruct+1","Guardian:ChargeCore","Guardian:BronzeOrb+1","Guardian:RollAttack","Guardian:ArmoredProtocol","Guardian:ShieldSpikes","Guardian:DonusPower","Guardian:SentryBeam","Guardian:ExploitGems","Guardian:TemporalStrike","Guardian:Reroute","Guardian:TemporalShield+1","Guardian:VentSteam","Guardian:PrismaticBeam","Guardian:FloatingOrbs","Guardian:Suspension","Guardian:Recover+1","Guardian:Incinerate+1","Guardian:StasisStrike","Guardian:CrystalBeam","Guardian:ChargeCore","Guardian:Gem_White","Guardian:TemporalShield+1","Guardian:Repulse","Guardian:DonusPower+1","Guardian:ShieldCharger","Guardian:ShieldCharger+1","Guardian:TimeCapacitor","Secret Technique","Guardian:WalkerClaw+1","Guardian:Gem_Cyan","Guardian:Suspension+1","Guardian:StasisField","Guardian:StasisField","Guardian:SpikerProtocol+1"],"relics":["Guardian:ModeShifterPlus","downfall:HeartBlessingRed","downfall:HeartBlessingBlue","Guardian:SackOfGems","Blue Candle","Shovel","Coffee Dripper","downfall:HeartBlessingGreen","Peace Pipe","Nunchaku","Replay:Accelerometer","Garlic","Turnip","Pear","Replay:WaspNest","Pondfish Scales","BargainBundle","Gambling Chip","ReplayFunnel","HornCleat"],"acts_visited":["Exordium","TheCity","TheBeyond","TheEnding"],"potions_floor_usage":[16,23,23,25,26,31,32,37,38,40,48,50,52],"damage_taken":[{"damage":1,"enemies":"Small Slimes","floor":2,"turns":4},{"damage":5,"enemies":"Jaw Worm","floor":3,"turns":3},{"damage":0,"enemies":"Cultist","floor":4,"turns":3},{"damage":0,"enemies":"2 Fungi Beasts","floor":5,"turns":3},{"damage":0,"enemies":"3 Louse","floor":9,"turns":2},{"damage":34,"enemies":"3 Sentries","floor":11,"turns":9},{"damage":15,"enemies":"3 Sentries","floor":12,"turns":11},{"damage":5,"enemies":"Large Slime","floor":13,"turns":5},{"damage":5,"enemies":"Replay:BlueRogue","floor":14,"turns":7},{"damage":6,"enemies":"Exordium Wildlife","floor":15,"turns":3},{"damage":8,"enemies":"downfall:Watcher","floor":16,"turns":8},{"damage":0,"enemies":"3 Byrds","floor":19,"turns":4},{"damage":3,"enemies":"Snecko","floor":20,"turns":5},{"damage":0,"enemies":"Shelled Parasite and Fungi","floor":21,"turns":4},{"damage":0,"enemies":"Slavers","floor":23,"turns":4},{"damage":0,"enemies":"downfall:FleeingMerchant","floor":25,"turns":4},{"damage":10,"enemies":"Snake Plant","floor":26,"turns":4},{"damage":0,"enemies":"Centurion and Healer","floor":27,"turns":6},{"damage":0,"enemies":"Snecko","floor":28,"turns":4},{"damage":0,"enemies":"Snake Plant","floor":30,"turns":3},{"damage":0,"enemies":"Book of Stabbing","floor":31,"turns":4},{"damage":0,"enemies":"Shelled Parasite and Fungi","floor":32,"turns":2},{"damage":0,"enemies":"downfall:Ironclad","floor":33,"turns":7},{"damage":0,"enemies":"3 Shapes","floor":36,"turns":3},{"damage":0,"enemies":"Orb Walker","floor":37,"turns":3},{"damage":2,"enemies":"Writhing Mass","floor":38,"turns":4},{"damage":0,"enemies":"4 Shapes","floor":39,"turns":6},{"damage":0,"enemies":"Reptomancer","floor":40,"turns":7},{"damage":0,"enemies":"Sphere and 2 Shapes","floor":42,"turns":3},{"damage":31,"enemies":"Nemesis","floor":43,"turns":7},{"damage":0,"enemies":"downfall:FleeingMerchant","floor":44,"turns":4},{"damage":8,"enemies":"2 Orb Walkers","floor":45,"turns":5},{"damage":0,"enemies":"downfall:FleeingMerchant","floor":46,"turns":2},{"damage":0,"enemies":"Reptomancer","floor":48,"turns":7},{"damage":0,"enemies":"Jaw Worm Horde","floor":49,"turns":4},{"damage":13,"enemies":"downfall:Defect","floor":50,"turns":8},{"damage":104,"enemies":"downfall:CharBossMerchant","floor":52,"turns":11}],"seed_played":"-2594581375148138522","potions_obtained":[{"floor":9,"key":"Cursed Concoction"},{"floor":13,"key":"Guardian:BlockOnCardUsePotion"},{"floor":15,"key":"Fire Potion"},{"floor":16,"key":"Guardian:DefensiveModePotion"},{"floor":19,"key":"Explosive Potion"},{"floor":23,"key":"hexamod:EctoCoolerPotion"},{"floor":26,"key":"Slimebound:ThreeZeroPotion"},{"floor":27,"key":"Strength Potion"},{"floor":30,"key":"Block Potion"},{"floor":31,"key":"Explosive Potion"},{"floor":36,"key":"Dexterity Potion"},{"floor":38,"key":"Regen Potion"},{"floor":48,"key":"ColorlessPotion"}],"is_trial":false,"path_per_floor":["R","M","M","M","M","R","T","R","M","?","?","E","M","E","M","B",null,"R","M","M","M","?","E","T","$","M","M","M","R","M","E","M","B",null,"R","M","M","M","M","E","T","M","E","$","?","$","?","E","M","B",null,"E"],"character_chosen":"GUARDIAN","items_purchased":["Guardian:FloatingOrbs","Guardian:Gem_Lightblue","BargainBundle","CultistPotion","LiquidMemories","Guardian:TimeCapacitor","Secret Technique","Guardian:WalkerClaw+1","ReplayFunnel","Guardian:StasisField"],"campfire_rested":0,"item_purchase_floors":[25,25,44,44,44,44,44,44,46,46],"current_hp_per_floor":[80,79,74,74,74,74,74,84,84,84,50,35,30,25,19,11,90,90,90,87,87,87,87,87,87,77,77,77,77,77,77,77,77,90,90,90,90,88,88,98,98,98,67,67,59,59,59,74,74,61,100,0,0,0],"gold":168,"neow_bonus":"ONE_RANDOM_RARE_CARD","is_daily":false,"chose_seed":false,"campfire_upgraded":3,"win_rate":0.0,"timestamp":1608761449,"path_taken":["R","M","M","M","M","R","T","R","M","?","?","E","M","E","M","BOSS","R","M","M","M","?","E","T","$","M","M","?","R","M","E","M","BOSS","R","M","M","M","M","E","T","M","E","$","?","$","?","E","M","BOSS","E"],"items_purchased_type":["Card","Card","Relic","Potion","Potion","Card","Card","Card","Relic","Card"],"build_version":"2020-12-22","purchased_purges":3,"victory":false,"max_hp_per_floor":[80,80,80,80,80,80,80,90,90,90,90,90,90,90,90,90,90,90,90,90,90,90,90,90,90,90,90,90,90,90,90,90,90,90,90,90,90,90,90,100,100,100,100,100,100,100,100,100,100,100,100,100,100,100],"relic_stats":{"Peace Pipe":0,"Nunchaku":[33],"Shovel":2,"counters":[37,183],"Blue Candle":[0],"Gambling Chip":[6],"Turnip":[5],"obtain_stats":[{"ReplayFunnel":46,"Replay:Accelerometer":29,"BargainBundle":44,"Pear":40,"downfall:HeartBlessingRed":8,"Guardian:ModeShifterPlus":34,"Blue Candle":12,"Guardian:ModeShifter":0,"Guardian:SackOfGems":11,"downfall:HeartBlessingGreen":18,"Replay:WaspNest":41,"Peace Pipe":23,"Nunchaku":24,"Pondfish Scales":43,"Shovel":14,"HornCleat":48,"downfall:HeartBlessingBlue":8,"Gambling Chip":45,"Turnip":35,"Coffee Dripper":17,"Garlic":31},{"ReplayFunnel":33,"Replay:Accelerometer":19,"BargainBundle":31,"Pear":28,"downfall:HeartBlessingRed":4,"Guardian:ModeShifterPlus":23,"Blue Candle":7,"Guardian:ModeShifter":0,"Guardian:SackOfGems":5,"downfall:HeartBlessingGreen":11,"Replay:WaspNest":28,"Peace Pipe":15,"Nunchaku":15,"Pondfish Scales":30,"Shovel":9,"HornCleat":34,"downfall:HeartBlessingBlue":4,"Gambling Chip":32,"Turnip":23,"Coffee Dripper":11,"Garlic":21},{"ReplayFunnel":153,"Replay:Accelerometer":93,"BargainBundle":146,"Pear":132,"downfall:HeartBlessingRed":13,"Guardian:ModeShifterPlus":109,"Blue Candle":35,"Guardian:ModeShifter":0,"Guardian:SackOfGems":15,"downfall:HeartBlessingGreen":58,"Replay:WaspNest":132,"Peace Pipe":75,"Nunchaku":75,"Pondfish Scales":142,"Shovel":47,"HornCleat":160,"downfall:HeartBlessingBlue":13,"Gambling Chip":151,"Turnip":109,"Coffee Dripper":58,"Garlic":100}]},"card_choices":[{"not_picked":["Guardian:Suspension","Guardian:Reroute"],"picked":"Guardian:ChargeCore","floor":2},{"not_picked":["Guardian:PiercingHide","Guardian:Planning"],"picked":"Guardian:Gem_Cyan","floor":3},{"not_picked":["Guardian:Suspension","Guardian:MultiBeam"],"picked":"Guardian:BronzeOrb","floor":4},{"not_picked":["Guardian:Reroute","Guardian:VentSteam"],"picked":"Guardian:RollAttack","floor":5},{"not_picked":["Guardian:SphericShield","Guardian:DonusPower"],"picked":"Guardian:Gem_Cyan","floor":9},{"not_picked":["Guardian:ShieldCharger","Guardian:Emergency"],"picked":"Guardian:ArmoredProtocol","floor":11},{"not_picked":["Guardian:MultiBeam","Guardian:RevengeProtocol"],"picked":"Guardian:ShieldSpikes","floor":12},{"not_picked":["Guardian:PiercingHide","Guardian:TemporalShield"],"picked":"Guardian:Gem_White","floor":13},{"not_picked":["Guardian:ShieldCharger","Guardian:Gem_Green"],"picked":"Guardian:DonusPower","floor":14},{"not_picked":["Guardian:Gem_Red","Guardian:TemporalStrike"],"picked":"Guardian:SentryBeam","floor":15},{"not_picked":["Guardian:FastForward","Guardian:TimeSifter"],"picked":"Guardian:ExploitGems","floor":16},{"not_picked":["Guardian:WalkerClaw+1","Guardian:Recover"],"picked":"Guardian:TemporalStrike","floor":19},{"not_picked":["Guardian:VentSteam","Guardian:Gem_Lightblue"],"picked":"Guardian:Reroute","floor":20},{"not_picked":["Guardian:Gem_Red","Guardian:Emergency"],"picked":"Guardian:TemporalShield+1","floor":21},{"not_picked":["Guardian:TimeBomb+1","Guardian:ChargeCore"],"picked":"Guardian:VentSteam","floor":23},{"not_picked":["Guardian:Orbwalk","Guardian:PiercingHide+1"],"picked":"Guardian:PrismaticBeam","floor":25},{"not_picked":["Guardian:VentSteam","Guardian:PiercingHide"],"picked":"Guardian:Suspension","floor":26},{"not_picked":["Guardian:Gem_Green","Guardian:MultiBeam"],"picked":"Guardian:Gem_Synthetic","floor":27},{"not_picked":["Guardian:Suspension","Guardian:Clone"],"picked":"Guardian:Recover+1","floor":28},{"not_picked":["Guardian:ShieldCharger","Guardian:Gem_Green"],"picked":"Guardian:Gem_Blue","floor":30},{"not_picked":["Guardian:FastForward","Guardian:RollAttack+1"],"picked":"Guardian:Gem_White","floor":31},{"not_picked":["Guardian:PiercingHide","Guardian:PolyBeam"],"picked":"Guardian:Incinerate+1","floor":32},{"not_picked":["Guardian:SphericShield","Guardian:ConstructionForm"],"picked":"Guardian:StasisStrike","floor":33},{"not_picked":["Guardian:Gem_Cyan","Guardian:TemporalStrike"],"picked":"Guardian:CrystalBeam","floor":36},{"not_picked":["Guardian:PrimingBeam","Guardian:PiercingHide"],"picked":"Guardian:ChargeCore","floor":37},{"not_picked":["Guardian:TemporalStrike","Guardian:DecasProtection"],"picked":"Guardian:Gem_White","floor":38},{"not_picked":["Guardian:Reroute","Guardian:Recover"],"picked":"Guardian:TemporalShield+1","floor":39},{"not_picked":["Guardian:Gem_Red","Guardian:StasisStrike"],"picked":"Guardian:Repulse","floor":40},{"not_picked":["Guardian:PrimingBeam+1","Guardian:Gem_Cyan"],"picked":"Guardian:DonusPower+1","floor":42},{"not_picked":["Guardian:ChargeCore","Guardian:BronzeArmor"],"picked":"Guardian:ShieldCharger","floor":43},{"not_picked":["Guardian:Clone","Guardian:PiercingHide"],"picked":"Guardian:ShieldCharger+1","floor":44},{"not_picked":["Guardian:Gem_Lightblue","Guardian:PrimingBeam"],"picked":"Guardian:Gem_Cyan","floor":45},{"not_picked":["Guardian:Harden","Guardian:Gem_Red"],"picked":"Guardian:Suspension+1","floor":46},{"not_picked":["Guardian:Repulse","Guardian:Gem_Synthetic"],"picked":"Guardian:SpikerProtocol+1","floor":48},{"not_picked":["Guardian:Suspension","Guardian:ShieldCharger","Guardian:VentSteam+1"],"picked":"SKIP","floor":49}],"player_experience":470611,"relics_obtained":[{"floor":12,"key":"Blue Candle"},{"floor":14,"key":"Shovel"},{"floor":23,"key":"Peace Pipe"},{"floor":24,"key":"Nunchaku"},{"floor":29,"key":"Replay:Accelerometer"},{"floor":31,"key":"Garlic"},{"floor":35,"key":"Turnip"},{"floor":40,"key":"Pear"},{"floor":41,"key":"Replay:WaspNest"},{"floor":43,"key":"Pondfish Scales"},{"floor":45,"key":"Gambling Chip"},{"floor":48,"key":"HornCleat"}],"event_choices":[{"cards_removed":["Guardian:Strike_Guardian"],"damage_healed":0,"gold_gain":0,"player_choice":"Purged","damage_taken":0,"max_hp_gain":0,"max_hp_loss":0,"event_name":"Purifier","floor":22,"gold_loss":0},{"damage_healed":0,"gold_gain":0,"player_choice":"Fight","damage_taken":0,"max_hp_gain":0,"max_hp_loss":0,"event_name":"Mysterious Sphere","floor":45,"gold_loss":0}],"is_beta":false,"boss_relics":[{"not_picked":["Black Star","Tiny House"],"picked":"Coffee Dripper"},{"not_picked":["ReplayTheSpireMod:DimensionalGlitch","Kintsugi"],"picked":"Guardian:ModeShifterPlus"}],"items_purged_floors":[25,44,46],"is_endless":false,"potions_floor_spawned":[9,13,15,16,19,23,26,27,30,31,36,38,48],"killed_by":"downfall:CharBossMerchant","ascension_level":1}}