{"host":"ashh977dctw2auk3","time":1608732989,"event":{"mods":["BaseMod","ChefMod","Downfall","Friendly Minions","Glutton Mod","Hubris","Infinite Spire","Marisa????????","Minty Spire (QoL Compilation)","Potionbrewer","Replay The Spire","Ruin Mod","Shop Mod","StSLib","The Cursed","The Dragon Tamer","The Marked","The Sage","The Servant 0.9.4","The Spell Scribe","Transform Curses","Waifu the Spire"],"gold_per_floor":[110,124,124,138,5,5,17,17,86,104,104,114,114,114,114,217,217,230,139,139,204,214,214,245,264,290,290,305,305,423,441,441,542,542,560,390,406,417,429,429,447,447,447,447,476,476,476,682,682,682,682],"floor_reached":50,"playtime":3129,"items_purged":[],"score":511,"play_id":"f5609031-d777-4f06-a005-959c1fb8ffd5","local_time":"20201223061629","is_ascension_mode":false,"campfire_choices":[{"data":"chefmod:LocoMoco","floor":6,"key":"SMITH"},{"data":"chefmod:FullBurn","floor":8,"key":"SMITH"},{"data":"chefmod:TodaysSpecial","floor":13,"key":"SMITH"},{"data":"chefmod:QuickThaw","floor":15,"key":"SMITH"},{"data":"chefmod:Canape","floor":23,"key":"SMITH"},{"floor":27,"key":"REST"},{"floor":29,"key":"REST"},{"data":"chefmod:Sorbet","floor":32,"key":"SMITH"},{"data":"chefmod:SpaghettiCarbonara","floor":40,"key":"SMITH"},{"data":"chefmod:OldCookbook","floor":42,"key":"SMITH"},{"data":"chefmod:CuttingBoard","floor":44,"key":"SMITH"},{"data":"chefmod:FrozenTuna","floor":49,"key":"SMITH"},{"data":"chefmod:FullCourseMeal","floor":49,"key":"SMITH"}],"circlet_count":0,"master_deck":["chefmod:Strike","chefmod:Strike","chefmod:Strike","chefmod:Strike","chefmod:Defend","chefmod:Defend","chefmod:Defend","chefmod:QuickThaw+1","chefmod:TodaysSpecial+1","chefmod:CuttingBoard+1","chefmod:HotSoup","chefmod:FullBurn+1","chefmod:LocoMoco+1","chefmod:FireUp","chefmod:FrozenTuna+1","chefmod:Canape+1","chefmod:IceCreamCone","chefmod:CayenneCloud+1","infinitespire:Fortify","chefmod:ColdSteel+1","chefmod:Granita","chefmod:Sorbet+1","chefmod:SushiPlatter","chefmod:ZaruSoba+1","chefmod:Escargot","chefmod:Escargot","chefmod:FullCourseMeal+1","chefmod:OldCookbook+1","chefmod:SpaghettiCarbonara+1","chefmod:ColdSteel","chefmod:FrozenTuna+1","chefmod:HotSoup+1"],"relics":["chefmod:TrustyPot","hubris:MobiusCoin","Painkiller Herb","MerchantsRug","Kunai","Bronze Scales","Honey Jar","Replay:Baseball","Question Card","Replay:Arrowhead"],"acts_visited":["Exordium","TheCity","TheBeyond"],"potions_floor_usage":[16,50,50,50],"damage_taken":[{"damage":0,"enemies":"Cultist","floor":1,"turns":4},{"damage":10,"enemies":"infinitespire:Voidling","floor":2,"turns":5},{"damage":2,"enemies":"Jaw Worm","floor":4,"turns":6},{"damage":2,"enemies":"Looter","floor":7,"turns":3},{"damage":0,"enemies":"Lots of Slimes","floor":10,"turns":2},{"damage":0,"enemies":"3 Louse","floor":12,"turns":1},{"damage":19,"enemies":"The Guardian","floor":16,"turns":4},{"damage":0,"enemies":"2 Thieves","floor":18,"turns":2},{"damage":0,"enemies":"3 Byrds","floor":21,"turns":2},{"damage":6,"enemies":"Snake Plant","floor":22,"turns":3},{"damage":67,"enemies":"Nightmare","floor":24,"turns":5},{"damage":0,"enemies":"Cultist and Chosen","floor":25,"turns":3},{"damage":1,"enemies":"Centurion and Healer","floor":28,"turns":3},{"damage":4,"enemies":"Shelled Parasite and Fungi","floor":30,"turns":2},{"damage":0,"enemies":"Snake Plant","floor":31,"turns":1},{"damage":10,"enemies":"Automaton","floor":33,"turns":5},{"damage":0,"enemies":"3 Shapes","floor":35,"turns":2},{"damage":6,"enemies":"Orb Walker","floor":37,"turns":3},{"damage":20,"enemies":"Sphere and 2 Shapes","floor":38,"turns":5},{"damage":5,"enemies":"4 Shapes","floor":39,"turns":4},{"damage":0,"enemies":"Jaw Worm Horde","floor":41,"turns":2},{"damage":47,"enemies":"Nemesis","floor":45,"turns":5},{"damage":61,"enemies":"hubris:GrandSnecko","floor":50,"turns":11}],"seed_played":"1227536329344444932","potions_obtained":[{"floor":2,"key":"champ:CounterPotion"},{"floor":4,"key":"hexamod:EctoCoolerPotion"},{"floor":12,"key":"ColorlessPotion"},{"floor":18,"key":"Adrenaline Potion"},{"floor":22,"key":"champ:CounterPotion"},{"floor":31,"key":"Guardian:BlockOnCardUsePotion"},{"floor":38,"key":"Weak Potion"},{"floor":39,"key":"Fire Potion"}],"is_trial":false,"path_per_floor":["M","M","$","M","$","R","M","R","T","M","?","M","R","?","R","B",null,"?","T","T","?","?","T","NM","?","T","T","?","T","?","?","T","B",null,"?","T","?","?","?","T","?","T","T","T","E","?","?","?","T","B"],"character_chosen":"THE_CHEF","items_purchased":["chefmod:LocoMoco","chefmod:FireUp","MerchantsRug","chefmod:Escargot","Replay:Baseball"],"campfire_rested":2,"item_purchase_floors":[5,5,19,36,36],"current_hp_per_floor":[83,82,82,80,80,80,78,78,78,78,78,78,78,78,78,59,83,83,83,83,83,77,77,10,10,10,34,33,57,53,53,53,43,83,83,83,77,57,52,52,52,52,52,52,5,5,73,55,55,0,0],"gold":682,"neow_bonus":"TEN_PERCENT_HP_BONUS","is_daily":false,"chose_seed":false,"campfire_upgraded":11,"win_rate":0.0,"timestamp":1608732989,"path_taken":["M","?","$","?","?","R","M","R","T","M","?","M","R","?","R","BOSS","?","?","T","?","?","T","NM","?","T","T","?","T","?","?","T","BOSS","?","T","?","?","?","T","?","T","T","T","E","?","?","?","T","BOSS"],"items_purchased_type":["Card","Card","Relic","Card","Relic"],"build_version":"2020-12-22","purchased_purges":0,"victory":false,"max_hp_per_floor":[83,83,83,83,83,83,83,83,83,83,83,83,83,83,83,83,83,83,83,83,83,83,83,83,83,83,83,83,83,83,83,83,83,83,83,83,83,83,83,83,83,83,83,83,83,83,73,73,73,73,73],"card_choices":[{"not_picked":["chefmod:VegetableTart","chefmod:Chop"],"picked":"chefmod:CuttingBoard","floor":1},{"not_picked":["chefmod:Granita","chefmod:Sorbet"],"picked":"chefmod:HotSoup","floor":2},{"not_picked":["chefmod:FreezerBurn","chefmod:Bruschetta"],"picked":"chefmod:FullBurn","floor":4},{"not_picked":["chefmod:Gelato","chefmod:DinoKale","chefmod:Granita"],"picked":"SKIP","floor":7},{"not_picked":["chefmod:Fillet","chefmod:ColdSteel","chefmod:Bruschetta"],"picked":"SKIP","floor":10},{"not_picked":["chefmod:Flambe","chefmod:LiquidNitrogen","chefmod:RisingDough"],"picked":"SKIP","floor":12},{"not_picked":["chefmod:Mince","chefmod:BananaSplit"],"picked":"chefmod:Canape","floor":16},{"not_picked":["chefmod:Defrost","chefmod:SliceAndDice","chefmod:Fillet"],"picked":"SKIP","floor":18},{"not_picked":["chefmod:LocoMoco","chefmod:Gelato+1"],"picked":"chefmod:IceCreamCone","floor":21},{"not_picked":["chefmod:CandyBowl","chefmod:KnifeFlurry+1"],"picked":"chefmod:CayenneCloud+1","floor":22},{"not_picked":["infinitespire:Menacing","ReplayTheSpireMod:Chaos Vortex"],"picked":"infinitespire:Fortify","floor":24},{"not_picked":["chefmod:MonsterBait+1","chefmod:HotSoup","chefmod:NoSoupForYou"],"picked":"SKIP","floor":24},{"not_picked":["chefmod:Omelette+1","chefmod:IcePick"],"picked":"chefmod:ColdSteel+1","floor":25},{"not_picked":["chefmod:Defrost","chefmod:GroceryDelivery","chefmod:SliceAndDice"],"picked":"SKIP","floor":28},{"not_picked":["chefmod:PotatoGratin+1","chefmod:ColdSteel"],"picked":"chefmod:Granita","floor":30},{"not_picked":["chefmod:Escargot","chefmod:VegetableTart+1"],"picked":"chefmod:Sorbet","floor":31},{"not_picked":["chefmod:BananaSplit","chefmod:TastyDistraction"],"picked":"chefmod:SushiPlatter","floor":33},{"not_picked":["chefmod:HotSoup+1","chefmod:IcePick+1","chefmod:SliceAndDice+1"],"picked":"chefmod:ZaruSoba+1","floor":35},{"not_picked":["chefmod:Cleavers","chefmod:ZaruSoba+1","chefmod:Defrost+1"],"picked":"chefmod:FullCourseMeal","floor":37},{"not_picked":["chefmod:IcePick","chefmod:IceCreamCone+1","chefmod:SliceAndDice+1"],"picked":"chefmod:OldCookbook","floor":38},{"not_picked":["chefmod:OldCookbook+1","chefmod:PotatoGratin+1","chefmod:HotSoup+1"],"picked":"chefmod:SpaghettiCarbonara","floor":39},{"not_picked":["chefmod:NoSoupForYou+1","chefmod:MonsterBait","chefmod:Defrost"],"picked":"chefmod:ColdSteel","floor":41},{"not_picked":["chefmod:HotSoup+1","chefmod:AlooGobi+1","chefmod:IcePick+1","chefmod:DimSum"],"picked":"chefmod:FrozenTuna","floor":45},{"not_picked":["chefmod:FiveAlarmChili","chefmod:DinoKale","chefmod:GroceryDelivery","chefmod:FreezeSolid"],"picked":"chefmod:HotSoup+1","floor":48}],"player_experience":304742,"relics_obtained":[{"floor":9,"key":"hubris:MobiusCoin"},{"floor":24,"key":"Kunai"},{"floor":26,"key":"Bronze Scales"},{"floor":43,"key":"Question Card"},{"floor":45,"key":"Replay:Arrowhead"}],"event_choices":[{"damage_healed":0,"gold_gain":0,"player_choice":"Bought 0 Potions","damage_taken":0,"max_hp_gain":0,"max_hp_loss":0,"event_name":"The Woman in Blue","floor":14,"gold_loss":0},{"damage_healed":0,"gold_gain":0,"player_choice":"Ignored","damage_taken":0,"max_hp_gain":0,"max_hp_loss":0,"event_name":"Tomb of Lord Red Mask","floor":46,"gold_loss":0},{"damage_healed":73,"gold_gain":0,"player_choice":"Heal","damage_taken":0,"max_hp_gain":0,"max_hp_loss":10,"event_name":"The Moai Head","floor":47,"gold_loss":0}],"is_beta":false,"boss_relics":[{"not_picked":["potionbrewer:BhaskarasWheel","hubris:CrackedHourglass"],"picked":"Painkiller Herb"},{"not_picked":["Runic Pyramid","hubris:TerracottaHorce"],"picked":"Honey Jar"}],"items_purged_floors":[],"is_endless":true,"potions_floor_spawned":[2,4,12,18,22,31,38,39],"killed_by":"hubris:GrandSnecko","ascension_level":0}}