{"host":"dij4iqdhjit0agg1","time":1608723382,"event":{"mods":["Act Like it!","BaseMod","Better Note","Colored Powertips","Minty Spire (QoL Compilation)","Permanent Neow","Rare Cards Sparkle","StSLib"],"gold_per_floor":[117,117,192,207,132,132,165,165,165,185,185,185,215,225,225,322,322,340,137,149,169,186,213,213,213],"floor_reached":24,"playtime":3153,"items_purged":["Shame","Fiend Fire+1"],"score":271,"play_id":"4c1f09ee-fa4b-4532-b861-1e03edfdade9","local_time":"20201223123622","is_ascension_mode":true,"campfire_choices":[{"data":"Warcry","floor":6,"key":"SMITH"},{"data":"Shockwave","floor":8,"key":"SMITH"},{"data":"Armaments","floor":15,"key":"SMITH"}],"circlet_count":0,"master_deck":["Strike_R","Strike_R","Strike_R","Defend_R","Defend_R","Defend_R","Defend_R","Impervious","Warcry+1","Shockwave+1","Ghostly Armor","Armaments+1","Exhume","Rage+1","Ghostly Armor+1","Whirlwind","Flex+1","Flex","Metallicize+1","Body Slam"],"relics":["Burning Blood","Mercury Hourglass","Strawberry","CaptainsWheel","Prayer Wheel","Astrolabe","Membership Card","The Courier"],"acts_visited":["Exordium","TheCity"],"potions_floor_usage":[16,16,20,21,22,22,22,24],"damage_taken":[{"damage":0,"enemies":"2 Louse","floor":1,"turns":4},{"damage":0,"enemies":"Small Slimes","floor":4,"turns":2},{"damage":21,"enemies":"Gremlin Nob","floor":7,"turns":5},{"damage":1,"enemies":"Cultist","floor":10,"turns":4},{"damage":18,"enemies":"Lagavulin","floor":13,"turns":8},{"damage":0,"enemies":"Red Slaver","floor":14,"turns":4},{"damage":46,"enemies":"Slime Boss","floor":16,"turns":13},{"damage":13,"enemies":"Chosen","floor":18,"turns":5},{"damage":26,"enemies":"Spheric Guardian","floor":20,"turns":8},{"damage":35,"enemies":"Snake Plant","floor":21,"turns":9},{"damage":4,"enemies":"Snecko","floor":22,"turns":11},{"damage":18,"enemies":"Slavers","floor":23,"turns":7},{"damage":51,"enemies":"Cultist and Chosen","floor":24,"turns":10}],"seed_played":"1291329012659164076","potions_obtained":[{"floor":7,"key":"Weak Potion"},{"floor":10,"key":"Explosive Potion"},{"floor":14,"key":"DuplicationPotion"},{"floor":16,"key":"LiquidMemories"},{"floor":18,"key":"EntropicBrew"},{"floor":20,"key":"Fruit Juice"}],"is_trial":false,"path_per_floor":["M","?","?","M","$","R","E","R","T","M","?","?","E","M","R","B",null,"M","$","M","M","M","E","M"],"character_chosen":"IRONCLAD","items_purchased":["Membership Card"],"campfire_rested":0,"item_purchase_floors":[19],"current_hp_per_floor":[80,77,66,72,72,72,64,64,64,69,69,69,57,63,63,23,87,80,80,65,36,38,26,0,0],"gold":213,"neow_bonus":"THREE_RARE_CARDS","is_daily":false,"chose_seed":false,"campfire_upgraded":3,"win_rate":0.0,"timestamp":1608723382,"path_taken":["M","?","?","M","$","R","E","R","T","M","?","?","E","M","R","BOSS","M","$","M","M","M","E","M"],"items_purchased_type":["Relic"],"build_version":"2020-12-22","purchased_purges":2,"victory":false,"max_hp_per_floor":[80,80,80,80,80,80,87,87,87,87,87,87,87,87,87,87,87,87,87,92,92,92,92,92,92],"card_choices":[{"not_picked":["Reaper","Bludgeon"],"picked":"Impervious","floor":0},{"not_picked":["Havoc","Clash"],"picked":"Warcry","floor":1},{"not_picked":["Second Wind","Wild Strike"],"picked":"Shockwave","floor":4},{"not_picked":["Dropkick","Twin Strike","Battle Trance"],"picked":"SKIP","floor":7},{"not_picked":["Dropkick","Twin Strike","Battle Trance"],"picked":"SKIP","floor":7},{"not_picked":["Evolve","Clothesline","Cleave"],"picked":"SKIP","floor":10},{"not_picked":["Power Through","Disarm"],"picked":"Ghostly Armor","floor":13},{"not_picked":["Sword Boomerang","Burning Pact"],"picked":"Armaments","floor":14},{"not_picked":["Headbutt","Perfected Strike","Wild Strike"],"picked":"SKIP","floor":14},{"not_picked":["Bludgeon","Feed"],"picked":"Exhume","floor":16},{"not_picked":["Heavy Blade","Spot Weakness"],"picked":"Whirlwind","floor":18},{"not_picked":["Ghostly Armor","Feel No Pain"],"picked":"Flex+1","floor":18},{"not_picked":["Twin Strike","Dual Wield"],"picked":"Flex","floor":20},{"not_picked":["Clothesline","Rupture","Second Wind+1"],"picked":"SKIP","floor":20},{"not_picked":["Armaments","Sword Boomerang+1"],"picked":"Metallicize+1","floor":21},{"not_picked":["Wild Strike","Infernal Blade","Feel No Pain"],"picked":"SKIP","floor":21},{"not_picked":["Iron Wave","Armaments"],"picked":"Body Slam","floor":22},{"not_picked":["True Grit+1","Rupture","Dark Embrace+1"],"picked":"SKIP","floor":22},{"not_picked":["Rupture","Burning Pact","Immolate"],"picked":"SKIP","floor":23}],"player_experience":886474,"relics_obtained":[{"floor":7,"key":"Strawberry"},{"floor":9,"key":"CaptainsWheel"},{"floor":13,"key":"Prayer Wheel"},{"floor":23,"key":"The Courier"}],"event_choices":[{"damage_healed":0,"gold_gain":0,"player_choice":"Success","damage_taken":3,"relics_obtained":["Mercury Hourglass"],"max_hp_gain":0,"max_hp_loss":0,"event_name":"Scrap Ooze","floor":2,"gold_loss":0},{"damage_healed":0,"gold_gain":75,"player_choice":"Gather Gold","damage_taken":11,"max_hp_gain":0,"max_hp_loss":0,"event_name":"World of Goop","floor":3,"gold_loss":0},{"damage_healed":0,"gold_gain":0,"player_choice":"Ignored","damage_taken":0,"max_hp_gain":0,"max_hp_loss":0,"event_name":"Shining Light","floor":11,"gold_loss":0},{"damage_healed":0,"gold_gain":0,"player_choice":"Ignored","damage_taken":0,"max_hp_gain":0,"max_hp_loss":0,"event_name":"Liars Game","floor":12,"gold_loss":0}],"is_beta":false,"boss_relics":[{"not_picked":["Velvet Choker","Pandora\u0027s Box"],"picked":"Astrolabe"}],"items_purged_floors":[5,19],"is_endless":false,"potions_floor_spawned":[7,10,14,16,18,20],"killed_by":"Cultist and Chosen","ascension_level":4}}