{"host":"uzcks4yhskks9i02","time":1608756406,"event":{"mods":["BaseMod","Minty Spire (QoL Compilation)","Quick Restart"],"gold_per_floor":[369,39,58,33,96,130,130,130,204,204,214,214,244,74,74,94,94],"floor_reached":16,"playtime":635,"items_purged":[],"score":226,"play_id":"35a0cbfc-78df-4adc-885e-6460cab717eb","local_time":"20201223134646","is_ascension_mode":true,"campfire_choices":[{"data":"Uppercut","floor":8.0,"key":"SMITH"},{"data":"Dual Wield","floor":10.0,"key":"SMITH"},{"data":"Fire Breathing","floor":12.0,"key":"SMITH"},{"data":"Searing Blow","floor":15.0,"key":"SMITH"}],"circlet_count":0,"master_deck":["Strike_R","Strike_R","Strike_R","Strike_R","Strike_R","Defend_R+1","Defend_R","Defend_R+1","Defend_R","Bash","Uppercut+1","Fire Breathing+1","Warcry","Pommel Strike","Dual Wield+1","Reckless Charge","Searing Blow+1","HandOfGreed"],"relics":["Burning Blood","Darkstone Periapt","War Paint","Self Forming Clay","Art of War"],"acts_visited":["Exordium"],"potions_floor_usage":[16],"damage_taken":[{"damage":1.0,"enemies":"Cultist","floor":1.0,"turns":4.0},{"damage":13.0,"enemies":"Small Slimes","floor":3.0,"turns":4.0},{"damage":15.0,"enemies":"Lagavulin","floor":6.0,"turns":5.0},{"damage":4.0,"enemies":"Jaw Worm","floor":11.0,"turns":3.0},{"damage":22.0,"enemies":"Gremlin Nob","floor":13.0,"turns":4.0}],"seed_played":"-4605022492919261292","potions_obtained":[{"floor":1.0,"key":"DistilledChaos"},{"floor":11.0,"key":"ColorlessPotion"}],"is_trial":false,"path_per_floor":["M","$","M","$","?","E","$","R","T","R","M","R","E","$","R","B"],"character_chosen":"IRONCLAD","items_purchased":["Darkstone Periapt","Fire Breathing","Pommel Strike","HandOfGreed"],"campfire_rested":0,"item_purchase_floors":[2,2,4,14],"current_hp_per_floor":[72,72,65,65,65,56,56,56,56,56,58,58,42,42,42,0,0],"gold":94,"neow_bonus":"TWO_FIFTY_GOLD","is_daily":false,"chose_seed":false,"campfire_upgraded":4,"win_rate":0.0,"timestamp":1608756406,"path_taken":["M","?","M","$","?","E","$","R","T","R","M","R","E","?","R","BOSS"],"items_purchased_type":["Relic","Card","Card","Card"],"build_version":"2020-12-22","purchased_purges":0,"victory":false,"max_hp_per_floor":[72,72,72,72,72,72,72,72,72,72,72,72,72,72,72,72,72],"card_choices":[{"not_picked":["Second Wind","Twin Strike"],"picked":"Uppercut","floor":1.0},{"not_picked":["Second Wind","True Grit"],"picked":"Warcry","floor":3.0},{"not_picked":["Iron Wave","Thunderclap"],"picked":"Dual Wield","floor":6.0},{"not_picked":["Headbutt","Thunderclap"],"picked":"Reckless Charge","floor":11.0},{"not_picked":["Intimidate","Rampage"],"picked":"Searing Blow","floor":13.0}],"player_experience":463435,"relics_obtained":[{"floor":6.0,"key":"War Paint"},{"floor":9.0,"key":"Self Forming Clay"},{"floor":13.0,"key":"Art of War"}],"event_choices":[{"damage_healed":0.0,"max_hp_gain":0.0,"max_hp_loss":0.0,"gold_gain":63.0,"event_name":"Golden Wing","player_choice":"Gained Gold","floor":5.0,"gold_loss":0.0,"damage_taken":0.0}],"is_beta":false,"boss_relics":[],"items_purged_floors":[],"is_endless":false,"potions_floor_spawned":[1,11],"killed_by":"The Guardian","ascension_level":9}}