{"host":"pf47v7h0307523iy","time":1608760739,"event":{"mods":["BaseMod","Minty Spire (QoL Compilation)"],"gold_per_floor":[115,128,128,128,53,53,78,78,78,103,120,147,147,197,197,270,270,282,299,315,335,250,250,278,278,278,278,278,297,317,345,345,422,422,436,436,448,48,66,96,96,125,125,158,176,188,188,203,203,203,203,203,203,20,48,48],"floor_reached":57,"playtime":5505,"items_purged":["Strike_G","Strike_G"],"score":3200,"play_id":"faa0431a-4d03-4aa5-9f46-6e36300296bc","local_time":"20201223235859","is_ascension_mode":true,"campfire_choices":[{"data":"Bouncing Flask","floor":6.0,"key":"SMITH"},{"data":"Noxious Fumes","floor":13.0,"key":"SMITH"},{"data":"Burst","floor":15.0,"key":"SMITH"},{"data":"Adrenaline","floor":23.0,"key":"SMITH"},{"data":"Dagger Spray","floor":25.0,"key":"SMITH"},{"data":"Catalyst","floor":32.0,"key":"SMITH"},{"data":"Night Terror","floor":41.0,"key":"SMITH"},{"floor":47.0,"key":"RECALL"},{"data":"Ghostly","floor":49.0,"key":"SMITH"},{"data":"Ghostly","floor":53.0,"key":"SMITH"}],"circlet_count":0,"master_deck":["AscendersBane","Strike_G","Defend_G","Defend_G+1","Defend_G","Defend_G","Defend_G","Survivor+1","Neutralize","Dagger Throw","Bouncing Flask+1","Dagger Spray+1","Burst+1","Noxious Fumes+1","Blade Dance","Adrenaline+1","Deflect+1","Acrobatics","Deflect+1","Ghostly","Ghostly+1","Ghostly+1","Catalyst+1","Dodge and Roll","Night Terror+1","Acrobatics","Adrenaline+1","PiercingWail","PiercingWail+1","Escape Plan","Blur"],"relics":["Ring of the Snake","NeowsBlessing","Kunai","Dream Catcher","Eternal Feather","Meat on the Bone","Darkstone Periapt","Coffee Dripper","MealTicket","Vajra","Centennial Puzzle","Runic Pyramid","Singing Bowl","DollysMirror","Bag of Marbles","Sundial","Lantern","Pen Nib","Ice Cream","Blood Vial"],"acts_visited":["Exordium","TheCity","TheBeyond","TheEnding"],"potions_floor_usage":[56],"damage_taken":[{"damage":0.0,"enemies":"Small Slimes","floor":1.0,"turns":1.0},{"damage":0.0,"enemies":"Jaw Worm","floor":2.0,"turns":1.0},{"damage":0.0,"enemies":"3 Sentries","floor":7.0,"turns":1.0},{"damage":16.0,"enemies":"Gremlin Nob","floor":10.0,"turns":4.0},{"damage":0.0,"enemies":"2 Louse","floor":11.0,"turns":4.0},{"damage":20.0,"enemies":"Lagavulin","floor":12.0,"turns":5.0},{"damage":32.0,"enemies":"Hexaghost","floor":16.0,"turns":10.0},{"damage":7.0,"enemies":"Shell Parasite","floor":18.0,"turns":5.0},{"damage":0.0,"enemies":"Spheric Guardian","floor":19.0,"turns":4.0},{"damage":4.0,"enemies":"Chosen and Byrds","floor":20.0,"turns":5.0},{"damage":16.0,"enemies":"Snecko","floor":21.0,"turns":9.0},{"damage":9.0,"enemies":"Slavers","floor":24.0,"turns":4.0},{"damage":2.0,"enemies":"Centurion and Healer","floor":29.0,"turns":7.0},{"damage":0.0,"enemies":"3 Cultists","floor":30.0,"turns":5.0},{"damage":11.0,"enemies":"Book of Stabbing","floor":31.0,"turns":4.0},{"damage":0.0,"enemies":"Collector","floor":33.0,"turns":6.0},{"damage":0.0,"enemies":"3 Darklings","floor":35.0,"turns":6.0},{"damage":0.0,"enemies":"3 Shapes","floor":37.0,"turns":6.0},{"damage":0.0,"enemies":"Writhing Mass","floor":39.0,"turns":5.0},{"damage":0.0,"enemies":"Reptomancer","floor":40.0,"turns":4.0},{"damage":0.0,"enemies":"Giant Head","floor":42.0,"turns":4.0},{"damage":0.0,"enemies":"Nemesis","floor":44.0,"turns":5.0},{"damage":2.0,"enemies":"4 Shapes","floor":45.0,"turns":5.0},{"damage":0.0,"enemies":"Maw","floor":46.0,"turns":5.0},{"damage":0.0,"enemies":"Sphere and 2 Shapes","floor":48.0,"turns":5.0},{"damage":0.0,"enemies":"Awakened One","floor":50.0,"turns":19.0},{"damage":18.0,"enemies":"Time Eater","floor":51.0,"turns":7.0},{"damage":0.0,"enemies":"Shield and Spear","floor":55.0,"turns":10.0},{"damage":20,"enemies":"The Heart","floor":56,"turns":8}],"seed_played":"2634984276794809763","potions_obtained":[{"floor":2.0,"key":"FairyPotion"},{"floor":16.0,"key":"BlessingOfTheForge"},{"floor":20.0,"key":"PowerPotion"},{"floor":30.0,"key":"SteroidPotion"},{"floor":33.0,"key":"Strength Potion"},{"floor":42.0,"key":"DuplicationPotion"}],"is_trial":false,"path_per_floor":["M","M","?","?","?","R","E","T","T","E","M","E","R","?","R","B",null,"M","M","M","M","?","R","E","R","T","?","?","M","M","E","R","B",null,"M","T","M","$","M","E","R","E","T","E","M","M","R","M","R","B","B",null,"R","$","E","B",null],"character_chosen":"THE_SILENT","items_purchased":["DollysMirror","Bag of Marbles","EssenceOfSteel"],"campfire_rested":0,"item_purchase_floors":[38,38,54],"current_hp_per_floor":[59,59,59,39,39,39,39,39,39,23,35,27,36,30,39,19,54,47,47,43,39,39,51,42,54,54,33,33,31,31,20,33,33,33,33,33,35,35,35,37,37,37,37,39,39,39,41,43,43,43,25,39,43,43,43,23],"gold":48,"neow_bonus":"THREE_ENEMY_KILL","is_daily":false,"chose_seed":false,"campfire_upgraded":9,"win_rate":0.0,"timestamp":1608760739,"path_taken":["M","M","?","?","?","R","E","?","T","E","?","E","R","?","R","BOSS","M","?","M","M","?","R","E","R","T","?","?","M","M","E","R","BOSS","M","?","M","$","M","E","R","E","T","E","?","M","R","M","R","BOSS","BOSS","R","$","E","BOSS"],"items_purchased_type":["Relic","Relic","Potion"],"build_version":"2020-12-22","purchased_purges":2,"victory":true,"max_hp_per_floor":[66,66,66,66,66,66,66,66,66,66,66,66,66,66,66,66,66,66,66,66,66,66,66,66,66,66,33,33,33,33,33,33,33,33,33,33,35,35,35,37,37,37,37,39,41,41,41,43,43,43,43,43,43,43,43,43],"card_choices":[{"not_picked":["Slice","Underhanded Strike"],"picked":"Dagger Throw","floor":1.0},{"not_picked":["PiercingWail","Deflect"],"picked":"Bouncing Flask","floor":2.0},{"not_picked":["Finisher","Deadly Poison"],"picked":"Dagger Spray","floor":7.0},{"not_picked":["Blade Dance","Terror"],"picked":"Burst","floor":10.0},{"not_picked":["Terror","Bouncing Flask"],"picked":"Noxious Fumes","floor":11.0},{"not_picked":["Dash","Deflect"],"picked":"Blade Dance","floor":12.0},{"not_picked":["Storm of Steel","Unload"],"picked":"Adrenaline","floor":16.0},{"not_picked":["Cloak And Dagger","Poisoned Stab"],"picked":"Deflect+1","floor":18.0},{"not_picked":["Deadly Poison","Reflex","Setup"],"picked":"SKIP","floor":19.0},{"not_picked":["Quick Slash","Dagger Spray","Flying Knee"],"picked":"SKIP","floor":20.0},{"not_picked":["Eviscerate","Doppelganger"],"picked":"Acrobatics","floor":21.0},{"not_picked":["All Out Attack","Bane"],"picked":"Deflect+1","floor":24.0},{"not_picked":["Infinite Blades","Outmaneuver"],"picked":"Catalyst","floor":29.0},{"not_picked":["Poisoned Stab","Endless Agony"],"picked":"Dodge and Roll","floor":30.0},{"not_picked":["Endless Agony","Bane","Dagger Spray"],"picked":"SKIP","floor":31.0},{"not_picked":["Storm of Steel","Glass Knife"],"picked":"Night Terror","floor":33.0},{"not_picked":["Riddle With Holes","Prepared"],"picked":"Acrobatics","floor":35.0},{"not_picked":["Distraction","Blade Dance","Noxious Fumes"],"picked":"Singing Bowl","floor":37.0},{"not_picked":["Endless Agony+1","Underhanded Strike"],"picked":"PiercingWail","floor":39.0},{"not_picked":["Tools of the Trade","Skewer","Dodge and Roll"],"picked":"Singing Bowl","floor":40.0},{"not_picked":["Predator","Bane+1"],"picked":"PiercingWail+1","floor":42.0},{"not_picked":["Deflect","Dagger Throw","Concentrate"],"picked":"Singing Bowl","floor":44.0},{"not_picked":["Backstab","Setup","Dodge and Roll"],"picked":"Singing Bowl","floor":45.0},{"not_picked":["Calculated Gamble+1","Slice"],"picked":"Escape Plan","floor":46.0},{"not_picked":["Underhanded Strike","Tools of the Trade","Flechettes"],"picked":"Singing Bowl","floor":48.0},{"not_picked":["Crippling Poison","Accuracy"],"picked":"Blur","floor":55.0}],"player_experience":1517269,"relics_obtained":[{"floor":7.0,"key":"Kunai"},{"floor":8.0,"key":"Dream Catcher"},{"floor":9.0,"key":"Eternal Feather"},{"floor":10.0,"key":"Meat on the Bone"},{"floor":12.0,"key":"Darkstone Periapt"},{"floor":24.0,"key":"Vajra"},{"floor":31.0,"key":"Centennial Puzzle"},{"floor":36.0,"key":"Singing Bowl"},{"floor":40.0,"key":"Sundial"},{"floor":42.0,"key":"Lantern"},{"floor":43.0,"key":"Pen Nib"},{"floor":44.0,"key":"Ice Cream"},{"floor":55.0,"key":"Blood Vial"}],"event_choices":[{"cards_removed":["Strike_G"],"damage_healed":0.0,"max_hp_gain":0.0,"max_hp_loss":0.0,"gold_gain":0.0,"event_name":"Living Wall","player_choice":"Forget","floor":3.0,"gold_loss":0.0,"damage_taken":0.0},{"damage_healed":0.0,"max_hp_gain":0.0,"max_hp_loss":0.0,"gold_gain":0.0,"event_name":"Shining Light","player_choice":"Entered Light","floor":4.0,"gold_loss":0.0,"damage_taken":20.0,"cards_upgraded":["Defend_G","Survivor"]},{"cards_removed":["Strike_G"],"damage_healed":0.0,"max_hp_gain":0.0,"max_hp_loss":0.0,"gold_gain":0.0,"event_name":"The Cleric","player_choice":"Card Removal","floor":5.0,"gold_loss":75.0,"damage_taken":0.0},{"damage_healed":0.0,"max_hp_gain":0.0,"max_hp_loss":0.0,"gold_gain":50.0,"event_name":"FaceTrader","player_choice":"Touch","floor":14.0,"gold_loss":0.0,"damage_taken":6.0},{"damage_healed":0.0,"max_hp_gain":0.0,"max_hp_loss":0.0,"gold_gain":0.0,"event_name":"Addict","player_choice":"Obtained Relic","floor":22.0,"gold_loss":85.0,"damage_taken":0.0,"relics_obtained":["MealTicket"]},{"damage_healed":0.0,"max_hp_gain":0.0,"max_hp_loss":33.0,"gold_gain":0.0,"event_name":"Ghosts","player_choice":"Became a Ghost","floor":27.0,"gold_loss":0.0,"damage_taken":0.0,"cards_obtained":["Ghostly","Ghostly","Ghostly"]},{"damage_healed":0.0,"max_hp_gain":0.0,"max_hp_loss":0.0,"gold_gain":0.0,"event_name":"Match and Keep!","player_choice":"0 cards matched","floor":28.0,"gold_loss":0.0,"damage_taken":0.0,"cards_obtained":[]}],"is_beta":false,"boss_relics":[{"not_picked":["Cursed Key","Astrolabe"],"picked":"Coffee Dripper"},{"not_picked":["SacredBark","Busted Crown"],"picked":"Runic Pyramid"}],"items_purged_floors":[38,54],"is_endless":false,"potions_floor_spawned":[2,16,20,30,33,35,37,42,45],"ascension_level":20}}