{"host":"hfxp6ue4pvwo3fit","time":1608758156,"event":{"mods":["AchievementEnabler","BaseMod","Colored Map","Colored Powertips","Highlight Path","Minty Spire (QoL Compilation)","StSLib","SuperFastMode"],"gold_per_floor":[118,128,128,139,159,159,193,193,193,214,179,179,191,219,219,296,296,314,329,346,346,346],"floor_reached":21,"playtime":783,"items_purged":[],"score":372,"play_id":"ad9f1053-0ac1-4a59-b893-6d6e9c118f0f","local_time":"20201223151556","is_ascension_mode":true,"campfire_choices":[{"data":"Coolheaded","floor":6,"key":"SMITH"},{"data":"Zap","floor":8,"key":"SMITH"},{"data":"Glacier","floor":12,"key":"SMITH"},{"data":"Cold Snap","floor":15,"key":"SMITH"}],"circlet_count":0,"master_deck":["AscendersBane","Strike_B","Strike_B+1","Strike_B","Strike_B","Defend_B+1","Defend_B","Defend_B","Defend_B","Zap+1","Dualcast","Compile Driver","Coolheaded+1","Cold Snap+1","Glacier+1","Capacitor+1","Ball Lightning","White Noise","Electrodynamics+1","White Noise","Defragment+1","Hologram+1"],"relics":["Nuclear Battery","Frozen Egg 2","Letter Opener","Odd Mushroom","Question Card","SlaversCollar"],"acts_visited":["Exordium","TheCity"],"potions_floor_usage":[7,16,20,21],"damage_taken":[{"damage":6,"enemies":"Cultist","floor":1,"turns":4},{"damage":6,"enemies":"2 Louse","floor":2,"turns":3},{"damage":0,"enemies":"Small Slimes","floor":4,"turns":4},{"damage":7,"enemies":"Looter","floor":5,"turns":3},{"damage":6,"enemies":"3 Sentries","floor":7,"turns":10},{"damage":1,"enemies":"The Mushroom Lair","floor":10,"turns":5},{"damage":1,"enemies":"Blue Slaver","floor":13,"turns":3},{"damage":1,"enemies":"Lagavulin","floor":14,"turns":6},{"damage":5,"enemies":"Hexaghost","floor":16,"turns":9},{"damage":9,"enemies":"3 Byrds","floor":18,"turns":4},{"damage":16,"enemies":"Shell Parasite","floor":19,"turns":5},{"damage":24,"enemies":"Snake Plant","floor":20,"turns":4},{"damage":14,"enemies":"Centurion and Healer","floor":21,"turns":2}],"seed_played":"2758704070610732017","potions_obtained":[{"floor":5,"key":"Fire Potion"},{"floor":7,"key":"SkillPotion"},{"floor":13,"key":"Fire Potion"},{"floor":16,"key":"Block Potion"}],"is_trial":false,"path_per_floor":["M","M","?","M","M","R","E","R","T","?","?","R","M","E","R","B",null,"M","M","M","M"],"character_chosen":"DEFECT","items_purchased":[],"campfire_rested":0,"item_purchase_floors":[],"current_hp_per_floor":[58,52,31,31,24,24,18,18,18,17,34,34,33,32,32,27,60,51,35,11,0,0],"gold":346,"neow_bonus":"BOSS_RELIC","is_daily":false,"chose_seed":false,"campfire_upgraded":4,"win_rate":0.0,"timestamp":1608758156,"path_taken":["M","?","?","M","M","R","E","R","T","?","?","R","M","E","R","BOSS","M","M","M","M"],"items_purchased_type":[],"build_version":"2020-12-22","purchased_purges":0,"victory":false,"max_hp_per_floor":[71,71,71,71,71,71,71,71,71,71,71,71,71,71,71,71,71,71,71,71,71,71],"card_choices":[{"not_picked":["Steam","Lockon"],"picked":"Compile Driver","floor":1},{"not_picked":["Conserve Battery","Chaos"],"picked":"Coolheaded","floor":2},{"not_picked":["Rebound","Darkness"],"picked":"Cold Snap","floor":4},{"not_picked":["Steam","Streamline"],"picked":"Glacier","floor":5},{"not_picked":["Reboot","Stack"],"picked":"Capacitor+1","floor":7},{"not_picked":["Gash","Rebound"],"picked":"Ball Lightning","floor":10},{"not_picked":["Hologram","Ball Lightning"],"picked":"White Noise","floor":13},{"not_picked":["Doom and Gloom","Sweeping Beam","Consume"],"picked":"SKIP","floor":14},{"not_picked":["Hyperbeam","Rainbow","Multi-Cast"],"picked":"Electrodynamics+1","floor":16},{"not_picked":["Coolheaded","Barrage","Tempest"],"picked":"White Noise","floor":18},{"not_picked":["Storm+1","Auto Shields","Hologram"],"picked":"Defragment+1","floor":19},{"not_picked":["Darkness","Auto Shields","Static Discharge+1"],"picked":"Hologram+1","floor":20}],"player_experience":420461,"relics_obtained":[{"floor":7,"key":"Frozen Egg 2"},{"floor":9,"key":"Letter Opener"},{"floor":10,"key":"Odd Mushroom"},{"floor":14,"key":"Question Card"}],"event_choices":[{"damage_healed":0,"gold_gain":0,"player_choice":"Entered Light","damage_taken":21,"max_hp_gain":0,"max_hp_loss":0,"event_name":"Shining Light","floor":3,"gold_loss":0,"cards_upgraded":["Strike_B","Defend_B"]},{"damage_healed":0,"gold_gain":0,"player_choice":"Fought Mushrooms","damage_taken":0,"max_hp_gain":0,"max_hp_loss":0,"event_name":"Mushrooms","floor":10,"gold_loss":0},{"damage_healed":17,"gold_gain":0,"player_choice":"Healed","damage_taken":0,"max_hp_gain":0,"max_hp_loss":0,"event_name":"The Cleric","floor":11,"gold_loss":35}],"is_beta":false,"boss_relics":[{"not_picked":["Runic Pyramid","Black Star"],"picked":"SlaversCollar"}],"items_purged_floors":[],"is_endless":false,"potions_floor_spawned":[5,7,13,16,18],"killed_by":"Centurion and Healer","ascension_level":19}}