{"host":"1cmq7b0pfn5kc3i5","time":1608700292,"event":{"mods":["AchievementEnabler","Aspiration","Bard","BaseMod","Beaked The Cultist","Better Altar","Better Match","Better Note","Better Sensory Stone","Better Skull","Better Third Choice","BetterRewards","CCEM","Clawfect","Colored Map","Conspire","Downfall","GifTheSpireLib","Halation","Hermit","Highlight Path","Hubris","Hunter ??","Infinite Spire","Jedi Mod","Jorbs\u0027s Wanderer Trilogy","Mad Scientist","Marisa????????","Mimic Mod","Minty Spire (QoL Compilation)","Permanent Neow","Replay The Spire","Shade Mod","Shop Mod","Spicy Shops","StSLib","Stuff the Spire","The Administrix","The Blackbeard","The Bug Knight","The Construct","The Cursed","The Disciple","The Gatherer","The Hierophant","The Jungle","The Mystic","The Necromancer","The Problem Sleuth","The Runesmith","The Servant 0.9.4","The Spell Scribe","The Witch","Unceasing Turn Reminder","everything is the same but u backflip on backflip","slay the spire mod where everything is the same but ironclad has a cowboy hat"],"gold_per_floor":[118,136,136,136,155,187,187,187,187,187,207,226,226,237,237,335,335,352,352,363,363,375,375,410,430,461,480,405,34,44,61,61,156,156,169,169,169,169,26,26,43,28,51,64,64,83,83,83,83,83,83],"floor_reached":50,"playtime":4233,"items_purged":["Strike_R","Strike_R"],"score":569,"play_id":"d2fdc49e-ab7e-47ed-8cc8-cc7c46f3688d","local_time":"20201223001132","is_ascension_mode":false,"campfire_choices":[{"floor":7,"key":"REST"},{"data":"Armaments","floor":13,"key":"SMITH"},{"data":"1","floor":15,"key":"LIFT"},{"data":"2","floor":32,"key":"LIFT"},{"floor":40,"key":"REST"},{"floor":45,"key":"REST"},{"data":"3","floor":49,"key":"LIFT"}],"circlet_count":0,"master_deck":["Strike_R","Strike_R","Defend_R","Defend_R","Defend_R","Defend_R","Bash","Heavy Blade","Pommel Strike","infinitespire:OneForAll","expansioncontent:DefensiveMode","Flex+1","Armaments","jedi:fear","Armaments+1","Hemogenesis+1","jedi:harder","jedi:MakeshiftSword","StuffTheSpire:RagingBull+1","infinitespire:Menacing","ReplayReversal+1","Dark Embrace","Searing Blow+1","Inflame","Run Through+1","Whirlwind","Shrug It Off+1","jedi:unlimitedpower","Flex+1","Madness","Madness","Twin Strike","Clothesline+1","hubris:NaturalOne","Inflame","Armaments+1"],"relics":["Burning Blood","Girya","Nunchaku","jedi:HeartOfTheCards","PreservedInsect","Ooze Armor","halation:OrihimeAndHikoboshiSamaAndTears","ChewingGum","NlothsMask","Mummified Hand","MerchantsRug","hubris:Icosahedron","jedi:Pinwheel","jedi:arcanewood"],"acts_visited":["Exordium","TheCity","TheBeyond"],"potions_floor_usage":[6,16,24,24,50,50],"damage_taken":[{"damage":6,"enemies":"Cultist","floor":1,"turns":4},{"damage":0,"enemies":"Jaw Worm","floor":2,"turns":5},{"damage":0,"enemies":"Small Slimes","floor":5,"turns":4},{"damage":48,"enemies":"3 Sentries","floor":6,"turns":11},{"damage":22,"enemies":"Exordium Thugs","floor":11,"turns":6},{"damage":4,"enemies":"Blue Slaver","floor":12,"turns":4},{"damage":2,"enemies":"Large Slime","floor":14,"turns":6},{"damage":46,"enemies":"Fading Forest","floor":16,"turns":11},{"damage":21,"enemies":"3 Byrds","floor":18,"turns":8},{"damage":11,"enemies":"conspire:FuzzyDice","floor":20,"turns":7},{"damage":5,"enemies":"conspire:HollyBat","floor":22,"turns":5},{"damage":0,"enemies":"Gremlin Leader","floor":24,"turns":4},{"damage":1,"enemies":"Snecko","floor":25,"turns":3},{"damage":4,"enemies":"Chosen and Byrds","floor":26,"turns":4},{"damage":3,"enemies":"Chosen and Byrds","floor":27,"turns":3},{"damage":8,"enemies":"Cultist and Chosen","floor":30,"turns":4},{"damage":0,"enemies":"Centurion and Healer","floor":31,"turns":2},{"damage":26,"enemies":"conspire:MysteriousRune","floor":33,"turns":5},{"damage":32,"enemies":"3 Darklings","floor":35,"turns":1},{"damage":13,"enemies":"Orb Walker","floor":41,"turns":2},{"damage":49,"enemies":"Nemesis","floor":42,"turns":5},{"damage":13,"enemies":"Sphere and 2 Shapes","floor":44,"turns":4},{"damage":3,"enemies":"Maw","floor":46,"turns":7},{"damage":47,"enemies":"conspire:OrnateMirror","floor":50,"turns":6}],"seed_played":"4400427581959620197","potions_obtained":[{"floor":5,"key":"SneckoOil"},{"floor":6,"key":"LiquidBronze"},{"floor":12,"key":"BlessingOfTheForge"},{"floor":16,"key":"SkillPotion"},{"floor":18,"key":"champ:CounterPotion"},{"floor":22,"key":"Strength Potion"},{"floor":25,"key":"Adrenaline Potion"},{"floor":31,"key":"SmokeBomb"},{"floor":33,"key":"BlessingOfTheForge"},{"floor":41,"key":"Doom Potion"}],"is_trial":false,"path_per_floor":["M","M","T","?","M","E","R","?","T","?","M","M","R","M","R_BF","B",null,"M","?","M","AVR","M","?","E","M","MIM","M","?","$","M","M","R","B",null,"M","?","?","?","$","R","M","E","T","M","R","M","HB","?","R","B"],"character_chosen":"IRONCLAD","items_purchased":["Whirlwind","MerchantsRug","Shrug It Off+1"],"campfire_rested":3,"item_purchase_floors":[29,29,29],"current_hp_per_floor":[80,80,80,80,80,38,62,62,62,62,46,48,48,52,52,27,80,65,65,65,65,70,70,76,80,80,80,80,80,80,80,80,60,80,54,62,52,52,52,76,69,37,37,30,54,57,40,40,40,0,0],"gold":83,"neow_bonus":"THREE_CARDS","is_daily":false,"chose_seed":false,"campfire_upgraded":1,"win_rate":0.0,"timestamp":1608700292,"path_taken":["M","M","?","?","?","E","R","?","T","?","M","M","R","?","R_BF","BOSS","M","?","M","AVR","M","?","E","M","MIM","M","?","$","?","M","R","BOSS","M","?","?","?","$","R","?","E","T","M","R","M","HB","?","R","BOSS"],"items_purchased_type":["Card","Relic","Card"],"build_version":"2020-12-13","purchased_purges":2,"victory":false,"max_hp_per_floor":[80,80,80,80,80,80,80,80,80,80,80,80,80,80,80,80,80,80,80,80,80,80,80,80,80,80,80,80,80,80,80,80,80,80,80,80,80,80,80,80,80,80,80,80,80,80,40,40,40,40,40],"card_choices":[{"not_picked":["Headbutt","ReplayTheSpireMod:Strike From Hell"],"picked":"Heavy Blade","floor":0},{"not_picked":["Rupture","ReplayTheSpireMod:Limb From Limb"],"picked":"Pommel Strike","floor":1},{"not_picked":["Sword Boomerang","Carnage"],"picked":"infinitespire:OneForAll","floor":2},{"not_picked":["Survey Options","ReplayTheSpireMod:Trickstab"],"picked":"expansioncontent:DefensiveMode","floor":4},{"not_picked":["hubris:SharpeningStone","Defy Death"],"picked":"Flex","floor":5},{"not_picked":["Entrench","ReplayReversal"],"picked":"Armaments","floor":6},{"not_picked":["Replay:Undeath\u0027s Touch","Body Slam"],"picked":"jedi:fear","floor":11},{"not_picked":["Clash","Sword Boomerang"],"picked":"Armaments","floor":12},{"not_picked":["Spot Weakness","Clash"],"picked":"Hemogenesis","floor":14},{"not_picked":["Hemogenesis","Bludgeon"],"picked":"jedi:harder","floor":16},{"not_picked":["Anger","Dark Embrace"],"picked":"jedi:MakeshiftSword","floor":18},{"not_picked":["Sword Boomerang","Headbutt+1"],"picked":"StuffTheSpire:RagingBull+1","floor":20},{"not_picked":["Perfected Strike+1","Defy Death"],"picked":"ReplayReversal+1","floor":22},{"not_picked":["StuffTheSpire:RockThrow","ReplayTheSpireMod:Corrosion Curse+1"],"picked":"Dark Embrace","floor":24},{"not_picked":["conspire:ExplosiveBarrier","Thunderclap+1"],"picked":"Searing Blow+1","floor":25},{"not_picked":["Shockwave+1","StuffTheSpire:Slingshot"],"picked":"Inflame","floor":26},{"not_picked":["Twin Strike+1","jedi:MakeshiftSword"],"picked":"Run Through+1","floor":27},{"not_picked":["Flex","Perfected Strike","Whirlwind"],"picked":"SKIP","floor":30},{"not_picked":["Iron Wave","True Grit+1","StuffTheSpire:RagingBull"],"picked":"SKIP","floor":31},{"not_picked":["Demon Form","Eclipse"],"picked":"jedi:unlimitedpower","floor":33},{"not_picked":["Pommel Strike+1","Dark Embrace"],"picked":"Flex+1","floor":35},{"not_picked":["Dark Embrace+1","infinitespire:OneForAll"],"picked":"Twin Strike","floor":41},{"not_picked":["Warcry+1","Heavy Blade"],"picked":"Clothesline+1","floor":42},{"not_picked":["Cleave+1","Metallicize+1"],"picked":"Inflame","floor":44},{"not_picked":["Whirlwind+1","Run Through+1"],"picked":"Armaments+1","floor":46}],"player_experience":37503,"relics_obtained":[{"floor":3,"key":"Girya"},{"floor":6,"key":"Nunchaku"},{"floor":9,"key":"jedi:HeartOfTheCards"},{"floor":24,"key":"Mummified Hand"},{"floor":42,"key":"jedi:Pinwheel"},{"floor":43,"key":"jedi:arcanewood"}],"event_choices":[{"damage_healed":0,"gold_gain":1,"player_choice":"1","damage_taken":0,"max_hp_gain":0,"max_hp_loss":0,"event_name":"betterStone:BetterStone","floor":4,"gold_loss":0},{"damage_healed":0,"gold_gain":0,"player_choice":"Gave Potion","damage_taken":0,"relics_obtained":["PreservedInsect"],"max_hp_gain":0,"max_hp_loss":0,"event_name":"WeMeetAgain","floor":10,"gold_loss":0},{"cards_removed":["infinitespire:OneForAll"],"damage_healed":0,"gold_gain":0,"player_choice":"Give","damage_taken":0,"max_hp_gain":0,"max_hp_loss":0,"event_name":"betterNote:BetterNote","floor":19,"gold_loss":0,"cards_obtained":["None"]},{"damage_healed":0,"gold_gain":0,"player_choice":"Trade","damage_taken":0,"relics_obtained":["NlothsMask"],"max_hp_gain":0,"max_hp_loss":0,"event_name":"FaceTrader","floor":23,"gold_loss":0},{"cards_removed":["Strike_R"],"damage_healed":0,"gold_gain":0,"player_choice":"Gave Gold","damage_taken":0,"max_hp_gain":0,"max_hp_loss":0,"event_name":"Beggar","floor":28,"gold_loss":75},{"damage_healed":0,"gold_gain":0,"player_choice":"Embrace Madness","damage_taken":10,"max_hp_gain":0,"max_hp_loss":0,"event_name":"Winding Halls","floor":37,"gold_loss":0,"cards_obtained":["Madness","Madness"]}],"is_beta":false,"boss_relics":[{"not_picked":["Honey Jar","Runic Dome"],"picked":"Ooze Armor"},{"not_picked":["Coffee Dripper","hubris:VirtuousBlindfold","beaked:MawFillet"]}],"items_purged_floors":[39,39],"is_endless":false,"potions_floor_spawned":[5,6,12,16,18,22,25,31,33,41],"killed_by":"conspire:OrnateMirror","ascension_level":0}}