{"host":"hm3ikmf8oxbtqms2","time":1608755057,"event":{"mods":["BaseMod","Best Route Mod","Bestiary","Better Vampires","Block Reminder","Colored Map","Colored Powertips","Curses Come First","DeckTracker","Displayed Cursed Tome","Highlight Path","Minty Spire (QoL Compilation)","Quick Restart","StSLib"],"gold_per_floor":[113,130,140,154,171,171,181,207,279,279,7,37,37,69,69,174,174,194,22,32,47,58,58,87,87,87,99,138,49,49,64,64,64,64],"floor_reached":33,"playtime":3079,"items_purged":["Bash","Strike_R"],"score":393,"play_id":"90bd8d22-6aba-4f2b-970b-0eabb1ef30ee","local_time":"20201223152417","is_ascension_mode":true,"campfire_choices":[{"floor":6.0,"key":"REST"},{"data":"Exhume","floor":13.0,"key":"SMITH"},{"data":"Heavy Blade","floor":15.0,"key":"SMITH"},{"floor":23,"key":"REST"},{"floor":25,"key":"REST"},{"data":"Iron Wave","floor":27,"key":"SMITH"},{"floor":32,"key":"REST"}],"circlet_count":0,"master_deck":["Strike_R","Strike_R","Strike_R","Strike_R","Defend_R","Defend_R","Defend_R","Defend_R","Exhume+1","Seeing Red+1","Combust","Shockwave","Headbutt","Intimidate+1","Inflame","Iron Wave+1","Rage","Heavy Blade+1","Feed","Searing Blow","Evolve","Pommel Strike+1","Fire Breathing","Rampage","Rupture","Shrug It Off"],"relics":["Burning Blood","Bottled Lightning","Gremlin Horn","Lantern","Ancient Tea Set","Mark of Pain","Oddly Smooth Stone","MawBank","War Paint"],"acts_visited":["Exordium","TheCity"],"potions_floor_usage":[16,16,20,22,31,33,33],"damage_taken":[{"damage":6.0,"enemies":"Cultist","floor":1.0,"turns":4.0},{"damage":2.0,"enemies":"2 Louse","floor":2.0,"turns":4.0},{"damage":14.0,"enemies":"Jaw Worm","floor":3.0,"turns":4.0},{"damage":33.0,"enemies":"Gremlin Gang","floor":4.0,"turns":6.0},{"damage":24.0,"enemies":"Lots of Slimes","floor":5.0,"turns":3.0},{"damage":19.0,"enemies":"Looter","floor":7.0,"turns":3.0},{"damage":15.0,"enemies":"3 Sentries","floor":8.0,"turns":6.0},{"damage":22.0,"enemies":"Gremlin Nob","floor":12.0,"turns":4.0},{"damage":13.0,"enemies":"3 Sentries","floor":14.0,"turns":7.0},{"damage":3,"enemies":"Slime Boss","floor":16,"turns":5},{"damage":27,"enemies":"Shell Parasite","floor":18,"turns":6},{"damage":24,"enemies":"2 Thieves","floor":20,"turns":4},{"damage":12,"enemies":"3 Cultists","floor":21,"turns":5},{"damage":15,"enemies":"Centurion and Healer","floor":22,"turns":4},{"damage":37,"enemies":"Book of Stabbing","floor":24,"turns":5},{"damage":45,"enemies":"Gremlin Leader","floor":28,"turns":7},{"damage":41,"enemies":"Snake Plant","floor":31,"turns":5},{"damage":57,"enemies":"Champ","floor":33,"turns":7}],"seed_played":"4261727435177549400","potions_obtained":[{"floor":2.0,"key":"Dexterity Potion"},{"floor":5.0,"key":"SneckoOil"},{"floor":8.0,"key":"BlessingOfTheForge"},{"floor":14.0,"key":"GamblersBrew"},{"floor":16,"key":"GamblersBrew"},{"floor":18,"key":"CultistPotion"},{"floor":24,"key":"SpeedPotion"},{"floor":30,"key":"DuplicationPotion"},{"floor":30,"key":"FairyPotion"},{"floor":30,"key":"BloodPotion"},{"floor":31,"key":"DistilledChaos"}],"is_trial":false,"path_per_floor":["M","M","M","M","M","R","M","E","T","?","$","E","R","E","R","B",null,"M","$","M","M","M","R","E","R","T","R","E","$","?","M","R","B"],"character_chosen":"IRONCLAD","items_purchased":["Lantern","Iron Wave","Evolve","Rupture","Shrug It Off"],"campfire_rested":4,"item_purchase_floors":[11,11,19,29,29],"current_hp_per_floor":[80,80,72,45,27,51,38,29,29,80,80,64,64,57,57,60,80,62,62,44,41,32,57,26,51,51,51,12,12,12,19,44,0,0],"gold":64,"neow_bonus":"ONE_RANDOM_RARE_CARD","is_daily":false,"chose_seed":false,"campfire_upgraded":3,"win_rate":0.0,"timestamp":1608755057,"path_taken":["M","M","M","?","M","R","M","E","T","?","$","E","R","E","R","BOSS","M","$","M","?","?","R","E","R","T","R","E","$","?","?","R","BOSS"],"items_purchased_type":["Relic","Card","Card","Card","Card"],"build_version":"2020-12-22","purchased_purges":2,"victory":false,"max_hp_per_floor":[80,80,80,80,80,80,80,80,80,80,80,80,80,80,80,80,80,83,83,83,86,86,86,86,86,86,86,86,86,86,86,86,86,86],"card_choices":[{"not_picked":["Anger","Pommel Strike"],"picked":"Seeing Red","floor":1.0},{"not_picked":["Clothesline","Clash"],"picked":"Combust","floor":2.0},{"not_picked":["Twin Strike","Perfected Strike"],"picked":"Shockwave","floor":3.0},{"not_picked":["True Grit","Second Wind"],"picked":"Headbutt","floor":4.0},{"not_picked":["Havoc","Pummel"],"picked":"Intimidate","floor":5.0},{"not_picked":["Clash","Perfected Strike"],"picked":"Second Wind","floor":7.0},{"not_picked":["Juggernaut","Perfected Strike"],"picked":"Inflame","floor":8.0},{"not_picked":["Body Slam","Exhume"],"picked":"Rage","floor":12.0},{"not_picked":["Clash","Ghostly Armor"],"picked":"Heavy Blade","floor":14.0},{"not_picked":["Barricade","Fiend Fire"],"picked":"Feed","floor":16},{"not_picked":["Anger","Clothesline+1"],"picked":"Searing Blow","floor":18},{"not_picked":["Sword Boomerang+1","Flex"],"picked":"Pommel Strike+1","floor":20},{"not_picked":["Double Tap","Heavy Blade"],"picked":"Fire Breathing","floor":21},{"not_picked":["Cleave","Warcry"],"picked":"Rampage","floor":22},{"not_picked":["Headbutt+1","Havoc+1","Twin Strike"],"picked":"SKIP","floor":24},{"not_picked":["Flex","Impervious","Havoc+1"],"picked":"SKIP","floor":28},{"not_picked":["Anger","Evolve","Thunderclap"],"picked":"SKIP","floor":31}],"player_experience":216629,"relics_obtained":[{"floor":8.0,"key":"Bottled Lightning"},{"floor":9.0,"key":"Gremlin Horn"},{"floor":12.0,"key":"Ancient Tea Set"},{"floor":24,"key":"Oddly Smooth Stone"},{"floor":26,"key":"MawBank"},{"floor":28,"key":"War Paint"}],"event_choices":[{"cards_removed":["Second Wind"],"damage_healed":51.0,"max_hp_gain":0.0,"max_hp_loss":0.0,"gold_gain":0.0,"event_name":"Bonfire Elementals","player_choice":"Offered Uncommon","floor":10.0,"gold_loss":0.0,"damage_taken":0.0},{"damage_healed":0,"gold_gain":0,"player_choice":"Got Potions","damage_taken":0,"max_hp_gain":0,"max_hp_loss":0,"event_name":"Lab","floor":30,"gold_loss":0}],"is_beta":false,"boss_relics":[{"not_picked":["Cursed Key","Runic Dome"],"picked":"Mark of Pain"}],"items_purged_floors":[11,19],"is_endless":false,"potions_floor_spawned":[2,5,8,14,16,18,24,31],"killed_by":"Champ","ascension_level":2}}