{"host":"gk5m6v7zec9neb0j","time":1608726429,"event":{"mods":["AchievementEnabler","AlwaysNeverKeys","BaseMod","BetterRewards","Block Reminder","Minty Spire (QoL Compilation)","Rare Cards Sparkle","Relic Stats","StSLib"],"gold_per_floor":[118,118,83,9,9,9,24,24,24,24,59,334,348,369,369,488,488,512,526,549,569,593,593,593],"floor_reached":23,"playtime":591,"items_purged":["Strike_B"],"score":318,"play_id":"d639c00f-292c-447b-b51a-bf45da209641","local_time":"20201223072709","is_ascension_mode":false,"campfire_choices":[{"floor":6.0,"key":"REST"},{"floor":10.0,"key":"REST"},{"data":"Creative AI","floor":15.0,"key":"SMITH"}],"circlet_count":0,"master_deck":["Strike_B","Strike_B","Strike_B","Defend_B","Defend_B","Defend_B","Defend_B+1","Zap","Dualcast","Defragment","Defragment+1","Creative AI+1","Conserve Battery","Buffer","Force Field","Heatsinks","Regret","Electrodynamics"],"relics":["Cracked Core","ClockworkSouvenir","DollysMirror","Membership Card","Mummified Hand","Golden Idol","Lantern","Bottled Lightning","Inserter"],"acts_visited":["Exordium","TheCity"],"potions_floor_usage":[23],"damage_taken":[{"damage":1.0,"enemies":"Cultist","floor":1.0,"turns":3.0},{"damage":2.0,"enemies":"Small Slimes","floor":7.0,"turns":5.0},{"damage":0.0,"enemies":"3 Sentries","floor":11.0,"turns":5.0},{"damage":5.0,"enemies":"2 Louse","floor":13.0,"turns":3.0},{"damage":3.0,"enemies":"Exordium Wildlife","floor":14.0,"turns":4.0},{"damage":29.0,"enemies":"Hexaghost","floor":16.0,"turns":8.0},{"damage":14.0,"enemies":"Chosen","floor":18.0,"turns":5.0},{"damage":26.0,"enemies":"Shell Parasite","floor":19.0,"turns":8.0},{"damage":19.0,"enemies":"Snake Plant","floor":20.0,"turns":4.0},{"damage":0.0,"enemies":"3 Cultists","floor":21.0,"turns":3.0},{"damage":15.0,"enemies":"Sentry and Sphere","floor":22.0,"turns":4.0},{"damage":1,"enemies":"Snecko","floor":23,"turns":1}],"seed_played":"-2369237531542735575","potions_obtained":[{"floor":11.0,"key":"AttackPotion"},{"floor":14.0,"key":"LiquidMemories"},{"floor":18.0,"key":"DistilledChaos"},{"floor":22.0,"key":"PowerPotion"}],"is_trial":false,"path_per_floor":["M","?","?","$","?","R","M","$","T","R","E","?","M","M","R","B",null,"M","M","M","M","M","M"],"character_chosen":"DEFECT","items_purchased":["ClockworkSouvenir","Defragment","DollysMirror","Membership Card","Mummified Hand","Creative AI","Buffer"],"campfire_rested":2,"item_purchase_floors":[0,0,0,0,0,0,4],"current_hp_per_floor":[28,13,31,31,13,35,33,33,33,55,55,55,50,47,47,18,75,61,35,16,16,1,0,0],"gold":593,"neow_bonus":"","is_daily":false,"chose_seed":false,"campfire_upgraded":1,"win_rate":0.0,"timestamp":1608726429,"path_taken":["M","?","?","$","?","R","M","$","T","R","E","?","M","M","R","BOSS","M","M","?","M","M","M"],"items_purchased_type":["Relic","Card","Relic","Relic","Relic","Card","Card"],"build_version":"2020-12-22","purchased_purges":1,"victory":false,"max_hp_per_floor":[75,75,75,75,75,75,75,75,75,75,75,75,75,75,75,75,75,75,75,75,75,75,75,75],"relic_stats":{"Inserter":[12],"counters":[663,3447],"Mummified Hand":[151],"Golden Idol":63,"obtain_stats":[{"Whetstone":46,"Ginger":28,"Bottled Tornado":37,"Boot":17,"FrozenCore":17,"Old Coin":46,"Blood Vial":53,"Sundial":7,"MealTicket":26,"Fusion Hammer":34,"Necronomicon":31,"Kunai":17,"Pear":55,"Pen Nib":6,"Akabeko":29,"Cables":43,"SlaversCollar":34,"Bird Faced Urn":0,"MutagenicStrength":29,"StrikeDummy":9,"Unceasing Top":44,"Lantern":30,"Regal Pillow":45,"Torii":17,"Singing Bowl":31,"StoneCalendar":54,"Bag of Preparation":43,"Smiling Mask":9,"Cursed Key":17,"Ancient Tea Set":43,"Shovel":0,"Matryoshka":0,"WingedGreaves":30,"Chemical X":11,"InkBottle":17,"Potion Belt":26,"Inserter":34,"Golden Idol":3,"Thread and Needle":0,"PreservedInsect":43,"The Courier":23,"Omamori":46,"Frozen Egg 2":0,"MawBank":24,"Nuclear Battery":34,"Busted Crown":34,"Ornamental Fan":42,"Bloody Idol":21,"Orrery":0,"Turnip":41,"Art of War":41,"Bottled Lightning":11,"Toy Ornithopter":53,"Ice Cream":27,"Mark of the Bloom":46,"Calipers":39,"Gremlin Horn":12,"Nilry\u0027s Codex":27,"CeramicFish":26,"Vajra":12,"Runic Capacitor":0,"Sozu":34,"Centennial Puzzle":9,"Lizard Tail":0,"HornCleat":43,"FaceOfCleric":20,"DollysMirror":53,"Strawberry":0,"Prayer Wheel":0,"Toxic Egg 2":0,"Girya":0,"Happy Flower":17,"Dead Branch":0,"Oddly Smooth Stone":10,"Letter Opener":54,"War Paint":25,"Question Card":43,"WarpedTongs":0,"Du-Vu Doll":10,"OrangePellets":0,"Bottled Flame":54,"Shuriken":3,"Bronze Scales":29,"Molten Egg 2":17,"Black Star":34,"Symbiotic Virus":9,"Pocketwatch":54,"Meat on the Bone":9,"Darkstone Periapt":46,"SacredBark":34,"Enchiridion":19,"Mango":43,"Juzu Bracelet":20,"Incense Burner":43,"Empty Cage":17,"PrismaticShard":41,"ClockworkSouvenir":20,"Frozen Eye":11,"SsserpentHead":30,"Nunchaku":55,"Emotion Chip":6,"Dream Catcher":9,"Mummified Hand":26,"Pantograph":52,"Gambling Chip":0,"Tiny Chest":26,"Red Mask":38,"Cracked Core":0,"Runic Pyramid":17,"Orichalcum":9,"White Beast Statue":54,"Mercury Hourglass":44,"Calling Bell":17,"Peace Pipe":17,"Strange Spoon":21,"Cauldron":42,"DataDisk":23,"Anchor":9,"CaptainsWheel":34,"Bag of Marbles":9,"Membership Card":22,"TungstenRod":8,"FossilizedHelix":0},{"Whetstone":86,"Ginger":148,"Bottled Tornado":83,"Boot":73,"FrozenCore":144,"Old Coin":486,"Blood Vial":254,"Sundial":261,"MealTicket":557,"Fusion Hammer":598,"Necronomicon":105,"Kunai":73,"Pear":184,"Pen Nib":467,"Akabeko":79,"Cables":179,"SlaversCollar":150,"Bird Faced Urn":91,"MutagenicStrength":104,"StrikeDummy":237,"Unceasing Top":132,"Lantern":149,"Regal Pillow":252,"Torii":99,"Singing Bowl":175,"StoneCalendar":489,"Bag of Preparation":291,"Smiling Mask":187,"Cursed Key":190,"Ancient Tea Set":360,"Shovel":91,"Matryoshka":214,"WingedGreaves":105,"Chemical X":69,"InkBottle":99,"Potion Belt":124,"Inserter":128,"Golden Idol":186,"Thread and Needle":91,"PreservedInsect":85,"The Courier":617,"Omamori":435,"Frozen Egg 2":63,"MawBank":77,"Nuclear Battery":106,"Busted Crown":287,"Ornamental Fan":108,"Bloody Idol":348,"Orrery":63,"Turnip":108,"Art of War":179,"Bottled Lightning":262,"Toy Ornithopter":488,"Ice Cream":103,"Mark of the Bloom":110,"Calipers":84,"Gremlin Horn":96,"Nilry\u0027s Codex":124,"CeramicFish":172,"Vajra":188,"Runic Capacitor":160,"Sozu":81,"Centennial Puzzle":95,"Lizard Tail":114,"HornCleat":131,"FaceOfCleric":211,"DollysMirror":135,"Strawberry":185,"Prayer Wheel":63,"Toxic Egg 2":137,"Girya":185,"Happy Flower":347,"Dead Branch":91,"Oddly Smooth Stone":207,"Letter Opener":543,"War Paint":103,"Question Card":155,"WarpedTongs":185,"Du-Vu Doll":96,"OrangePellets":91,"Bottled Flame":318,"Shuriken":115,"Bronze Scales":173,"Molten Egg 2":347,"Black Star":456,"Symbiotic Virus":217,"Pocketwatch":113,"Meat on the Bone":343,"Darkstone Periapt":539,"SacredBark":197,"Enchiridion":473,"Mango":337,"Juzu Bracelet":75,"Incense Burner":108,"Empty Cage":120,"PrismaticShard":457,"ClockworkSouvenir":192,"Frozen Eye":391,"SsserpentHead":533,"Nunchaku":90,"Emotion Chip":117,"Dream Catcher":164,"Mummified Hand":77,"Pantograph":112,"Gambling Chip":114,"Tiny Chest":194,"Red Mask":178,"Cracked Core":0,"Runic Pyramid":303,"Orichalcum":118,"White Beast Statue":517,"Mercury Hourglass":538,"Calling Bell":73,"Peace Pipe":73,"Strange Spoon":75,"Cauldron":563,"DataDisk":102,"Anchor":390,"CaptainsWheel":479,"Bag of Marbles":68,"Membership Card":102,"TungstenRod":141,"FossilizedHelix":295},{"Whetstone":392,"Ginger":722,"Bottled Tornado":372,"Boot":315,"FrozenCore":705,"Old Coin":2578,"Blood Vial":1363,"Sundial":1401,"MealTicket":2917,"Fusion Hammer":3099,"Necronomicon":486,"Kunai":315,"Pear":963,"Pen Nib":2461,"Akabeko":350,"Cables":901,"SlaversCollar":736,"Bird Faced Urn":436,"MutagenicStrength":482,"StrikeDummy":1251,"Unceasing Top":642,"Lantern":727,"Regal Pillow":1350,"Torii":466,"Singing Bowl":874,"StoneCalendar":2602,"Bag of Preparation":1576,"Smiling Mask":978,"Cursed Key":993,"Ancient Tea Set":1954,"Shovel":436,"Matryoshka":1129,"WingedGreaves":486,"Chemical X":295,"InkBottle":466,"Potion Belt":572,"Inserter":623,"Golden Idol":976,"Thread and Needle":436,"PreservedInsect":383,"The Courier":3214,"Omamori":2280,"Frozen Egg 2":274,"MawBank":340,"Nuclear Battery":493,"Busted Crown":1558,"Ornamental Fan":500,"Bloody Idol":1884,"Orrery":274,"Turnip":500,"Art of War":901,"Bottled Lightning":1407,"Toy Ornithopter":2596,"Ice Cream":479,"Mark of the Bloom":508,"Calipers":375,"Gremlin Horn":455,"Nilry\u0027s Codex":572,"CeramicFish":855,"Vajra":981,"Runic Capacitor":787,"Sozu":365,"Centennial Puzzle":449,"Lizard Tail":530,"HornCleat":637,"FaceOfCleric":1108,"DollysMirror":658,"Strawberry":973,"Prayer Wheel":274,"Toxic Egg 2":675,"Girya":973,"Happy Flower":1880,"Dead Branch":436,"Oddly Smooth Stone":1077,"Letter Opener":2863,"War Paint":479,"Question Card":753,"WarpedTongs":973,"Du-Vu Doll":455,"OrangePellets":436,"Bottled Flame":1748,"Shuriken":533,"Bronze Scales":863,"Molten Egg 2":1880,"Black Star":2406,"Symbiotic Virus":1138,"Pocketwatch":517,"Meat on the Bone":1852,"Darkstone Periapt":2841,"SacredBark":1024,"Enchiridion":2491,"Mango":1832,"Juzu Bracelet":323,"Incense Burner":500,"Empty Cage":556,"PrismaticShard":2416,"ClockworkSouvenir":999,"Frozen Eye":2094,"SsserpentHead":2813,"Nunchaku":433,"Emotion Chip":541,"Dream Catcher":800,"Mummified Hand":340,"Pantograph":515,"Gambling Chip":530,"Tiny Chest":1005,"Red Mask":896,"Cracked Core":0,"Runic Pyramid":1643,"Orichalcum":543,"White Beast Statue":2747,"Mercury Hourglass":2837,"Calling Bell":315,"Peace Pipe":315,"Strange Spoon":323,"Cauldron":2930,"DataDisk":476,"Anchor":2091,"CaptainsWheel":2530,"Bag of Marbles":293,"Membership Card":476,"TungstenRod":690,"FossilizedHelix":1608}]},"card_choices":[{"not_picked":["Ball Lightning","Gash"],"picked":"Conserve Battery","floor":1.0},{"not_picked":["Go for the Eyes","Compile Driver"],"picked":"Force Field","floor":7.0},{"not_picked":["Conserve Battery","Hologram"],"picked":"Heatsinks","floor":11.0},{"not_picked":["Chaos","Undo","Scrape"],"picked":"SKIP","floor":13.0},{"not_picked":["Hologram","Doom and Gloom","Melter"],"picked":"SKIP","floor":14.0},{"not_picked":["Creative AI","Multi-Cast"],"picked":"Electrodynamics","floor":16.0},{"not_picked":["Barrage+1","Cold Snap","Conserve Battery"],"picked":"SKIP","floor":18.0},{"not_picked":["Steam Power+1","Redo","Self Repair"],"picked":"SKIP","floor":19.0},{"not_picked":["Auto Shields","Blizzard","Rip and Tear"],"picked":"SKIP","floor":20.0},{"not_picked":["Cold Snap","Hologram","Gash"],"picked":"SKIP","floor":21.0},{"not_picked":["Stack+1","Heatsinks+1","Electrodynamics"],"picked":"SKIP","floor":22.0}],"player_experience":715235,"relics_obtained":[{"floor":9.0,"key":"Lantern"},{"floor":11.0,"key":"Bottled Lightning"}],"event_choices":[{"damage_healed":0.0,"max_hp_gain":0.0,"max_hp_loss":0.0,"gold_gain":0.0,"event_name":"Shining Light","player_choice":"Entered Light","floor":2.0,"gold_loss":0.0,"damage_taken":15.0,"cards_upgraded":["Defend_B","Defragment"]},{"damage_healed":18.0,"max_hp_gain":0.0,"max_hp_loss":0.0,"gold_gain":0.0,"event_name":"The Cleric","player_choice":"Healed","floor":3.0,"gold_loss":35.0,"damage_taken":0.0},{"damage_healed":0.0,"max_hp_gain":0.0,"max_hp_loss":0.0,"gold_gain":0.0,"event_name":"Golden Idol","player_choice":"Take Damage","floor":5.0,"gold_loss":0.0,"damage_taken":18.0,"relics_obtained":["Golden Idol"]},{"damage_healed":0.0,"max_hp_gain":0.0,"max_hp_loss":0.0,"gold_gain":275.0,"event_name":"Golden Shrine","player_choice":"Desecrate","floor":12.0,"gold_loss":0.0,"damage_taken":0.0,"cards_obtained":["Regret"]}],"is_beta":false,"boss_relics":[{"not_picked":["FrozenCore","Runic Dome"],"picked":"Inserter"}],"items_purged_floors":[0],"is_endless":false,"potions_floor_spawned":[11,14,16,18,22],"killed_by":"Snecko","ascension_level":0}}