{"host":"s7tmyr5e6xvpia4b","time":1608748152,"event":{"mods":["ATMod(°¢èªMod)","BaseMod","Bestiary","Better Synergies","BshForSts","Curses Come First","GifTheSpireLib","Minty Spire (QoL Compilation)","Replay The Spire","StSLib","The Blue Laboratory","noobMod"],"gold_per_floor":[109,109,125,300,178,206,221,237,290,316,341,371,383,408,420,529,541,571,583,595,303,329,359,359,387,410,449,449,543,636,636,636,783,783,844,955,955,781,849,1008,1071,1131,1131,542,542,542,686,762,762,812,812,812,266,367,417],"floor_reached":56,"playtime":3563,"items_purged":["Strike_B","Defend_B","Defend_B","Hallucinations"],"score":1611,"play_id":"7beefff5-9b2d-4e0e-839a-ef6253be18ad","local_time":"20201224022912","is_ascension_mode":true,"campfire_choices":[{"data":"AT_RightCognition","floor":15,"key":"SMITH"},{"data":"Creative AI","floor":24,"key":"SMITH"},{"data":"AT_ThreeBodyProblem","floor":28,"key":"SMITH"},{"floor":46,"key":"RECALL"},{"data":"AT_WarpDrive","floor":49,"key":"SMITH"},{"data":"BasicCrystalCard","floor":52,"key":"SMITH"}],"circlet_count":0,"master_deck":["Defend_B","Defend_B","Zap+1","Dualcast","AT_FamilyPortrait","Cold Snap","Consume","Doubt","Redo","AT_ThreeBodyProblem+1","AT_RightCognition+1","Loop","Coolheaded","Creative AI+1","Capacitor","CommonCold","Bite+1","Bite+1","Bite","Bite","Ball Lightning","Glacier","Static Discharge","Conserve Battery","Machine Learning","FIFO Queue+1","Coolheaded+1","Compile Driver","Injury","Coolheaded+1","AT_WaterDrop+1","BasicCrystalCard+1","Heatsinks+1","AT_WarpDrive+1","AT_WarpDrive","AT_EMC2","ReplayTheSpireMod:GoodbyeWorld"],"relics":["Cracked Core","AT_ATBox","ice","NeowsBlessing","Ornamental Fan","MawBank","Replay:Bronze Core","ReplayTheSpireMod:Ring of Exchange","ReplayTheSpireMod:Ring of Addiction","Potion Belt","Chameleon Ring","Raider\u0027s Mask","Red Mask","Gremlin Food","AT_Manta","AT_MibuBalloonWealth","Whetstone","Cursed Key","Replay:Bottled Snecko","Strawberry","Replay:Bottled Eggs","Solar Panel","Lantern","Bronze Scales","Pondfish Scales","Replay:Rubber Ducky","Bag of Preparation"],"acts_visited":["Exordium","TheCity","TheBeyond","TheEnding"],"potions_floor_usage":[8,10,22,22,27,27,27,30,33,33,40,50,55,55,55,55,55],"damage_taken":[{"damage":0,"enemies":"2 Louse","floor":1,"turns":1},{"damage":0,"enemies":"Jaw Worm","floor":3,"turns":1},{"damage":0,"enemies":"3 Sentries","floor":6,"turns":1},{"damage":1,"enemies":"Cultist","floor":7,"turns":3},{"damage":6,"enemies":"Exordium Wildlife","floor":8,"turns":3},{"damage":32,"enemies":"Lagavulin","floor":10,"turns":5},{"damage":16,"enemies":"2 Fungi Beasts","floor":11,"turns":5},{"damage":17,"enemies":"Looter","floor":12,"turns":5},{"damage":21,"enemies":"3 Louse","floor":14,"turns":4},{"damage":8,"enemies":"Slime Boss","floor":16,"turns":8},{"damage":17,"enemies":"Shell Parasite","floor":18,"turns":6},{"damage":58,"enemies":"Masked Bandits","floor":22,"turns":7},{"damage":42,"enemies":"Slavers","floor":23,"turns":7},{"damage":14,"enemies":"Book of Stabbing","floor":25,"turns":5},{"damage":14,"enemies":"2 Thieves","floor":27,"turns":4},{"damage":4,"enemies":"Chosen and Byrds","floor":29,"turns":5},{"damage":13,"enemies":"Sentry and Sphere","floor":30,"turns":3},{"damage":0,"enemies":"Champ","floor":33,"turns":6},{"damage":14,"enemies":"Orb Walker","floor":35,"turns":5},{"damage":42,"enemies":"3 Shapes","floor":36,"turns":6},{"damage":21,"enemies":"Reptomancer","floor":40,"turns":5},{"damage":22,"enemies":"Writhing Mass","floor":41,"turns":5},{"damage":0,"enemies":"Spire Growth","floor":42,"turns":4},{"damage":4,"enemies":"3 Darklings","floor":47,"turns":3},{"damage":28,"enemies":"Nemesis","floor":48,"turns":9},{"damage":26,"enemies":"Time Eater","floor":50,"turns":6},{"damage":46,"enemies":"Shield and Spear","floor":54,"turns":7},{"damage":0,"enemies":"The Heart","floor":55,"turns":7}],"seed_played":"-848726665474777758","potions_obtained":[{"floor":1,"key":"blueLaboratory:NullPotion"},{"floor":3,"key":"blueLaboratory:EnragingPotion"},{"floor":10,"key":"blueLaboratory:BottleOfRum"},{"floor":11,"key":"PowerPotion"},{"floor":14,"key":"LiquidBronze"},{"floor":19,"key":"blueLaboratory:BiasPotion"},{"floor":19,"key":"Weak Potion"},{"floor":19,"key":"Flashbang"},{"floor":22,"key":"ColorlessPotion"},{"floor":23,"key":"blueLaboratory:RememoryPotion"},{"floor":25,"key":"blueLaboratory:BottleOfRum"},{"floor":27,"key":"blueLaboratory:PhilterOfMotion"},{"floor":32,"key":"Fruit Juice"},{"floor":32,"key":"DistilledChaos"},{"floor":33,"key":"Dexterity Potion"},{"floor":36,"key":"Toxic Potion"},{"floor":39,"key":"SpeedPotion"},{"floor":41,"key":"Regen Potion"}],"is_trial":false,"path_per_floor":["M","?","M","?","$","E","M","M","T","E","M","M","$","M","R","B",null,"M","?","?","$","?","E","R","E","T","M","R","M","M","T","R","B",null,"M","M","?","$","?","E","M","M","T","$","?","R","M","E","R","B",null,"R","$","E","B",null],"character_chosen":"DEFECT","items_purchased":["Redo","Raider\u0027s Mask","Ball Lightning","Compile Driver","Solar Panel","Lantern","AT_WarpDrive","Pondfish Scales","Replay:Rubber Ducky","AT_EMC2","Adrenaline Potion"],"campfire_rested":0,"item_purchase_floors":[5,21,21,38,44,44,44,53,53,53,53],"current_hp_per_floor":[75,75,75,75,75,75,74,68,68,36,20,3,3,54,54,46,79,62,62,60,60,71,41,41,39,39,39,39,43,38,38,38,60,123,115,85,85,85,85,78,61,71,71,71,153,153,155,146,146,131,176,176,176,143,187],"gold":417,"neow_bonus":"THREE_ENEMY_KILL","is_daily":false,"chose_seed":false,"campfire_upgraded":5,"win_rate":0.0,"timestamp":1608748152,"path_taken":["M","?","M","?","$","E","?","M","T","E","M","M","$","M","R","BOSS","M","?","?","$","?","E","R","E","T","M","R","M","M","?","R","BOSS","M","M","?","$","?","E","M","M","T","$","?","R","M","E","R","BOSS","R","$","E","BOSS"],"items_purchased_type":["Card","Relic","Card","Card","Relic","Relic","Card","Relic","Relic","Card","Potion"],"build_version":"2020-12-22","purchased_purges":4,"victory":true,"max_hp_per_floor":[75,75,75,75,75,75,75,75,75,75,75,75,75,78,78,79,79,86,86,60,60,71,83,83,93,91,95,95,110,114,114,114,123,123,127,137,135,135,135,145,151,155,155,153,153,153,155,167,167,176,176,176,176,190,265],"card_choices":[{"not_picked":["BootSequence","Compile Driver"],"picked":"Cold Snap","floor":1},{"not_picked":["Steam","Reprogram"],"picked":"Consume","floor":3},{"not_picked":["Go for the Eyes","Rebound","Streamline"],"picked":"SKIP","floor":6},{"not_picked":["Hologram","Gash","Cold Snap"],"picked":"SKIP","floor":7},{"not_picked":["Fission","Conserve Battery"],"picked":"AT_ThreeBodyProblem","floor":8},{"not_picked":["Beam Cell","Rebound"],"picked":"AT_RightCognition","floor":10},{"not_picked":["Ball Lightning","Sweeping Beam"],"picked":"Loop","floor":11},{"not_picked":["Hologram","Rebound","Sweeping Beam"],"picked":"SKIP","floor":12},{"not_picked":["Compile Driver","ReplayGash"],"picked":"Coolheaded","floor":14},{"not_picked":["All For One","AT_RightCognition"],"picked":"Creative AI","floor":16},{"not_picked":["Lockon","Glacier"],"picked":"Capacitor","floor":18},{"not_picked":["Redo","FIFO Queue"],"picked":"Glacier","floor":23},{"not_picked":["Ball Lightning","Creative AI","Glacier"],"picked":"SKIP","floor":25},{"not_picked":["Ball Lightning","Barrage+1","Streamline+1"],"picked":"SKIP","floor":27},{"not_picked":["Beam Cell","Hologram+1"],"picked":"Static Discharge","floor":29},{"not_picked":["Coolheaded","All For One"],"picked":"Conserve Battery","floor":30},{"not_picked":["All For One","Buffer"],"picked":"Machine Learning","floor":33},{"not_picked":["ReplaySolidLightProjector","Conserve Battery+1"],"picked":"FIFO Queue+1","floor":35},{"not_picked":["Cold Snap","Gash"],"picked":"Coolheaded+1","floor":36},{"not_picked":["Auto Shields","Conserve Battery"],"picked":"Coolheaded+1","floor":39},{"not_picked":["Sweeping Beam+1","AT_EMC2+1"],"picked":"AT_WaterDrop","floor":40},{"not_picked":["Rebound","Coolheaded+1"],"picked":"BasicCrystalCard","floor":41},{"not_picked":["Reinforced Body+1","Compile Driver+1"],"picked":"Heatsinks+1","floor":42},{"not_picked":["Compile Driver","Seek","ReplayTheSpireMod:Reroute Power+1"],"picked":"SKIP","floor":47},{"not_picked":["Sweeping Beam","Compile Driver+1","Beam Cell"],"picked":"SKIP","floor":48},{"not_picked":["Streamline","AT_HeatAcrobatics"],"picked":"ReplayTheSpireMod:GoodbyeWorld","floor":54}],"player_experience":38423,"relics_obtained":[{"floor":6,"key":"Ornamental Fan"},{"floor":10,"key":"MawBank"},{"floor":19,"key":"ReplayTheSpireMod:Ring of Exchange"},{"floor":19,"key":"ReplayTheSpireMod:Ring of Addiction"},{"floor":19,"key":"Potion Belt"},{"floor":19,"key":"Chameleon Ring"},{"floor":22,"key":"Red Mask"},{"floor":23,"key":"Gremlin Food"},{"floor":25,"key":"AT_Manta"},{"floor":26,"key":"AT_MibuBalloonWealth"},{"floor":31,"key":"Whetstone"},{"floor":39,"key":"Replay:Bottled Snecko"},{"floor":40,"key":"Strawberry"},{"floor":43,"key":"Replay:Bottled Eggs"},{"floor":48,"key":"Bronze Scales"},{"floor":54,"key":"Bag of Preparation"}],"event_choices":[{"cards_removed":["Strike_B"],"damage_healed":0,"gold_gain":0,"player_choice":"Forget","damage_taken":0,"max_hp_gain":0,"max_hp_loss":0,"event_name":"Living Wall","floor":2,"gold_loss":0},{"damage_healed":0,"gold_gain":175,"player_choice":"AGREE","damage_taken":0,"max_hp_gain":0,"max_hp_loss":0,"event_name":"Liars Game","floor":4,"gold_loss":0,"cards_obtained":["Doubt"]},{"damage_healed":0,"gold_gain":0,"player_choice":"Became a vampire","damage_taken":0,"max_hp_gain":0,"max_hp_loss":26,"event_name":"Vampires","floor":20,"gold_loss":0,"cards_obtained":["Bite","Bite","Bite","Bite","Bite"]},{"damage_healed":0,"gold_gain":0,"player_choice":"Fought Bandits","damage_taken":0,"max_hp_gain":0,"max_hp_loss":0,"event_name":"Masked Bandits","floor":22,"gold_loss":0},{"cards_removed":["Bite"],"damage_healed":0,"gold_gain":0,"player_choice":"Removed Attack","damage_taken":0,"max_hp_gain":0,"max_hp_loss":0,"event_name":"Falling","floor":37,"gold_loss":0},{"damage_healed":82,"gold_gain":0,"player_choice":"Full Heal","damage_taken":0,"max_hp_gain":0,"max_hp_loss":0,"event_name":"Wheel of Change","floor":45,"gold_loss":0}],"is_beta":false,"boss_relics":[{"not_picked":["Astrolabe","Painkiller Herb"],"picked":"Replay:Bronze Core"},{"not_picked":["Replay:Drink Me","DollysMirror"],"picked":"Cursed Key"}],"items_purged_floors":[5,21,38,44],"is_endless":false,"potions_floor_spawned":[1,3,10,11,14,22,23,25,27,33,36,41],"ascension_level":1}}