{"host":"i0avyit1s6jb1siw","time":1608752745,"event":{"mods":["BaseMod","DeckTracker","Dota2Spire","Highlight Path","Minty Spire (QoL Compilation)","Quick Restart","Replay The Spire","StSLib","SuperFastMode"],"gold_per_floor":[111,126,145,145,115,115,155,155,155,179,202,202,215,238,238,329,329,347,23,23,23],"floor_reached":20,"playtime":404,"items_purged":[],"score":352,"play_id":"4c89d0bd-2422-4513-a3fc-c5f88baf85f5","local_time":"20201223204545","is_ascension_mode":true,"campfire_choices":[{"data":"Neutralize","floor":6,"key":"SMITH"},{"floor":8,"key":"REST"},{"floor":12,"key":"REST"},{"floor":15,"key":"REST"}],"circlet_count":0,"master_deck":["AscendersBane","Strike_G","Defend_G","Defend_G","Defend_G","Defend_G","Survivor","Neutralize+1","Dagger Throw","Heel Hook","Toxin Wave","Crippling Poison","Poison Darts","Dagger Spray","Footwork","Envenom+1","Dodge and Roll+1","Eviscerate+1","PiercingWail"],"relics":["Empty Cage","Golden Idol","Replay:WaspNest","Astrolabe","Chemical X","Dota2Spire:HandOfMidas"],"acts_visited":["Exordium","TheCity"],"potions_floor_usage":[16],"damage_taken":[{"damage":6,"enemies":"Cultist","floor":1,"turns":5},{"damage":4,"enemies":"Jaw Worm","floor":2,"turns":5},{"damage":0,"enemies":"2 Louse","floor":3,"turns":2},{"damage":39,"enemies":"3 Sentries","floor":7,"turns":9},{"damage":2,"enemies":"Red Slaver","floor":10,"turns":3},{"damage":20,"enemies":"Large Slime","floor":11,"turns":6},{"damage":8,"enemies":"Exordium Wildlife","floor":13,"turns":3},{"damage":5,"enemies":"Blue Slaver","floor":14,"turns":4},{"damage":23,"enemies":"The Guardian","floor":16,"turns":11},{"damage":29,"enemies":"3 Byrds","floor":18,"turns":4},{"damage":31,"enemies":"Chosen","floor":20,"turns":3}],"seed_played":"-3123811957211949220","potions_obtained":[{"floor":5,"key":"Reflective Coating"},{"floor":5,"key":"FearPotion"},{"floor":10,"key":"SkillPotion"}],"is_trial":false,"path_per_floor":["M","M","M","?","?","R","E","R","T","M","M","R","M","M","R","B",null,"M","$","M"],"character_chosen":"THE_SILENT","items_purchased":["Chemical X","Dota2Spire:HandOfMidas"],"campfire_rested":3,"item_purchase_floors":[19,19],"current_hp_per_floor":[53,49,49,49,49,49,10,28,28,26,6,24,16,11,29,6,47,18,18,0,0],"gold":23,"neow_bonus":"BOSS_RELIC","is_daily":false,"chose_seed":false,"campfire_upgraded":1,"win_rate":0.0,"timestamp":1608752745,"path_taken":["M","M","M","?","?","R","E","R","T","M","M","R","M","?","R","BOSS","M","$","M"],"items_purchased_type":["Relic","Relic"],"build_version":"2020-12-22","purchased_purges":0,"victory":false,"max_hp_per_floor":[66,66,66,60,60,60,60,60,60,60,60,60,60,60,60,60,60,60,60,60,60],"card_choices":[{"not_picked":["Sucker Punch","Outmaneuver"],"picked":"Dagger Throw","floor":1},{"not_picked":["Caltrops","Sucker Punch"],"picked":"Heel Hook","floor":2},{"not_picked":["Backflip","Hidden Blade"],"picked":"Toxin Wave","floor":3},{"not_picked":["Hidden Blade","Sucker Punch"],"picked":"Crippling Poison","floor":7},{"not_picked":["Skewer","Quick Slash"],"picked":"Poison Darts","floor":10},{"not_picked":["Prepared","Cloak And Dagger","Draining Mist"],"picked":"SKIP","floor":11},{"not_picked":["Dodge and Roll","Cloak And Dagger"],"picked":"Dagger Spray","floor":13},{"not_picked":["PiercingWail","Acrobatics"],"picked":"Footwork","floor":14},{"not_picked":["Blade Dance","Concentrate"],"picked":"PiercingWail","floor":18}],"player_experience":2112858,"relics_obtained":[{"floor":7,"key":"Replay:WaspNest"}],"event_choices":[{"damage_healed":0,"gold_gain":0,"player_choice":"Lose Max HP","damage_taken":0,"relics_obtained":["Golden Idol"],"max_hp_gain":0,"max_hp_loss":6,"event_name":"Golden Idol","floor":4,"gold_loss":0},{"damage_healed":0,"gold_gain":0,"player_choice":"Bought 2 Potions","damage_taken":0,"max_hp_gain":0,"max_hp_loss":0,"event_name":"The Woman in Blue","floor":5,"gold_loss":0}],"is_beta":false,"boss_relics":[{"not_picked":["Tiny House","HoveringKite"],"picked":"Astrolabe"}],"items_purged_floors":[],"is_endless":false,"potions_floor_spawned":[10,13,14],"killed_by":"Chosen","ascension_level":20}}