{"host":"h5acbxt0wmjo1kpm","time":1608721442,"event":{"mods":["2.2 Compatiblity","Act Like it!","AlwaysNeverKeys","Aspiration","Bartender","BaseMod","Better Third Choice","Colored Map","Elementarium","Gensokyo","GifTheSpireLib","Hallownest","Marisa????????","Minty Spire (QoL Compilation)","Permanent Neow","Potionbrewer","Relic Filter","Replay The Spire","Robot Space Explorer","RumiaBox-????????","Shade Mod","Spicy Shops","StSLib","Strawberry Spire","The Blackbeard","The Dragon Tamer","The Forsaken","The Gatherer","The Problem Sleuth","The Servant 0.9.4","Wandering Minibosses","vexMod"],"gold_per_floor":[113,193,15,25,45,75,75,5,5,5,5,5,22,34,34,108,108,123,123,142,156,176,204,181,181,227,134,134,134,134],"floor_reached":29,"playtime":1866,"items_purged":[],"score":431,"play_id":"0adde0be-b86e-4aa8-aa13-6645a24f1e03","local_time":"20201223030402","is_ascension_mode":true,"campfire_choices":[{"data":"strawberrySpire:ReturnNull","floor":7.0,"key":"SMITH"},{"data":"Zap","floor":15.0,"key":"SMITH"},{"data":"Defragment","floor":25,"key":"SMITH"}],"circlet_count":0,"master_deck":["AscendersBane","Strike_B+1","Strike_B","Strike_B+1","Strike_B","Defend_B","Defend_B","Defend_B","Defend_B","Zap+1","Dualcast","ReplayTheSpireMod:Calculation Training","strawberrySpire:ReturnNull+1","Defragment+1","Coolheaded","Rip and Tear","strawberrySpire:DataDump","Recycle","Mirror Shield","strawberrySpire:BlasterWyrm","strawberrySpire:Adapter","ReplayTheSpireMod:System Scan","Compile Driver","Echo Form","Conserve Battery+1","Gensokyo:Shovel","Gensokyo:ScrapIron","Night Terror"],"relics":["Cracked Core","aspiration:DSix","Baka","Gremlin Food","Turnip","Meat on the Bone","Art of War","Juzu Bracelet","Mirror","Mango","vexMod:RetaliationKit","Prayer Wheel","Blue Doll","Anchor"],"acts_visited":["Gensokyo:Gensokyo","Gensokyo:Gensokyoer"],"potions_floor_usage":[18,21,22,29],"damage_taken":[{"damage":14.0,"enemies":"Gensokyo:3_Fairies","floor":1.0,"turns":4.0},{"damage":9.0,"enemies":"Gensokyo:2_Kodama","floor":4.0,"turns":2.0},{"damage":0.0,"enemies":"Gensokyo:Python","floor":5.0,"turns":2.0},{"damage":11.0,"enemies":"Gensokyo:Aya","floor":6.0,"turns":5.0},{"damage":0.0,"enemies":"Gensokyo:LivingMonolith","floor":11.0,"turns":3.0},{"damage":0.0,"enemies":"Gensokyo:VengefulSpirit","floor":13.0,"turns":2.0},{"damage":43.0,"enemies":"Gensokyo:3_Kodama","floor":14.0,"turns":4.0},{"damage":13,"enemies":"Gensokyo:Reimu","floor":16,"turns":9},{"damage":54,"enemies":"Gensokyo:3_Dogs","floor":18,"turns":9},{"damage":9,"enemies":"Gensokyo:2_Gloops","floor":20,"turns":6},{"damage":30,"enemies":"Gensokyo:Slime_Group","floor":21,"turns":14},{"damage":0,"enemies":"Gensokyo:3_Gloops","floor":22,"turns":6},{"damage":30,"enemies":"Gensokyo:Koishi","floor":23,"turns":7},{"damage":18,"enemies":"Gensokyo:Reisen","floor":29,"turns":2}],"seed_played":"-5325257897253372049","potions_obtained":[{"floor":5.0,"key":"Swift Potion"},{"floor":14.0,"key":"potionbrewer:DiscountPotion"},{"floor":16,"key":"Dexterity Potion"},{"floor":20,"key":"FocusPotion"},{"floor":21,"key":"Explosive Potion"}],"is_trial":false,"path_per_floor":["M","?","COS","M","M","E","R","?","T","?","M","?","M","M","R","B",null,"M","?","M","M","M","E","$","R","T","COS","?","E"],"character_chosen":"DEFECT","items_purchased":["Conserve Battery+1"],"campfire_rested":0,"item_purchase_floors":[24],"current_hp_per_floor":[50,50,50,43,43,44,44,44,44,44,44,30,42,23,23,22,69,56,56,47,29,41,23,23,23,23,23,11,0,0],"gold":134,"neow_bonus":"DSIX","is_daily":false,"chose_seed":false,"campfire_upgraded":3,"win_rate":0.0,"timestamp":1608721442,"path_taken":["M","?","COS","M","M","E","R","?","T","?","M","?","M","M","R","BOSS","M","?","M","M","M","E","$","R","T","COS","?","E"],"items_purchased_type":["Card"],"build_version":"2020-12-22","purchased_purges":0,"victory":false,"max_hp_per_floor":[71,71,71,71,71,71,71,71,71,71,71,85,85,85,85,85,85,85,85,94,94,94,94,94,94,94,94,94,94,94],"card_choices":[{"not_picked":["Rebound","ReplaySolidLightProjector"],"picked":"ReplayTheSpireMod:Calculation Training","floor":1.0},{"not_picked":["Streamline","Leap"],"picked":"strawberrySpire:ReturnNull","floor":4.0},{"not_picked":["strawberrySpire:HateBit","Chaos"],"picked":"Defragment","floor":5.0},{"not_picked":["Steam","Reprogram"],"picked":"Coolheaded","floor":6.0},{"not_picked":["Redo","BasicCrystalCard"],"picked":"Rip and Tear","floor":11.0},{"not_picked":["Auto Shields","strawberrySpire:Package"],"picked":"strawberrySpire:DataDump","floor":13.0},{"not_picked":["BootSequence","Reprogram"],"picked":"Recycle","floor":14.0},{"not_picked":["Biased Cognition","Hyperbeam"],"picked":"Mirror Shield","floor":16},{"not_picked":["Darkness","Stack+1","Blizzard"],"picked":"SKIP","floor":18},{"not_picked":["Compile Driver","Loop"],"picked":"strawberrySpire:Adapter","floor":20},{"not_picked":["strawberrySpire:NeonFlight+1","Rebound"],"picked":"ReplayTheSpireMod:System Scan","floor":21},{"not_picked":["strawberrySpire:NeonFlight","Steam Power"],"picked":"Compile Driver","floor":22},{"not_picked":["ReplayTheSpireMod:GoodbyeWorld","Undo","strawberrySpire:SearchEngine"],"picked":"SKIP","floor":22},{"not_picked":["Gash","Compile Driver"],"picked":"Echo Form","floor":23}],"player_experience":1920694,"relics_obtained":[{"floor":1.0,"key":"Baka"},{"floor":1.0,"key":"Gremlin Food"},{"floor":4.0,"key":"Turnip"},{"floor":4.0,"key":"Meat on the Bone"},{"floor":6.0,"key":"Juzu Bracelet"},{"floor":23,"key":"Blue Doll"},{"floor":26,"key":"Anchor"}],"event_choices":[],"is_beta":false,"boss_relics":[{"not_picked":["Sozu","Fusion Hammer","strawberrySpire:SolarisEssence"]}],"items_purged_floors":[],"is_endless":false,"potions_floor_spawned":[5,14,16,20,21],"killed_by":"Gensokyo:Reisen","ascension_level":15}}