{"host":"pecumnp00ic55u1k","time":1608705472,"event":{"mods":["Act Like it!","BaseMod","Colored Map","Colored Powertips","Downfall","Hallownest","Hermit","Hubris","Minty Spire (QoL Compilation)","Quick Restart","StSLib","The Blue Laboratory","The Bug Knight","The Cursed"],"gold_per_floor":[116,116,129,129,141,141,66,82,82,82,82,7,27,37,37,134,134,145,159,159,216,234,234,269,269,269,286,306,206,217,232,232,327,327,346,68,68,87,87,87],"floor_reached":39,"playtime":2045,"items_purged":["HollowMod:NailStrikeStart","HollowMod:FocusHealStart","HollowMod:WraithStrike"],"score":422,"play_id":"e9f2b4d3-7bc3-4a73-82a7-2188ca66272b","local_time":"20201223013752","is_ascension_mode":false,"campfire_choices":[{"data":"HollowMod:DescendingDark","floor":6,"key":"SMITH"},{"floor":11,"key":"REST"},{"data":"HollowMod:ShadowDash","floor":15,"key":"SMITH"},{"data":"HollowMod:WraithStrike","floor":23,"key":"SMITH"},{"floor":32,"key":"REST"}],"circlet_count":0,"master_deck":["HollowMod:NailStrikeStart","HollowMod:NailStrikeStart","HollowMod:NailStrikeStart","HollowMod:QuickDashStart","HollowMod:QuickDashStart","HollowMod:QuickDashStart","HollowMod:QuickDashStart","HollowMod:PogoStrike","HollowMod:DescendingDark+1","HollowMod:WraithStrike+1","HollowMod:ShadowDash+1","HollowMod:MantisMark","HollowMod:SiblingsShadow+1","HollowMod:DescendingDark+1","HollowMod:WraithStrike+1","HollowMod:LordofShades","HollowMod:SharpenedShadows+1","HollowMod:VengefulVoid+1"],"relics":["HollowMod:VesselMask","NeowsBlessing","hubris:CrystalStatue","Regal Pillow","hubris:PeanutButter","Hallownest:DreamNailRelic","Philosopher\u0027s Stone","Omamori","Centennial Puzzle","Runic Pyramid","Vajra","hubris:Icosahedron"],"acts_visited":["Hallownest:Greenpath","Hallownest:CityofTears","Hallownest:KingdomsEdge"],"potions_floor_usage":[16,28,33,33],"damage_taken":[{"damage":0,"enemies":"Hallownest:monsterHuskGuard","floor":1,"turns":1},{"damage":0,"enemies":"Hallownest:monsterHuskWarrior","floor":3,"turns":1},{"damage":0,"enemies":"Hallownest:2_MossCreeps","floor":5,"turns":1},{"damage":1,"enemies":"Hallownest:monsterMossCharger","floor":8,"turns":3},{"damage":2,"enemies":"Hallownest:1_Baldur_1_Crawlid_1_Warrior","floor":13,"turns":4},{"damage":0,"enemies":"Hallownest:monsterAspidMother","floor":14,"turns":4},{"damage":23,"enemies":"Hallownest:BossBrokenVessel","floor":16,"turns":10},{"damage":0,"enemies":"Hallownest:3_Youths","floor":18,"turns":8},{"damage":0,"enemies":"Hallownest:2_Mistakes","floor":19,"turns":10},{"damage":23,"enemies":"Hallownest:Glutton_and_Coward","floor":21,"turns":4},{"damage":7,"enemies":"Hallownest:Master_and_Novice","floor":22,"turns":5},{"damage":0,"enemies":"Hallownest:Nosk","floor":24,"turns":7},{"damage":0,"enemies":"Hallownest:monsterShrumalOgre","floor":27,"turns":4},{"damage":7,"enemies":"Hallownest:3_Mistakes","floor":28,"turns":5},{"damage":4,"enemies":"Hallownest:Warrior_and_Youth","floor":30,"turns":2},{"damage":7,"enemies":"Hallownest:Master_and_Novice","floor":31,"turns":2},{"damage":66,"enemies":"Hallownest:BossMantisLord","floor":33,"turns":6},{"damage":17,"enemies":"Hallownest:Shield_Heavy","floor":35,"turns":3},{"damage":42,"enemies":"Hallownest:2_Littles","floor":38,"turns":3},{"damage":29,"enemies":"Hallownest:monsterPrimalAspid","floor":39,"turns":1}],"seed_played":"-648877837088263429","potions_obtained":[{"floor":1,"key":"blueLaboratory:ArtificerPotion"},{"floor":5,"key":"blueLaboratory:BottleOfRum"},{"floor":21,"key":"champ:CounterPotion"},{"floor":22,"key":"blueLaboratory:RecallPotion"},{"floor":28,"key":"AttackPotion"},{"floor":33,"key":"Explosive Potion"},{"floor":35,"key":"BlessingOfTheForge"}],"is_trial":false,"path_per_floor":["M","?","M","?","M","R","?","M","T","?","R","$","M","M","R","B",null,"M","M","?","M","M","R","E","?","T","M","M","$","M","M","R","B",null,"M","$","?","M","M"],"character_chosen":"THE_BUGKNIGHT","items_purchased":["Vajra"],"campfire_rested":2,"item_purchase_floors":[36],"current_hp_per_floor":[75,35,35,53,53,53,58,57,57,57,80,80,78,78,78,55,80,80,80,80,57,50,50,50,50,50,50,43,43,39,32,71,5,80,63,63,63,21,0,0],"gold":87,"neow_bonus":"THREE_ENEMY_KILL","is_daily":false,"chose_seed":false,"campfire_upgraded":3,"win_rate":0.0,"timestamp":1608705472,"path_taken":["M","?","M","?","M","R","?","M","T","?","R","$","?","M","R","BOSS","M","M","?","M","?","R","E","?","T","M","M","$","M","M","R","BOSS","M","$","?","M","M"],"items_purchased_type":["Relic"],"build_version":"2020-12-22","purchased_purges":3,"victory":false,"max_hp_per_floor":[75,75,75,75,75,75,80,80,80,80,80,80,80,80,80,80,80,80,80,80,80,80,80,80,80,80,80,80,80,80,80,80,80,80,80,80,80,80,80,80],"card_choices":[{"not_picked":["HollowMod:RecoilStrike","HollowMod:HowlingWraiths"],"picked":"HollowMod:WraithStrike","floor":1},{"not_picked":["HollowMod:SoulStrike","HollowMod:GrimmsGift"],"picked":"HollowMod:DescendingDark","floor":3},{"not_picked":["HollowMod:NewLittleFool","HollowMod:CloakDash"],"picked":"HollowMod:WraithStrike","floor":5},{"not_picked":["HollowMod:SharpenedNail","HollowMod:GrimmsGift","HollowMod:TaintedHusks"],"picked":"SKIP","floor":8},{"not_picked":["HollowMod:BrokenVessel","HollowMod:TaintedHusks"],"picked":"HollowMod:ShadowDash","floor":13},{"not_picked":["HollowMod:Grubsong","HollowMod:ChannelNail"],"picked":"HollowMod:MantisMark","floor":14},{"not_picked":["HollowMod:CornifersMapStart","HollowMod:PureNailStrike","HollowMod:InfectedAttack"],"picked":"SKIP","floor":18},{"not_picked":["HollowMod:TaintedHusks","HollowMod:HuntersJournal"],"picked":"HollowMod:SiblingsShadow","floor":19},{"not_picked":["HollowMod:CycloneSlash","HollowMod:CornifersMapStart","HollowMod:InfectedCysts+1"],"picked":"SKIP","floor":21},{"not_picked":["HollowMod:TaintedHusks","HollowMod:ZotesMagnificence"],"picked":"HollowMod:DescendingDark+1","floor":22},{"not_picked":["HollowMod:DescendingDark","HollowMod:NewInfectedGuardian","HollowMod:NewGlowingWomb"],"picked":"SKIP","floor":24},{"not_picked":["HollowMod:CloakDash","HollowMod:SoulStrike","HollowMod:SoulSplash"],"picked":"SKIP","floor":27},{"not_picked":["HollowMod:NewJinnsSoul","HollowMod:NewGlowingWomb","HollowMod:SoulStrike+1"],"picked":"SKIP","floor":28},{"not_picked":["HollowMod:LifebloodCocoon+1","HollowMod:TaintedHusks","HollowMod:InfectedCysts"],"picked":"SKIP","floor":30},{"not_picked":["HollowMod:DoubleDash+1","HollowMod:MidwifesHunger"],"picked":"HollowMod:WraithStrike+1","floor":31},{"not_picked":["HollowMod:LifebloodCore","HollowMod:theNailsmith"],"picked":"HollowMod:LordofShades","floor":33},{"not_picked":["HollowMod:TaintedHusks","HollowMod:ShapeofUnn"],"picked":"HollowMod:SharpenedShadows+1","floor":35},{"not_picked":["HollowMod:SoulEater","HollowMod:ChannelNail+1"],"picked":"HollowMod:VengefulVoid+1","floor":38}],"player_experience":69360,"relics_obtained":[{"floor":9,"key":"hubris:PeanutButter"},{"floor":24,"key":"Omamori"},{"floor":26,"key":"Centennial Puzzle"}],"event_choices":[],"is_beta":false,"boss_relics":[{"not_picked":["Fusion Hammer","Busted Crown"],"picked":"Philosopher\u0027s Stone"},{"not_picked":["hubris:CrackedHourglass","Pandora\u0027s Box"],"picked":"Runic Pyramid"}],"items_purged_floors":[12,29,36],"is_endless":false,"potions_floor_spawned":[1,5,21,22,28,33,35],"killed_by":"Hallownest:monsterPrimalAspid","ascension_level":0}}