{"host":"lh9qfzqeqctr28d2","time":1608692621,"event":{"mods":["BaseMod","Minty Spire (QoL Compilation)","Quick Restart","Relic Stats","Remilia£®¿Ÿ√◊¿Ú—«£©","StSLib"],"gold_per_floor":[116,291,241,296,296,331,331,348,348,361,387,387,401,419,419,517,517,535,634,687,711,626,644,644,405,456,123,83,98,98,130,130,227,227,242,256,112,122,136,136,149,149,195,195,195,195],"floor_reached":45,"playtime":56275,"items_purged":["Strike_RM"],"score":591,"play_id":"961c62f5-a69d-4eb3-8fc4-1485c3da71c3","local_time":"20201223110341","is_ascension_mode":false,"campfire_choices":[{"data":"Stigmanizer","floor":7,"key":"SMITH"},{"data":"ScarletImprint","floor":12,"key":"SMITH"},{"floor":15,"key":"REST"},{"floor":24,"key":"REST"},{"data":"EquivalentExchange","floor":30,"key":"SMITH"},{"floor":32,"key":"REST"},{"floor":40,"key":"REST"},{"floor":44,"key":"REST"}],"circlet_count":0,"master_deck":["Strike_RM","Strike_RM","Strike_RM","Defend_RM","Defend_RM","Defend_RM","RedMoon","ScarletShoot","Stigmanizer+1","DiffusionOfMisfortune","ScarletImprint+1","RedRainbow","BatForm","BloodyMagicSquare+1","EquivalentExchange+1","BlasphemousPunishment+1","UnstableMagic+1","BloodRain","MastersStateliness","NightDance+1","BloodyCatastrophe","BloodHunter+1","BloodySeventeenLaser"],"relics":["ScarletHat","NeowsBlessing","MealTicket","Centennial Puzzle","Gungnir","Mercury Hourglass","Busted Crown","Strawberry","Anchor","Calipers","Kunai","Art of War","Vajra","Bronze Scales","APieceOfRedMist","Ginger","Bag of Marbles"],"acts_visited":["Exordium","TheCity","TheBeyond"],"potions_floor_usage":[14,16,33],"damage_taken":[{"damage":0,"enemies":"2 Louse","floor":1,"turns":1},{"damage":0,"enemies":"Gremlin Nob","floor":6,"turns":1},{"damage":0,"enemies":"Small Slimes","floor":8,"turns":1},{"damage":0,"enemies":"Jaw Worm","floor":10,"turns":1},{"damage":38,"enemies":"3 Sentries","floor":11,"turns":4},{"damage":0,"enemies":"2 Fungi Beasts","floor":13,"turns":3},{"damage":0,"enemies":"Exordium Thugs","floor":14,"turns":2},{"damage":39,"enemies":"Slime Boss","floor":16,"turns":10},{"damage":0,"enemies":"Spheric Guardian","floor":18,"turns":1},{"damage":47,"enemies":"Shell Parasite","floor":23,"turns":2},{"damage":13,"enemies":"Snake Plant","floor":29,"turns":4},{"damage":45,"enemies":"Gremlin Leader","floor":31,"turns":3},{"damage":39,"enemies":"Automaton","floor":33,"turns":5},{"damage":30,"enemies":"3 Shapes","floor":35,"turns":2},{"damage":10,"enemies":"Orb Walker","floor":36,"turns":1},{"damage":24,"enemies":"Jaw Worm Horde","floor":38,"turns":2},{"damage":18,"enemies":"Spire Growth","floor":39,"turns":5},{"damage":35,"enemies":"Writhing Mass","floor":41,"turns":2},{"damage":0,"enemies":"4 Shapes","floor":45,"turns":1}],"seed_played":"3599660427218686434","potions_obtained":[{"floor":1,"key":"DistilledChaos"},{"floor":10,"key":"CultistPotion"},{"floor":13,"key":"BlessingOfTheForge"},{"floor":18,"key":"BlessingOfTheForge"},{"floor":23,"key":"SteroidPotion"},{"floor":33,"key":"Strength Potion"}],"is_trial":false,"path_per_floor":["M","?","?","T","?","E","R","M","T","M","E","R","M","M","R","B",null,"M","?","T","T","?","M","R","$","T","$","?","M","R","E","R","B",null,"M","M","$","M","M","R","M","?","T","R","M"],"character_chosen":"REMILIA","items_purchased":["Kunai","BloodRain","Vajra","MastersStateliness","BloodySeventeenLaser"],"campfire_rested":5,"item_purchase_floors":[25,27,27,27,37],"current_hp_per_floor":[75,75,75,75,75,75,75,75,75,75,37,37,37,37,59,29,75,75,75,82,82,82,36,60,75,75,82,82,69,69,33,57,21,82,52,42,57,36,45,69,42,42,42,66,66,66],"gold":195,"neow_bonus":"THREE_ENEMY_KILL","is_daily":false,"chose_seed":false,"campfire_upgraded":3,"win_rate":0.0,"timestamp":1608692621,"path_taken":["M","?","?","?","?","E","R","M","T","?","E","R","M","M","R","BOSS","M","?","?","?","?","M","R","?","T","$","?","?","R","E","R","BOSS","M","M","$","M","M","R","M","?","T","R","?"],"items_purchased_type":["Relic","Card","Relic","Card","Card"],"build_version":"2020-12-13","purchased_purges":1,"victory":false,"max_hp_per_floor":[75,75,75,75,75,75,75,75,75,75,75,75,75,75,75,75,75,75,75,82,82,82,82,82,82,82,82,82,82,82,82,82,82,82,82,82,82,82,82,82,82,82,82,82,82,82],"relic_stats":{"Centennial Puzzle":[33],"Busted Crown":20,"counters":[19,51],"Bronze Scales":[30],"MealTicket":37,"Art of War":[3],"Kunai":[7],"Ginger":[0],"obtain_stats":[{"Calipers":22,"NeowsBlessing":0,"Vajra":27,"Ginger":42,"ScarletHat":0,"Mercury Hourglass":11,"Gungnir":9,"Centennial Puzzle":6,"Anchor":21,"APieceOfRedMist":34,"Busted Crown":17,"Strawberry":20,"Bronze Scales":31,"MealTicket":4,"Art of War":26,"Bag of Marbles":43,"Kunai":25},{"Calipers":9,"NeowsBlessing":0,"Vajra":10,"Ginger":18,"ScarletHat":0,"Mercury Hourglass":5,"Gungnir":3,"Centennial Puzzle":2,"Anchor":9,"APieceOfRedMist":13,"Busted Crown":8,"Strawberry":9,"Bronze Scales":12,"MealTicket":1,"Art of War":10,"Bag of Marbles":18,"Kunai":10},{"Calipers":24,"NeowsBlessing":0,"Vajra":26,"Ginger":50,"ScarletHat":0,"Mercury Hourglass":8,"Gungnir":3,"Centennial Puzzle":2,"Anchor":24,"APieceOfRedMist":38,"Busted Crown":23,"Strawberry":24,"Bronze Scales":33,"MealTicket":1,"Art of War":26,"Bag of Marbles":50,"Kunai":26}],"Mercury Hourglass":[186]},"card_choices":[{"not_picked":["VampireSweep","ForbiddenFruit"],"picked":"Stigmanizer","floor":1},{"not_picked":["DevilSight","ScarletDevil"],"picked":"DiffusionOfMisfortune","floor":6},{"not_picked":["NightDance","VampireKiss"],"picked":"ScarletImprint","floor":8},{"not_picked":["ScarletMeister","VampireClaw"],"picked":"RedRainbow","floor":10},{"not_picked":["DiffusionOfMisfortune","Stigmanizer"],"picked":"BatForm","floor":11},{"not_picked":["HunterOfTheNight","DiffusionOfMisfortune","EmergencyRegeneration"],"picked":"SKIP","floor":13},{"not_picked":["DiffusionOfMisfortune","CharismaGuard"],"picked":"BloodyMagicSquare","floor":14},{"not_picked":["ForecastOfChange","ScarletMeister"],"picked":"EquivalentExchange","floor":16},{"not_picked":[],"picked":"BlasphemousPunishment","floor":18},{"not_picked":[],"picked":"UnstableMagic+1","floor":23},{"not_picked":[],"picked":"NightDance+1","floor":29},{"not_picked":["UltimateOffering"],"picked":"SKIP","floor":31},{"not_picked":[],"picked":"BloodyCatastrophe","floor":33},{"not_picked":["RedMagic+1"],"picked":"SKIP","floor":35},{"not_picked":[],"picked":"BloodHunter+1","floor":36},{"not_picked":["BlasphemousPunishment"],"picked":"SKIP","floor":38},{"not_picked":["MillenniumVampire"],"picked":"SKIP","floor":39},{"not_picked":["CharismaGuard"],"picked":"SKIP","floor":41}],"player_experience":270909,"relics_obtained":[{"floor":4,"key":"MealTicket"},{"floor":6,"key":"Centennial Puzzle"},{"floor":9,"key":"Gungnir"},{"floor":11,"key":"Mercury Hourglass"},{"floor":20,"key":"Strawberry"},{"floor":21,"key":"Anchor"},{"floor":26,"key":"Art of War"},{"floor":31,"key":"Bronze Scales"},{"floor":42,"key":"Ginger"},{"floor":43,"key":"Bag of Marbles"}],"event_choices":[{"damage_healed":0,"gold_gain":175,"player_choice":"AGREE","damage_taken":0,"max_hp_gain":0,"max_hp_loss":0,"event_name":"Liars Game","floor":2,"gold_loss":0,"cards_obtained":["Doubt"]},{"cards_removed":["Doubt"],"damage_healed":0,"gold_gain":0,"player_choice":"Card Removal","damage_taken":0,"max_hp_gain":0,"max_hp_loss":0,"event_name":"The Cleric","floor":3,"gold_loss":50},{"cards_removed":["Defend_RM"],"damage_healed":0,"gold_gain":0,"player_choice":"Purged","damage_taken":0,"max_hp_gain":0,"max_hp_loss":0,"event_name":"Purifier","floor":5,"gold_loss":0},{"damage_healed":0,"gold_gain":99,"player_choice":"Stole From Cult","damage_taken":0,"max_hp_gain":0,"max_hp_loss":0,"event_name":"Nest","floor":19,"gold_loss":0},{"damage_healed":0,"gold_gain":0,"player_choice":"Obtained Relic","damage_taken":0,"relics_obtained":["Calipers"],"max_hp_gain":0,"max_hp_loss":0,"event_name":"Addict","floor":22,"gold_loss":85},{"damage_healed":0,"gold_gain":0,"player_choice":"Upgraded Two","damage_taken":0,"max_hp_gain":0,"max_hp_loss":0,"event_name":"Designer","floor":28,"gold_loss":40,"cards_upgraded":["BlasphemousPunishment","BloodyMagicSquare"]},{"damage_healed":0,"gold_gain":0,"player_choice":"Relic","damage_taken":0,"max_hp_gain":0,"max_hp_loss":0,"event_name":"Wheel of Change","floor":42,"gold_loss":0}],"is_beta":false,"boss_relics":[{"not_picked":["Cursed Key","SacredBark"],"picked":"Busted Crown"},{"not_picked":["Snecko Eye","SlaversCollar"],"picked":"APieceOfRedMist"}],"items_purged_floors":[37],"is_endless":false,"potions_floor_spawned":[1,10,13,18,23,29,33,35,39,41],"killed_by":"4 Shapes","ascension_level":0}}