{"host":"mdxxh7xrx9vr3ma8","time":1608698583,"event":{"mods":["AchievementEnabler","Act Like it!","Aspiration","Bard","BaseMod","Beaked The Cultist","Better Altar","Better Match","Better Note","Better Sensory Stone","Better Skull","Better Third Choice","BetterRewards","CCEM","Challenge The Spire","Colored Map","Colored Powertips","Conspire","Downfall","Friendly Minions","GifTheSpireLib","Glutton Mod","Googly Eyes","Halation","Hallownest","Hermit","Hero for Fun","Highlight Path","Hubris","Hunter ??","Infinite Spire","Jedi Mod","Jorbs\u0027s Wanderer Trilogy","Lobotomy","Marisa????????","Mimic Mod","Minty Spire (QoL Compilation)","Rare Cards Sparkle","Relic Sorter","Replay The Spire","Shade Mod","Shop Mod","Spicy Shops","StSLib","Stuff the Spire","The Administrix","The Animator","The Bug Knight","The Construct","The Cursed","The Disciple","The Hierophant","The IronCluck","The Mystic","The Necromancer","The Problem Sleuth","The Servant 0.9.4","The Spell Scribe","The Witch","everything is the same but u backflip on backflip","vexMod"],"gold_per_floor":[9110,9110,9110,9122,8015,8015,8015,8015,8015],"floor_reached":10,"playtime":632,"items_purged":[],"score":129,"play_id":"87d9e54f-c5a9-466f-bbb1-759421f5668b","local_time":"20201222204303","is_ascension_mode":false,"campfire_choices":[{"floor":6,"key":"RECALL"},{"data":"hermit:FatalDesire","floor":8,"key":"SMITH"}],"circlet_count":0,"master_deck":["hermit:Strike_Hermit","hermit:Strike_Hermit","hermit:Strike_Hermit","hermit:Strike_Hermit","hermit:Defend_Hermit","hermit:Defend_Hermit","hermit:Defend_Hermit","hermit:Defend_Hermit","hermit:Snapshot","hermit:Covet","hermit:FlashPowder","Injury","hermit:HighCaliber","hermit:FatalDesire+1","hermit:Gambit+1","hermit:Manifest+1","hermit:SprayPray","hermit:CalledShot","Poisoned Strike","Forethought+1"],"relics":["hermit:Momento","aspiration:Nostalgia","m_MercuryCore","Toxic Egg 2","Ancient Tea Set","PrismaticShard","BargainBundle","Regal Pillow","hubris:Teleporter","MerchantsRug","CCEMRelics:Barrel"],"acts_visited":["Exordium"],"potions_floor_usage":[],"damage_taken":[{"damage":0,"enemies":"Small Slimes","floor":1,"turns":3},{"damage":2,"enemies":"Jaw Worm","floor":4,"turns":4},{"damage":92,"enemies":"Gremlin Nob","floor":10,"turns":6}],"seed_played":"-919901370890465932","potions_obtained":[{"floor":4,"key":"Regen Potion"}],"is_trial":false,"path_per_floor":["M","?","?","M","$","R","R","E"],"character_chosen":"HERMIT","items_purchased":["Ancient Tea Set","PrismaticShard","BargainBundle","Regal Pillow","hubris:Teleporter","MerchantsRug","CCEMRelics:Barrel","jedi:tentaclejuice","hermit:FatalDesire","hermit:Gambit+1","hermit:Manifest+1","hermit:SprayPray","hermit:CalledShot","Poisoned Strike","Forethought+1","FearPotion","Weak Potion","Fire Potion"],"campfire_rested":0,"item_purchase_floors":[5,5,5,5,5,5,5,5,5,5,5,5,5,5,5,5,5,5],"current_hp_per_floor":[75,75,75,73,73,73,73,0,0],"gold":8015,"neow_bonus":"NOSTALGIA","is_daily":false,"chose_seed":false,"campfire_upgraded":1,"win_rate":0.0,"timestamp":1608698583,"path_taken":["M","?","?","M","?","R","R","E"],"items_purchased_type":["Relic","Relic","Relic","Relic","Relic","Relic","Relic","Potion","Card","Card","Card","Card","Card","Card","Card","Potion","Potion","Potion"],"build_version":"2020-12-13","purchased_purges":0,"victory":false,"max_hp_per_floor":[75,75,75,75,75,75,75,75,75],"card_choices":[{"not_picked":["Steam Power","hermit:Maintenance"],"picked":"hermit:FlashPowder","floor":1},{"not_picked":["hermit:LuckOfTheDraw+1","hermit:Misfire"],"picked":"hermit:HighCaliber","floor":4}],"player_experience":128642,"relics_obtained":[],"event_choices":[],"is_beta":false,"boss_relics":[],"items_purged_floors":[],"is_endless":false,"potions_floor_spawned":[4],"killed_by":"Gremlin Nob","ascension_level":0}}