{"host":"1z4hbl9vfqrhg136","time":1608683319,"event":{"mods":["BaseMod","Minty Spire (QoL Compilation)"],"gold_per_floor":[113,113,12,32,42,42,69,69,69,69,101,101,164,184,184,258,258,307,281,300,300,312,312,312],"floor_reached":23,"playtime":1465,"items_purged":[],"score":568,"play_id":"0005a787-5df5-425d-a341-4a3c14a92b7c","local_time":"20201223002839","is_ascension_mode":true,"campfire_choices":[{"data":"FollowUp","floor":6,"key":"SMITH"},{"data":"ForeignInfluence","floor":8,"key":"SMITH"},{"data":"CutThroughFate","floor":15,"key":"SMITH"}],"circlet_count":0,"master_deck":["AscendersBane","Strike_P","Strike_P","Strike_P+1","Defend_P","Defend_P","Defend_P","Defend_P","Eruption","Vigilance","ForeignInfluence+1","CutThroughFate+1","FollowUp+1","Perseverance","WindmillStrike+1","FlurryOfBlows","Wish+1","EmptyBody+1","Wireheading","Brilliance","BowlingBash","ThirdEye+1","Prostrate+1","Conclude"],"relics":["PureWater","NeowsBlessing","Kunai","Toxic Egg 2","Whetstone","Tiny Chest","Sundial","Fusion Hammer","Mercury Hourglass"],"acts_visited":["Exordium","TheCity"],"potions_floor_usage":[11,13,16,23],"damage_taken":[{"damage":0,"enemies":"Cultist","floor":1,"turns":1},{"damage":0,"enemies":"2 Louse","floor":4,"turns":1},{"damage":0,"enemies":"Small Slimes","floor":5,"turns":1},{"damage":14,"enemies":"Lagavulin","floor":7,"turns":6},{"damage":0,"enemies":"Gremlin Nob","floor":11,"turns":2},{"damage":11,"enemies":"Lagavulin","floor":13,"turns":5},{"damage":1,"enemies":"Red Slaver","floor":14,"turns":5},{"damage":0,"enemies":"Slime Boss","floor":16,"turns":5},{"damage":3,"enemies":"Chosen","floor":18,"turns":5},{"damage":0,"enemies":"Spheric Guardian","floor":20,"turns":3},{"damage":20,"enemies":"Chosen and Byrds","floor":22,"turns":5},{"damage":46,"enemies":"Book of Stabbing","floor":23,"turns":4}],"seed_played":"-6036186192200501199","potions_obtained":[{"floor":1,"key":"BottledMiracle"},{"floor":5,"key":"SteroidPotion"},{"floor":11,"key":"Fire Potion"},{"floor":13,"key":"Fire Potion"},{"floor":22,"key":"SpeedPotion"}],"is_trial":false,"path_per_floor":["M","?","$","M","M","R","E","R","T","T","E","$","E","M","R","B",null,"M","$","M","?","M","E"],"character_chosen":"WATCHER","items_purchased":["CutThroughFate","FollowUp","ThirdEye+1"],"campfire_rested":0,"item_purchase_floors":[3,3,19],"current_hp_per_floor":[61,61,61,61,61,61,47,47,47,47,47,47,36,35,35,35,60,57,57,57,57,37,0,0],"gold":312,"neow_bonus":"THREE_ENEMY_KILL","is_daily":false,"chose_seed":false,"campfire_upgraded":3,"win_rate":0.0,"timestamp":1608683319,"path_taken":["M","?","$","M","?","R","E","R","T","?","E","$","E","?","R","BOSS","M","$","M","?","?","E"],"items_purchased_type":["Card","Card","Card"],"build_version":"2020-12-13","purchased_purges":0,"victory":false,"max_hp_per_floor":[68,68,68,68,68,68,68,68,68,68,68,68,68,68,68,68,68,68,68,68,68,68,68,68],"card_choices":[{"not_picked":["EmptyMind","Consecrate"],"picked":"ForeignInfluence","floor":1},{"not_picked":["FlurryOfBlows","Protect"],"picked":"Perseverance","floor":4},{"not_picked":["Fasting2","Adaptation"],"picked":"WindmillStrike","floor":5},{"not_picked":["SashWhip","Pray"],"picked":"FlurryOfBlows","floor":7},{"not_picked":["ThirdEye+1","SignatureMove"],"picked":"Wish+1","floor":11},{"not_picked":["Prostrate+1","WindmillStrike"],"picked":"EmptyBody+1","floor":13},{"not_picked":["WindmillStrike","FollowUp"],"picked":"Wireheading","floor":14},{"not_picked":["Ragnarok","ConjureBlade+1"],"picked":"Brilliance","floor":16},{"not_picked":["CutThroughFate+1","EmptyFist"],"picked":"BowlingBash","floor":18},{"not_picked":["FollowUp","MentalFortress"],"picked":"Prostrate+1","floor":20},{"not_picked":["FlyingSleeves","SandsOfTime"],"picked":"Conclude","floor":22}],"player_experience":1846817,"relics_obtained":[{"floor":7,"key":"Kunai"},{"floor":9,"key":"Toxic Egg 2"},{"floor":10,"key":"Whetstone"},{"floor":11,"key":"Tiny Chest"},{"floor":13,"key":"Sundial"}],"event_choices":[{"cards_removed":["Strike_P"],"damage_healed":0,"gold_gain":0,"player_choice":"Purged","damage_taken":0,"max_hp_gain":0,"max_hp_loss":0,"event_name":"Purifier","floor":2,"gold_loss":0},{"damage_healed":0,"gold_gain":0,"player_choice":"Gave Potion","damage_taken":0,"relics_obtained":["Mercury Hourglass"],"max_hp_gain":0,"max_hp_loss":0,"event_name":"WeMeetAgain","floor":21,"gold_loss":0}],"is_beta":false,"boss_relics":[{"not_picked":["HolyWater","Philosopher\u0027s Stone"],"picked":"Fusion Hammer"}],"items_purged_floors":[],"is_endless":false,"potions_floor_spawned":[1,5,11,13,22],"killed_by":"Book of Stabbing","ascension_level":20}}