{"host":"fjaupvxe7fzqrf4j","time":1608696705,"event":{"mods":["BaseMod","Minty Spire (QoL Compilation)","StSLib"],"gold_per_floor":[112,112,112,122,141,169,181,220,259,300,322,353,32,182,182,182,182],"floor_reached":16,"playtime":479,"items_purged":["Strike_R"],"score":210,"play_id":"4dd3fc5a-d6f9-4518-85dd-5f9ef76efb47","local_time":"20201223121145","is_ascension_mode":true,"campfire_choices":[{"data":"Pommel Strike","floor":7.0,"key":"SMITH"},{"data":"True Grit","floor":15,"key":"SMITH"}],"circlet_count":0,"master_deck":["AscendersBane","Strike_R","Strike_R","Defend_R","Defend_R","Defend_R","Defend_R","Bash","Shrug It Off","Cleave","Pommel Strike+1","True Grit+1","Feel No Pain","Dark Embrace","Wild Strike","Doubt"],"relics":["Burning Blood","NeowsBlessing","MawBank","Smiling Mask","Anchor","Thread and Needle","Question Card"],"acts_visited":["Exordium"],"potions_floor_usage":[11,15,16],"damage_taken":[{"damage":0.0,"enemies":"2 Louse","floor":1.0,"turns":1.0},{"damage":0.0,"enemies":"Small Slimes","floor":4.0,"turns":2.0},{"damage":0.0,"enemies":"Cultist","floor":5.0,"turns":1.0},{"damage":29.0,"enemies":"3 Sentries","floor":6.0,"turns":7.0},{"damage":32.0,"enemies":"Lagavulin","floor":8.0,"turns":7.0},{"damage":12,"enemies":"3 Sentries","floor":10,"turns":9},{"damage":5,"enemies":"Exordium Thugs","floor":11,"turns":4},{"damage":0,"enemies":"Large Slime","floor":12,"turns":7},{"damage":12,"enemies":"The Guardian","floor":16,"turns":7}],"seed_played":"-6648333775626453084","potions_obtained":[{"floor":5.0,"key":"SkillPotion"},{"floor":6.0,"key":"FearPotion"},{"floor":10,"key":"SkillPotion"},{"floor":11,"key":"Block Potion"},{"floor":12,"key":"Fruit Juice"}],"is_trial":false,"path_per_floor":["M","?","?","M","M","E","R","E","T","E","M","M","$","?","R","B"],"character_chosen":"IRONCLAD","items_purchased":["Wild Strike","Question Card"],"campfire_rested":0,"item_purchase_floors":[13,13],"current_hp_per_floor":[74,74,74,75,75,52,52,26,26,20,21,27,27,27,32,20,20],"gold":182,"neow_bonus":"THREE_ENEMY_KILL","is_daily":false,"chose_seed":false,"campfire_upgraded":2,"win_rate":0.0,"timestamp":1608696705,"path_taken":["M","?","?","?","M","E","R","E","T","E","M","M","?","?","R","BOSS"],"items_purchased_type":["Card","Relic"],"build_version":"2020-12-13","purchased_purges":1,"victory":false,"max_hp_per_floor":[75,75,75,75,75,75,75,75,75,75,75,75,75,75,80,80,80],"card_choices":[{"not_picked":["Pommel Strike","Disarm"],"picked":"Shrug It Off","floor":1.0},{"not_picked":["True Grit","Sword Boomerang"],"picked":"Cleave","floor":4.0},{"not_picked":["Warcry","Rage","Headbutt"],"picked":"SKIP","floor":5.0},{"not_picked":["Dropkick","Reaper"],"picked":"Pommel Strike","floor":6.0},{"not_picked":["Warcry","Headbutt","Perfected Strike"],"picked":"SKIP","floor":8.0},{"not_picked":["Thunderclap","Heavy Blade"],"picked":"True Grit","floor":10},{"not_picked":["Iron Wave","Heavy Blade"],"picked":"Feel No Pain","floor":11},{"not_picked":["Rage","Clothesline"],"picked":"Dark Embrace","floor":12}],"player_experience":245761,"relics_obtained":[{"floor":6.0,"key":"MawBank"},{"floor":8.0,"key":"Smiling Mask"},{"floor":9.0,"key":"Anchor"},{"floor":10,"key":"Thread and Needle"}],"event_choices":[{"cards_removed":["Strike_R"],"damage_healed":0.0,"max_hp_gain":0.0,"max_hp_loss":0.0,"gold_gain":0.0,"event_name":"Living Wall","player_choice":"Forget","floor":2.0,"gold_loss":0.0,"damage_taken":0.0},{"cards_removed":["Strike_R"],"damage_healed":0.0,"max_hp_gain":0.0,"max_hp_loss":0.0,"gold_gain":0.0,"event_name":"Bonfire Elementals","player_choice":"Offered Basic","floor":3.0,"gold_loss":0.0,"damage_taken":0.0},{"damage_healed":0,"gold_gain":150,"player_choice":"AGREE","damage_taken":0,"max_hp_gain":0,"max_hp_loss":0,"event_name":"Liars Game","floor":14,"gold_loss":0,"cards_obtained":["Doubt"]}],"is_beta":false,"boss_relics":[],"items_purged_floors":[13],"is_endless":false,"potions_floor_spawned":[5,6,10,11,12],"killed_by":"The Guardian","ascension_level":15}}