{"host":"kh6fvhxn285ncg0o","time":1608704436,"event":{"mods":["Act Like it!","BaseMod","Colored Map","Friendly Minions","Keyboard Shortcuts","Minty Spire (QoL Compilation)","Quick Restart","Relic Stats","StSLib","SuperFastMode"],"gold_per_floor":[118,118,129,129,129,159,159,186,186,186,214,241,253,277,289,377,389,412,440,452,483,508,520,565,594,606,618,656,593,705,744,756,841,853,877,902,429,454,471,496,496,525,525,552,552,452,452,465,465,465,465,465,465,87,116,116],"floor_reached":57,"playtime":1611,"items_purged":["Strike_R","Strike_R","Immolate+1"],"score":3607,"play_id":"3c675f47-191b-4986-94fa-bf542fb24d48","local_time":"20201223152036","is_ascension_mode":true,"campfire_choices":[{"data":"Demon Form","floor":7.0,"key":"SMITH"},{"data":"Power Through","floor":10.0,"key":"SMITH"},{"data":"Rage","floor":13.0,"key":"SMITH"},{"data":"Body Slam","floor":15.0,"key":"SMITH"},{"data":"Immolate","floor":23,"key":"SMITH"},{"floor":27,"key":"REST"},{"data":"Battle Trance","floor":32,"key":"SMITH"},{"data":"Evolve","floor":41,"key":"SMITH"},{"floor":49,"key":"RECALL"},{"data":"Second Wind","floor":53,"key":"SMITH"}],"circlet_count":0,"master_deck":["AscendersBane","Defend_R","Defend_R","Defend_R","Defend_R","Bash","Double Tap","Demon Form+1","Power Through+1","Second Wind+1","Rage+1","Body Slam+1","Battle Trance+1","Seeing Red","Dark Embrace","Evolve+1","Parasite","Master of Strategy","Disarm"],"relics":["Burning Blood","Pantograph","Ancient Tea Set","Calipers","HornCleat","MawBank","Sozu","Mummified Hand","Bag of Marbles","TungstenRod","InkBottle","Bird Faced Urn","Busted Crown","Medical Kit","Oddly Smooth Stone","CaptainsWheel","Happy Flower","Nunchaku","Red Skull","Centennial Puzzle","Bottled Tornado"],"acts_visited":["Exordium","TheCity","TheBeyond","TheEnding"],"potions_floor_usage":[56],"damage_taken":[{"damage":5.0,"enemies":"Small Slimes","floor":1.0,"turns":4.0},{"damage":2.0,"enemies":"Cultist","floor":3.0,"turns":4.0},{"damage":35.0,"enemies":"3 Sentries","floor":6.0,"turns":9.0},{"damage":20.0,"enemies":"Lagavulin","floor":8.0,"turns":6.0},{"damage":26.0,"enemies":"3 Sentries","floor":11.0,"turns":10.0},{"damage":12.0,"enemies":"Jaw Worm","floor":12.0,"turns":4.0},{"damage":0.0,"enemies":"Blue Slaver","floor":14.0,"turns":4.0},{"damage":0.0,"enemies":"Hexaghost","floor":16.0,"turns":8.0},{"damage":9.0,"enemies":"Shell Parasite","floor":18.0,"turns":4.0},{"damage":7.0,"enemies":"3 Byrds","floor":19.0,"turns":5.0},{"damage":21.0,"enemies":"Centurion and Healer","floor":21.0,"turns":6.0},{"damage":50,"enemies":"Cultist and Chosen","floor":22,"turns":6},{"damage":29,"enemies":"Slavers","floor":24,"turns":5},{"damage":0,"enemies":"Snake Plant","floor":25,"turns":2},{"damage":0,"enemies":"Gremlin Leader","floor":28,"turns":4},{"damage":12,"enemies":"Colosseum Slavers","floor":30,"turns":3},{"damage":10,"enemies":"Colosseum Nobs","floor":30,"turns":5},{"damage":10,"enemies":"Book of Stabbing","floor":31,"turns":4},{"damage":0,"enemies":"Automaton","floor":33,"turns":8},{"damage":14,"enemies":"3 Shapes","floor":35,"turns":5},{"damage":0,"enemies":"3 Darklings","floor":36,"turns":4},{"damage":0,"enemies":"Mind Bloom Boss Battle","floor":38,"turns":3},{"damage":0,"enemies":"Writhing Mass","floor":39,"turns":4},{"damage":0,"enemies":"Giant Head","floor":40,"turns":3},{"damage":0,"enemies":"Nemesis","floor":42,"turns":3},{"damage":0,"enemies":"Reptomancer","floor":44,"turns":5},{"damage":0,"enemies":"Maw","floor":48,"turns":3},{"damage":15,"enemies":"Time Eater","floor":50,"turns":4},{"damage":14,"enemies":"Donu and Deca","floor":51,"turns":4},{"damage":0,"enemies":"Shield and Spear","floor":55,"turns":4},{"damage":0,"enemies":"The Heart","floor":56,"turns":5}],"seed_played":"2614191583156688569","potions_obtained":[{"floor":3.0,"key":"SkillPotion"},{"floor":11.0,"key":"FairyPotion"},{"floor":14.0,"key":"GamblersBrew"},{"floor":16.0,"key":"DuplicationPotion"}],"is_trial":false,"path_per_floor":["M","?","M","?","?","E","R","E","T","R","E","M","R","M","R","B",null,"M","M","?","M","M","R","E","M","T","R","E","?","?","E","R","B",null,"M","M","$","?","M","E","R","E","T","E","?","$","?","M","R","B","B",null,"R","$","E","B",null],"character_chosen":"IRONCLAD","items_purchased":["Medical Kit","Oddly Smooth Stone","Evolve","Centennial Puzzle","Disarm"],"campfire_rested":1,"item_purchase_floors":[37,37,37,54,54],"current_hp_per_floor":[69,69,73,73,78,49,49,35,35,35,15,9,9,15,15,46,72,69,68,45,30,31,31,8,14,14,39,45,45,35,31,31,64,80,74,84,84,85,85,85,85,85,85,85,76,76,76,85,85,80,83,85,85,85,85,85],"gold":116,"neow_bonus":"TRANSFORM_CARD","is_daily":false,"chose_seed":false,"campfire_upgraded":8,"win_rate":0.0,"timestamp":1608704436,"path_taken":["M","?","?","?","?","E","R","E","T","R","E","M","R","M","R","BOSS","M","M","?","M","M","R","E","M","T","R","E","?","?","E","R","BOSS","M","M","$","?","M","E","R","E","T","E","?","$","?","M","R","BOSS","BOSS","R","$","E","BOSS"],"items_purchased_type":["Relic","Relic","Card","Relic","Card"],"build_version":"2020-12-13","purchased_purges":3,"victory":true,"max_hp_per_floor":[75,75,75,75,80,80,80,80,80,80,80,80,80,80,80,80,80,80,80,85,85,85,85,85,85,85,85,85,85,85,85,85,85,85,85,85,85,85,85,85,85,85,85,85,85,85,85,85,85,85,85,85,85,85,85,85],"relic_stats":{"Happy Flower":[9],"counters":[31,148],"MawBank":312,"Medical Kit":[61],"Burning Blood":141,"Sozu":8,"Nunchaku":[4],"Centennial Puzzle":[0],"Busted Crown":24,"Mummified Hand":[42],"Pantograph":56,"Bird Faced Urn":[24],"obtain_stats":[{"Calipers":8,"Happy Flower":40,"Oddly Smooth Stone":37,"Bottled Tornado":55,"Ancient Tea Set":6,"MawBank":11,"Medical Kit":37,"Burning Blood":0,"Sozu":17,"CaptainsWheel":38,"Nunchaku":42,"Centennial Puzzle":54,"HornCleat":9,"Busted Crown":34,"Mummified Hand":26,"Pantograph":2,"Bird Faced Urn":31,"Bag of Marbles":28,"TungstenRod":30,"InkBottle":30,"Red Skull":44},{"Calipers":4,"Happy Flower":24,"Oddly Smooth Stone":21,"Bottled Tornado":30,"Ancient Tea Set":3,"MawBank":5,"Medical Kit":21,"Burning Blood":0,"Sozu":8,"CaptainsWheel":22,"Nunchaku":25,"Centennial Puzzle":29,"HornCleat":4,"Busted Crown":19,"Mummified Hand":14,"Pantograph":1,"Bird Faced Urn":18,"Bag of Marbles":15,"TungstenRod":17,"InkBottle":17,"Red Skull":26},{"Calipers":23,"Happy Flower":120,"Oddly Smooth Stone":110,"Bottled Tornado":143,"Ancient Tea Set":17,"MawBank":33,"Medical Kit":110,"Burning Blood":0,"Sozu":49,"CaptainsWheel":113,"Nunchaku":123,"Centennial Puzzle":139,"HornCleat":23,"Busted Crown":101,"Mummified Hand":77,"Pantograph":4,"Bird Faced Urn":93,"Bag of Marbles":81,"TungstenRod":89,"InkBottle":89,"Red Skull":128}],"TungstenRod":10,"InkBottle":[29]},"card_choices":[{"not_picked":["Havoc","Rupture"],"picked":"Wild Strike","floor":1.0},{"not_picked":["Perfected Strike","Clothesline"],"picked":"Power Through","floor":6.0},{"not_picked":["Wild Strike","Sentinel"],"picked":"Second Wind","floor":8.0},{"not_picked":["Iron Wave","Bloodletting"],"picked":"Rage","floor":11.0},{"not_picked":["Headbutt","Second Wind","Pummel"],"picked":"SKIP","floor":12.0},{"not_picked":["Juggernaut","Flex"],"picked":"Body Slam","floor":14.0},{"not_picked":["Barricade","Fiend Fire"],"picked":"Immolate","floor":16.0},{"not_picked":["Wild Strike","Blood for Blood","Heavy Blade+1"],"picked":"SKIP","floor":18.0},{"not_picked":["Combust","Clash","Wild Strike"],"picked":"SKIP","floor":19.0},{"not_picked":["True Grit","Wild Strike","Anger+1"],"picked":"SKIP","floor":21.0},{"not_picked":["Anger","Infernal Blade+1","Pommel Strike"],"picked":"SKIP","floor":22},{"not_picked":["Clash","Shockwave"],"picked":"Battle Trance","floor":24},{"not_picked":["Pummel","Reaper","Havoc"],"picked":"SKIP","floor":25},{"not_picked":["Flex","Berserk"],"picked":"Seeing Red","floor":28},{"not_picked":["Clash","Disarm"],"picked":"Dark Embrace","floor":30},{"not_picked":["Clash","Clothesline","Carnage"],"picked":"SKIP","floor":31},{"not_picked":["Havoc+1"],"picked":"SKIP","floor":35},{"not_picked":["Twin Strike"],"picked":"SKIP","floor":36},{"not_picked":["Anger"],"picked":"SKIP","floor":39},{"not_picked":["Ghostly Armor"],"picked":"SKIP","floor":40},{"not_picked":["Corruption"],"picked":"SKIP","floor":42},{"not_picked":["Blood for Blood"],"picked":"SKIP","floor":44},{"not_picked":[],"picked":"Master of Strategy","floor":45},{"not_picked":["Clothesline+1"],"picked":"SKIP","floor":48},{"not_picked":["Sword Boomerang+1"],"picked":"SKIP","floor":55}],"player_experience":3222844,"relics_obtained":[{"floor":6.0,"key":"Ancient Tea Set"},{"floor":8.0,"key":"Calipers"},{"floor":9.0,"key":"HornCleat"},{"floor":11.0,"key":"MawBank"},{"floor":26,"key":"Mummified Hand"},{"floor":28,"key":"Bag of Marbles"},{"floor":30,"key":"TungstenRod"},{"floor":30,"key":"InkBottle"},{"floor":31,"key":"Bird Faced Urn"},{"floor":38,"key":"CaptainsWheel"},{"floor":40,"key":"Happy Flower"},{"floor":42,"key":"Nunchaku"},{"floor":44,"key":"Red Skull"},{"floor":55,"key":"Bottled Tornado"}],"event_choices":[{"cards_removed":["Wild Strike"],"damage_healed":0.0,"max_hp_gain":0.0,"max_hp_loss":0.0,"gold_gain":0.0,"event_name":"WeMeetAgain","player_choice":"Gave Card","floor":2.0,"gold_loss":0.0,"damage_taken":0.0,"relics_obtained":["Pantograph"]},{"damage_healed":0.0,"max_hp_gain":0.0,"max_hp_loss":0.0,"gold_gain":0.0,"cards_transformed":["Strike_R"],"event_name":"Living Wall","player_choice":"Change","floor":4.0,"gold_loss":0.0,"damage_taken":0.0,"cards_obtained":["Demon Form"]},{"damage_healed":0.0,"max_hp_gain":5.0,"max_hp_loss":0.0,"gold_gain":0.0,"event_name":"Big Fish","player_choice":"Donut","floor":5.0,"gold_loss":0.0,"damage_taken":0.0},{"damage_healed":0.0,"max_hp_gain":5.0,"max_hp_loss":0.0,"gold_gain":0.0,"event_name":"Forgotten Altar","player_choice":"Shed Blood","floor":20.0,"gold_loss":0.0,"damage_taken":28.0},{"cards_removed":["Strike_R"],"damage_healed":0,"gold_gain":0,"player_choice":"Gave Gold","damage_taken":0,"max_hp_gain":0,"max_hp_loss":0,"event_name":"Beggar","floor":29,"gold_loss":75},{"damage_healed":0,"gold_gain":0,"player_choice":"Fight","damage_taken":0,"max_hp_gain":0,"max_hp_loss":0,"event_name":"Colosseum","floor":30,"gold_loss":0},{"damage_healed":0,"gold_gain":0,"player_choice":"Fought Nobs","damage_taken":0,"max_hp_gain":0,"max_hp_loss":0,"event_name":"Colosseum","floor":30,"gold_loss":0},{"damage_healed":0,"gold_gain":0,"player_choice":"Fight","damage_taken":0,"max_hp_gain":0,"max_hp_loss":0,"event_name":"MindBloom","floor":38,"gold_loss":0},{"damage_healed":0,"gold_gain":0,"player_choice":"Memory 3","damage_taken":10,"max_hp_gain":0,"max_hp_loss":0,"event_name":"SensoryStone","floor":45,"gold_loss":0},{"damage_healed":0,"gold_gain":0,"player_choice":"Ignored","damage_taken":0,"max_hp_gain":0,"max_hp_loss":0,"event_name":"Tomb of Lord Red Mask","floor":47,"gold_loss":0}],"is_beta":false,"boss_relics":[{"not_picked":["SacredBark","Cursed Key"],"picked":"Sozu"},{"not_picked":["Calling Bell","Black Blood"],"picked":"Busted Crown"}],"items_purged_floors":[37,46,54],"is_endless":false,"potions_floor_spawned":[3,11,14,16,21,25,30,31,35,36,40,48],"ascension_level":20}}