{"host":"j06fkfseroga8i8e","time":1608760955,"event":{"mods":["BaseMod","Bestiary","Colored Map","Colored Powertips","Minty Spire (QoL Compilation)","Relic Stats","StSLib","everything is the same but u backflip on backflip"],"gold_per_floor":[14,14,31,48,65,65,99,112,112,112,132,132,144,144,144,144,144],"floor_reached":16,"playtime":439,"items_purged":[],"score":161,"play_id":"de425c86-e5bd-47b2-88d1-e475873d827d","local_time":"20201223170235","is_ascension_mode":true,"campfire_choices":[{"data":"Biased Cognition","floor":6,"key":"SMITH"},{"floor":12,"key":"REST"},{"floor":15,"key":"REST"}],"circlet_count":0,"master_deck":["AscendersBane","Strike_B","Strike_B","Strike_B","Defend_B","Defend_B","Defend_B","Zap","Dualcast","Biased Cognition+1","Steam","Hologram","Sunder","Defragment","Cold Snap","Steam","Cold Snap","Rebound"],"relics":["Cracked Core","Happy Flower","StrikeDummy"],"acts_visited":["Exordium"],"potions_floor_usage":[11],"damage_taken":[{"damage":4,"enemies":"2 Louse","floor":1,"turns":2},{"damage":1,"enemies":"Cultist","floor":3,"turns":3},{"damage":0,"enemies":"Small Slimes","floor":4,"turns":4},{"damage":2,"enemies":"3 Louse","floor":5,"turns":3},{"damage":49,"enemies":"3 Sentries","floor":7,"turns":11},{"damage":6,"enemies":"Red Slaver","floor":8,"turns":3},{"damage":2,"enemies":"Blue Slaver","floor":11,"turns":4},{"damage":0,"enemies":"2 Fungi Beasts","floor":13,"turns":2},{"damage":45,"enemies":"Hexaghost","floor":16,"turns":11}],"seed_played":"-8752528161550002486","potions_obtained":[{"floor":7,"key":"Block Potion"},{"floor":8,"key":"Swift Potion"},{"floor":13,"key":"BlessingOfTheForge"}],"is_trial":false,"path_per_floor":["M","?","M","M","M","R","E","M","T","?","M","R","M","?","R","B"],"character_chosen":"DEFECT","items_purchased":[],"campfire_rested":2,"item_purchase_floors":[],"current_hp_per_floor":[64,64,63,63,61,61,12,6,6,3,1,23,23,23,45,0,0],"gold":144,"neow_bonus":"THREE_RARE_CARDS","is_daily":false,"chose_seed":false,"campfire_upgraded":1,"win_rate":0.0,"timestamp":1608760955,"path_taken":["M","?","M","M","M","R","E","?","T","?","M","R","M","?","R","BOSS"],"items_purchased_type":[],"build_version":"2020-12-22","purchased_purges":0,"victory":false,"max_hp_per_floor":[75,75,75,75,75,75,75,75,75,75,75,75,75,75,75,75,75],"relic_stats":{"Happy Flower":[6],"counters":[9,43],"obtain_stats":[{"Happy Flower":7,"Cracked Core":0,"StrikeDummy":9},{"Happy Flower":5,"Cracked Core":0,"StrikeDummy":6},{"Happy Flower":23,"Cracked Core":0,"StrikeDummy":26}]},"card_choices":[{"not_picked":["Machine Learning","Reboot"],"picked":"Biased Cognition","floor":0},{"not_picked":["Coolheaded","Turbo"],"picked":"Steam","floor":1},{"not_picked":["Reprogram","Go for the Eyes"],"picked":"Hologram","floor":3},{"not_picked":["FTL","Stack"],"picked":"Sunder","floor":4},{"not_picked":["Barrage","Steam"],"picked":"Defragment","floor":5},{"not_picked":["Thunder Strike","Hyperbeam"],"picked":"Cold Snap","floor":7},{"not_picked":["Leap","Force Field"],"picked":"Steam","floor":8},{"not_picked":["Loop","Coolheaded"],"picked":"Cold Snap","floor":11},{"not_picked":["Stack","Tempest"],"picked":"Rebound","floor":13}],"player_experience":557628,"relics_obtained":[{"floor":7,"key":"Happy Flower"},{"floor":9,"key":"StrikeDummy"}],"event_choices":[{"cards_removed":["Defend_B"],"damage_healed":0,"gold_gain":0,"player_choice":"Offered Basic","damage_taken":0,"max_hp_gain":0,"max_hp_loss":0,"event_name":"Bonfire Elementals","floor":2,"gold_loss":0},{"damage_healed":0,"gold_gain":0,"player_choice":"Fled","damage_taken":3,"max_hp_gain":0,"max_hp_loss":0,"event_name":"Scrap Ooze","floor":10,"gold_loss":0},{"cards_removed":["Strike_B"],"damage_healed":0,"gold_gain":0,"player_choice":"Purged","damage_taken":0,"max_hp_gain":0,"max_hp_loss":0,"event_name":"Purifier","floor":14,"gold_loss":0}],"is_beta":false,"boss_relics":[],"items_purged_floors":[],"is_endless":false,"potions_floor_spawned":[7,8,13],"killed_by":"Hexaghost","ascension_level":11}}