{"host":"kerxro2ytzukjey9","time":1608703607,"event":{"mods":["BaseMod","Colored Map","Downfall","Minty Spire (QoL Compilation)","Permanent Neow","StSLib"],"gold_per_floor":[99,99,99,99,249,266,315,334,390,404,404,404,404,423,440,539,539,539,552,566,566,585,599,623,623,623,623],"floor_reached":25,"playtime":813,"items_purged":[],"score":228,"play_id":"61d92f83-98d6-4ca4-9bce-5c59ad48be62","local_time":"20201223010647","is_ascension_mode":true,"campfire_choices":[{"data":"champ:Execute","floor":1,"key":"SMITH"},{"data":"champ:RecklessLeap","floor":11,"key":"SMITH"},{"data":"champ:RecklessLeap","floor":13,"key":"SMITH"},{"data":"champ:SwordThrow","floor":18,"key":"SMITH"}],"circlet_count":0,"master_deck":["champ:Defend","champ:Defend","champ:Defend","champ:Defend","champ:Execute+1","champ:Taunt","champ:RecklessLeap+1","champ:TornadoPunch","champ:RecklessLeap+1","Slimebound:Icky","champ:RapidStrikes","champ:Encircle","champ:CrookedStrike","champ:SwordThrow+1","champ:PerfectedStrike","champ:FanOfKnives","Bite","Bite","Bite","Bite","Bite","champ:Backstep","champ:GladiatorsShout+1"],"relics":["champ:ChampionCrown","downfall:HeartsMalice","Bag of Marbles","Regal Pillow","Philosopher\u0027s Stone","PreservedInsect"],"acts_visited":["Exordium","TheCity"],"potions_floor_usage":[16,16,23],"damage_taken":[{"damage":0,"enemies":"Jaw Worm","floor":2,"turns":1},{"damage":0,"enemies":"2 Louse","floor":3,"turns":1},{"damage":0,"enemies":"Small Slimes","floor":4,"turns":1},{"damage":32,"enemies":"Exordium Thugs","floor":6,"turns":5},{"damage":18,"enemies":"Lots of Slimes","floor":8,"turns":3},{"damage":23,"enemies":"Gremlin Nob","floor":9,"turns":3},{"damage":15,"enemies":"2 Fungi Beasts","floor":10,"turns":2},{"damage":20,"enemies":"Blue Slaver","floor":14,"turns":1},{"damage":5,"enemies":"Exordium Thugs","floor":15,"turns":3},{"damage":86,"enemies":"downfall:Ironclad","floor":16,"turns":6},{"damage":76,"enemies":"Spheric Guardian","floor":19,"turns":4},{"damage":35,"enemies":"3 Byrds","floor":20,"turns":5},{"damage":72,"enemies":"Centurion and Healer","floor":22,"turns":7},{"damage":45,"enemies":"Snake Plant","floor":23,"turns":5},{"damage":25,"enemies":"3 Cultists","floor":25,"turns":2}],"seed_played":"-1122276116076376361","potions_obtained":[{"floor":6,"key":"champ:TechniquePotion"},{"floor":8,"key":"LiquidMemories"},{"floor":10,"key":"EssenceOfSteel"},{"floor":14,"key":"Swift Potion"},{"floor":19,"key":"LiquidMemories"},{"floor":22,"key":"FairyPotion"}],"is_trial":false,"path_per_floor":["R","M","M","M","?","M","T","M","?","M","R","?","R","M","M","B",null,"R","M","M","?","M","M","T","M"],"character_chosen":"THE_CHAMP","items_purchased":[],"campfire_rested":0,"item_purchase_floors":[],"current_hp_per_floor":[90,90,90,90,90,78,78,60,57,57,57,57,57,57,52,8,90,90,57,44,44,25,19,19,0,0,0],"gold":623,"neow_bonus":"THREE_ENEMY_KILL","is_daily":false,"chose_seed":false,"campfire_upgraded":4,"win_rate":0.0,"timestamp":1608703607,"path_taken":["R","M","M","M","?","M","T","M","?","M","R","?","R","M","M","BOSS","R","M","M","?","M","M","T","M"],"items_purchased_type":[],"build_version":"2020-12-13","purchased_purges":0,"victory":false,"max_hp_per_floor":[90,90,90,90,90,90,90,90,90,90,90,90,90,90,90,90,90,90,90,90,62,62,62,62,62,62,62],"card_choices":[{"not_picked":["champ:Encircle","champ:RageSigil"],"picked":"champ:RecklessLeap","floor":2},{"not_picked":["champ:CrookedStrike","champ:GladiatorStyle"],"picked":"champ:TornadoPunch","floor":3},{"not_picked":["champ:EndlessRage","champ:Aggression"],"picked":"champ:RecklessLeap","floor":4},{"not_picked":["champ:FocusedGladiator","champ:DefensiveShout","champ:RageSigil"],"picked":"SKIP","floor":6},{"not_picked":["champ:BerserkersShout","champ:RageSigil"],"picked":"champ:RapidStrikes","floor":8},{"not_picked":["champ:EnchantSword","champ:BladeFlurry"],"picked":"champ:Encircle","floor":10},{"not_picked":["champ:Circumvent","champ:Devastate","champ:RageSigil"],"picked":"SKIP","floor":14},{"not_picked":["champ:RageSigil","champ:FlashCut"],"picked":"champ:CrookedStrike","floor":15},{"not_picked":["champ:EnchantCrown","champ:Devastate"],"picked":"champ:SwordThrow","floor":16},{"not_picked":["champ:ShieldSigil","champ:BladeFlurry"],"picked":"champ:PerfectedStrike","floor":19},{"not_picked":["champ:Duel","champ:BerserkerStyle"],"picked":"champ:FanOfKnives","floor":20},{"not_picked":["champ:TornadoPunch+1","champ:ShieldSigil"],"picked":"champ:Backstep","floor":22},{"not_picked":["champ:PerfectedStrike","champ:ViciousMockery"],"picked":"champ:GladiatorsShout+1","floor":23}],"player_experience":751642,"relics_obtained":[{"floor":7,"key":"Bag of Marbles"},{"floor":9,"key":"Regal Pillow"},{"floor":24,"key":"PreservedInsect"}],"event_choices":[{"damage_healed":0,"gold_gain":0,"player_choice":"Became a vampire","damage_taken":0,"max_hp_gain":0,"max_hp_loss":28,"event_name":"Vampires","floor":21,"gold_loss":0,"cards_obtained":["Bite","Bite","Bite","Bite","Bite"]}],"is_beta":false,"boss_relics":[{"not_picked":["Black Star","Sozu"],"picked":"Philosopher\u0027s Stone"}],"items_purged_floors":[],"is_endless":false,"potions_floor_spawned":[6,8,10,14,19,22],"killed_by":"3 Cultists","ascension_level":1}}