{"host":"ufl0k2so27eic2iy","time":1608741414,"event":{"mods":["BaseMod","Minty Spire (QoL Compilation)","StSLib","The Animator"],"gold_per_floor":[118,118,118,128,146,146,190,190,190,225,1,14,14,26,26,103,103,130,180,206,34,52,52,52,79,79,98,111,111,88,138,138,138,138],"floor_reached":33,"playtime":1557,"items_purged":["animator:Strike","animator:Strike"],"score":481,"play_id":"d144dd4e-0635-4232-827d-1ffc97eac3be","local_time":"20201223163654","is_ascension_mode":true,"campfire_choices":[{"data":"animator:DolaSchwi","floor":6,"key":"SMITH"},{"data":"animator:YuiTsuruno","floor":8,"key":"SMITH"},{"floor":13,"key":"REST"},{"data":"animator:Bozes","floor":15,"key":"SMITH"},{"data":"animator:LeleiLaLalena","floor":23,"key":"SMITH"},{"floor":29,"key":"REST"},{"floor":32,"key":"REST"}],"circlet_count":0,"master_deck":["AscendersBane","animator:Strike_GATE","animator:Defend_GATE","animator:Defend","animator:Defend","animator:Defend","animator:TukaLunaMarceau","animator:Kuribayashi+1","animator:IrohaTamaki","animator:DolaSchwi+1","animator:YuiTsuruno+1","animator:Bozes+1","animator:Arpeggio+1","animator:FielNirvalen+1","animator:OrikoMikuni","animator:Shiro+1","animator:LeleiLaLalena+1","animator:Benimaru","animator:WinryRockbell+1","animator:DolaStephanie","animator:ChlammyZell","animator:Arpeggio+1","animator:ElricAlphonse"],"relics":["animator:LivingPicture","animator:TheMissingPiece","Lizard Tail","Darkstone Periapt","Frozen Egg 2","Torii","Strawberry","Mark of Pain","Sundial","Anchor"],"acts_visited":["Exordium","TheCity"],"potions_floor_usage":[18,25,25,33],"damage_taken":[{"damage":4,"enemies":"Small Slimes","floor":1,"turns":5},{"damage":2,"enemies":"Jaw Worm","floor":4,"turns":5},{"damage":6,"enemies":"Cultist","floor":5,"turns":5},{"damage":13,"enemies":"3 Sentries","floor":7,"turns":7},{"damage":27,"enemies":"Gremlin Nob","floor":10,"turns":4},{"damage":7,"enemies":"Large Slime","floor":12,"turns":5},{"damage":0,"enemies":"Blue Slaver","floor":14,"turns":3},{"damage":1,"enemies":"Hexaghost","floor":16,"turns":8},{"damage":12,"enemies":"Chosen","floor":18,"turns":5},{"damage":2,"enemies":"Spheric Guardian","floor":20,"turns":4},{"damage":9,"enemies":"3 Cultists","floor":22,"turns":6},{"damage":58,"enemies":"Slavers","floor":25,"turns":5},{"damage":9,"enemies":"Shelled Parasite and Fungi","floor":27,"turns":5},{"damage":1,"enemies":"Centurion and Healer","floor":28,"turns":8},{"damage":48,"enemies":"Automaton","floor":33,"turns":6}],"seed_played":"6944440209309986027","potions_obtained":[{"floor":10,"key":"PowerPotion"},{"floor":12,"key":"Block Potion"},{"floor":18,"key":"ColorlessPotion"},{"floor":24,"key":"DuplicationPotion"},{"floor":27,"key":"DuplicationPotion"},{"floor":28,"key":"Strength Potion"}],"is_trial":false,"path_per_floor":["M","?","T","M","M","R","E","R","T","E","$","M","R","M","R","B",null,"M","?","M","$","M","R","?","E","T","M","M","R","$","?","R","B"],"character_chosen":"THE_ANIMATOR","items_purchased":["Strawberry","animator:WinryRockbell+1","animator:ElricAlphonse"],"campfire_rested":3,"item_purchase_floors":[11,21,30],"current_hp_per_floor":[50,50,50,48,42,42,29,29,29,3,10,3,23,23,23,22,57,45,45,43,43,34,34,34,13,13,4,3,23,23,23,43,0,0],"gold":138,"neow_bonus":"REMOVE_CARD","is_daily":false,"chose_seed":true,"campfire_upgraded":4,"win_rate":0.0,"timestamp":1608741414,"path_taken":["M","?","?","M","M","R","E","R","T","E","$","M","R","?","R","BOSS","M","?","M","$","M","R","?","E","T","?","M","R","$","?","R","BOSS"],"items_purchased_type":["Relic","Card","Card"],"build_version":"2020-12-22","purchased_purges":2,"victory":false,"max_hp_per_floor":[60,60,60,60,60,60,60,60,60,61,68,68,68,68,68,68,68,68,68,68,68,68,68,68,68,68,68,68,68,68,68,68,68,68],"card_choices":[{"not_picked":["animator:SuikaIbuki","animator:TukaLunaMarceau"],"picked":"animator:IrohaTamaki","floor":1},{"not_picked":["animator:AyaShameimaru","animator:ChlammyZell"],"picked":"animator:DolaSchwi","floor":4},{"not_picked":["animator:FielNirvalen","animator:Jibril"],"picked":"animator:YuiTsuruno","floor":5},{"not_picked":["animator:YaoHaDucy","animator:Tyuule"],"picked":"animator:Bozes","floor":7},{"not_picked":["animator:Kuribayashi","animator:RoryMercury"],"picked":"animator:Arpeggio+1","floor":10},{"not_picked":["animator:Raven","animator:Elsword"],"picked":"animator:FielNirvalen+1","floor":12},{"not_picked":["animator:Shion","animator:Hakurou"],"picked":"animator:OrikoMikuni","floor":14},{"not_picked":["animator:YukariYakumo","animator:HomuraAkemi"],"picked":"animator:Shiro+1","floor":16},{"not_picked":["animator:YaoHaDucy","animator:Tyuule"],"picked":"animator:LeleiLaLalena","floor":18},{"not_picked":["animator:Shion","animator:Kuribayashi"],"picked":"animator:Benimaru","floor":20},{"not_picked":["animator:WinryRockbell+1","animator:KaguyaHouraisan"],"picked":"animator:DolaStephanie","floor":22},{"not_picked":["animator:Raven","animator:YachiyoNanami+1"],"picked":"animator:ChlammyZell","floor":25},{"not_picked":["animator:TukaLunaMarceau","animator:Tyuule"],"picked":"animator:Arpeggio+1","floor":27},{"not_picked":["animator:DolaCouronne","animator:Souei","animator:DolaRiku"],"picked":"SKIP","floor":28}],"player_experience":2358142,"relics_obtained":[{"floor":3,"key":"Lizard Tail"},{"floor":7,"key":"Darkstone Periapt"},{"floor":9,"key":"Frozen Egg 2"},{"floor":10,"key":"Torii"},{"floor":25,"key":"Sundial"},{"floor":26,"key":"Anchor"}],"event_choices":[{"damage_healed":0,"gold_gain":0,"player_choice":"Grow","damage_taken":0,"max_hp_gain":0,"max_hp_loss":0,"event_name":"Living Wall","floor":2,"gold_loss":0,"cards_upgraded":["animator:Kuribayashi"]},{"damage_healed":0,"gold_gain":50,"player_choice":"Stole From Cult","damage_taken":0,"max_hp_gain":0,"max_hp_loss":0,"event_name":"Nest","floor":19,"gold_loss":0},{"damage_healed":0,"gold_gain":0,"player_choice":"Got Potions","damage_taken":0,"max_hp_gain":0,"max_hp_loss":0,"event_name":"Lab","floor":24,"gold_loss":0},{"damage_healed":0,"gold_gain":50,"player_choice":"Pray","damage_taken":0,"max_hp_gain":0,"max_hp_loss":0,"event_name":"Golden Shrine","floor":31,"gold_loss":0}],"is_beta":false,"boss_relics":[{"not_picked":["animator:RacePiece","Busted Crown"],"picked":"Mark of Pain"}],"items_purged_floors":[11,21],"is_endless":false,"potions_floor_spawned":[10,12,16,18,27,28],"killed_by":"Automaton","ascension_level":15}}