{"host":"88gj1a6q1iuldet9","time":1608693002,"event":{"mods":["Act Like it!","BaseMod","BetterRewards","Conspire","Downfall","Energized Spire","Gensokyo","GungeonMod","Hubris","KomeijiMod","Magitek Elite","Minty Spire (QoL Compilation)","Quick Restart","Reimu??????","Replay The Spire","Robot Space Explorer","Shop Mod","StSLib","The Clintock","The Dragon Tamer","The Hayseed","The Judge","The Mystic","The Necromancer","The Problem Sleuth","The Runesmith","The Sage","The Vixen","TheArtist","Wandering Minibosses"],"gold_per_floor":[114,114,127,137,149,183,183,210,235,285,285,304,304,304],"floor_reached":13,"playtime":2923,"items_purged":[],"score":120,"play_id":"bc4bfd51-fe99-4b0f-a41a-ef088e79c554","local_time":"20201222221002","is_ascension_mode":false,"campfire_choices":[{"data":"InherentArray:ReiMu","floor":7,"key":"SMITH"}],"circlet_count":0,"master_deck":["Strike_Lin:ReiMu","Strike_Lin:ReiMu+1","Strike_Lin:ReiMu","Strike_Lin:ReiMu","Defend_Lin:ReiMu","Defend_Lin:ReiMu","Defend_Lin:ReiMu","Defend_Lin:ReiMu","NB:ReiMu","Stagnation:ReiMu+1","Crusade:ReiMu+1","SpringWay:ReiMu","RainPray2:ReiMu","InherentArray:ReiMu+1","FoulBorder2:ReiMu","Enchanting:ReiMu","CareerPray:ReiMu"],"relics":["FlyPower:ReiMu","NeowsBlessing","Centennial Puzzle","Blue Candle","Runesmith:AutoHammer","Vajra"],"acts_visited":["Exordium"],"potions_floor_usage":[6],"damage_taken":[{"damage":0,"enemies":"Small Slimes","floor":1,"turns":1},{"damage":0,"enemies":"Jaw Worm","floor":3,"turns":1},{"damage":0,"enemies":"Cultist","floor":4,"turns":1},{"damage":0,"enemies":"2 Fungi Beasts","floor":5,"turns":3},{"damage":0,"enemies":"Lagavulin","floor":6,"turns":7},{"damage":33,"enemies":"3 Sentries","floor":8,"turns":9},{"damage":1,"enemies":"Red Slaver","floor":12,"turns":4},{"damage":15,"enemies":"Gremlin Nob","floor":13,"turns":5}],"seed_played":"-6258637727704888203","potions_obtained":[{"floor":5,"key":"Dexterity Potion"},{"floor":6,"key":"ZuzhouPotion:ReiMu"},{"floor":8,"key":"Elixir"}],"is_trial":false,"path_per_floor":["M","?","M","M","M","E","R","E","T","T","?","M","E"],"character_chosen":"REIMU","items_purchased":[],"campfire_rested":0,"item_purchase_floors":[],"current_hp_per_floor":[65,52,52,52,52,52,52,19,19,19,19,18,3,3],"gold":304,"neow_bonus":"THREE_ENEMY_KILL","is_daily":false,"chose_seed":false,"campfire_upgraded":1,"win_rate":0.0,"timestamp":1608693002,"path_taken":["M","?","M","M","M","E","R","E","T","?","?","?","E"],"items_purchased_type":[],"build_version":"2020-12-13","purchased_purges":0,"victory":false,"max_hp_per_floor":[65,65,65,65,65,65,65,65,65,65,65,65,65,65],"card_choices":[{"not_picked":["RainPray2:ReiMu","SpreadBorder2:ReiMu"],"picked":"Crusade:ReiMu","floor":1},{"not_picked":["Meditation:ReiMu","AlertArray:ReiMu"],"picked":"SpringWay:ReiMu","floor":3},{"not_picked":["TightArray:ReiMu","Intuition:ReiMu"],"picked":"RainPray2:ReiMu","floor":4},{"not_picked":["SpringWay:ReiMu","DoubleButterfly:ReiMu"],"picked":"InherentArray:ReiMu","floor":5},{"not_picked":["Meditation:ReiMu","Amulet:ReiMu"],"picked":"FoulBorder2:ReiMu","floor":6},{"not_picked":["AlertArray:ReiMu","Intuition:ReiMu"],"picked":"Enchanting:ReiMu","floor":8},{"not_picked":["AlertArray:ReiMu","AirStrike:ReiMu"],"picked":"CareerPray:ReiMu","floor":12}],"player_experience":893186,"relics_obtained":[{"floor":6,"key":"Centennial Puzzle"},{"floor":8,"key":"Blue Candle"},{"floor":9,"key":"Runesmith:AutoHammer"},{"floor":10,"key":"Vajra"}],"event_choices":[{"damage_healed":0,"gold_gain":0,"player_choice":"Entered Light","damage_taken":13,"max_hp_gain":0,"max_hp_loss":0,"event_name":"Shining Light","floor":2,"gold_loss":0,"cards_upgraded":["Strike_Lin:ReiMu","Stagnation:ReiMu"]}],"is_beta":false,"boss_relics":[],"items_purged_floors":[],"is_endless":false,"potions_floor_spawned":[5,6,8],"killed_by":"Gremlin Nob","ascension_level":0}}