{"host":"xr8r2flpb2i2fv48","time":1608688865,"event":{"mods":["2.2 Compatiblity","Act Like it!","BaseMod","Better Note","Better Third Choice","Downfall","Gensokyo","Hallownest","Hermit","Lobotomy","LobotomyExtend","Marisa????????","Minty Spire (QoL Compilation)","Reimu??????","Replay The Spire","StSLib","The Bug Knight","The Cursed","The Gatherer","The Runesmith","The Spell Scribe","TheSwordswoman","TheVacant","egg"],"gold_per_floor":[12,12,27,27,44,44,77,77,77,2,2,2,22,36,36,139,139,155,175,186,186,205,234,234,234,234,253,267,267,277,287,287,387,387,398,143,143,18,33,60,60,87,87,110,110,136,150,163,163,171,171],"floor_reached":52,"playtime":39459,"items_purged":["theScribe:StarterDefend","theScribe:StarterDefend","theScribe:StarterDefend"],"score":710,"play_id":"5c04c7c2-d74d-48d2-a820-b3ffc902a0e9","local_time":"20201223030105","is_ascension_mode":false,"campfire_choices":[{"data":"theScribe:WordsOfPower","floor":6.0,"key":"SMITH"},{"data":"theScribe:LightningStrike","floor":8.0,"key":"SMITH"},{"data":"theScribe:LightningStrike","floor":11.0,"key":"SMITH"},{"data":"theScribe:MirrorImage","floor":15.0,"key":"SMITH"},{"data":"theScribe:Divination","floor":24,"key":"SMITH"},{"data":"theScribe:FrostvenomToxin","floor":29,"key":"SMITH"},{"floor":32,"key":"REST"},{"data":"theScribe:Escalation","floor":41,"key":"SMITH"},{"data":"theScribe:Insight","floor":45,"key":"SMITH"},{"floor":49,"key":"REST"}],"circlet_count":0,"master_deck":["theScribe:LightningStrike+1","theScribe:LightningStrike+1","theScribe:IcyDefend","theScribe:IcyDefend","theScribe:StarterModifier+1","theScribe:WordsOfPower+1","theScribe:EnchantedStrike+1","theScribe:BluntWeapons","theScribe:Divination+1","theScribe:MirrorImage+1","theScribe:FrostvenomToxin","theScribe:AmplifyingSpellstone+1","theScribe:BlankScroll+1","theScribe:FrostvenomToxin+1","theScribe:InscribeDeath","theScribe:Frost+1","theScribe:Insight+1","theScribe:Insight+1","theScribe:Escalation+1","theScribe:Frost+1","theScribe:TimeDilation","theScribe:Thunder+1"],"relics":["theScribe:StarterRelic1","LetterFromLob","Iron Hammer","Pen Nib","MagicBullet_r","Philosopher\u0027s Stone","War Paint","Happy Flower","theScribe:MeditationCircle","Lee\u0027s Waffle","Quantum Egg","Replay:Bandana","Bottled Lightning"],"acts_visited":["TheBeyond"],"potions_floor_usage":[20,22,23,31,44,46,48,50],"damage_taken":[{"damage":0.0,"enemies":"2 Louse","floor":1.0,"turns":5.0},{"damage":0.0,"enemies":"Cultist","floor":3.0,"turns":4.0},{"damage":3.0,"enemies":"Jaw Worm","floor":5.0,"turns":4.0},{"damage":26.0,"enemies":"Gremlin Nob","floor":7.0,"turns":5.0},{"damage":0.0,"enemies":"Red Slaver","floor":13.0,"turns":1.0},{"damage":13.0,"enemies":"2 Fungi Beasts","floor":14.0,"turns":3.0},{"damage":4.0,"enemies":"Fading Forest","floor":16.0,"turns":11.0},{"damage":3,"enemies":"2 Thieves","floor":18,"turns":3},{"damage":0,"enemies":"Spheric Guardian","floor":19,"turns":3},{"damage":0,"enemies":"Shelled Parasite and Fungi","floor":20,"turns":4},{"damage":20,"enemies":"Snake Plant","floor":22,"turns":4},{"damage":0,"enemies":"Book of Stabbing","floor":23,"turns":3},{"damage":9,"enemies":"Sentry and Sphere","floor":27,"turns":3},{"damage":2,"enemies":"Snecko","floor":28,"turns":5},{"damage":0,"enemies":"Shelled Parasite and Fungi","floor":30,"turns":3},{"damage":8,"enemies":"Snake Plant","floor":31,"turns":4},{"damage":41,"enemies":"Automaton","floor":33,"turns":9},{"damage":25,"enemies":"Orb Walker","floor":35,"turns":3},{"damage":0,"enemies":"3 Darklings","floor":39,"turns":2},{"damage":17,"enemies":"Giant Head","floor":40,"turns":5},{"damage":0,"enemies":"Maw","floor":42,"turns":5},{"damage":18,"enemies":"Writhing Mass","floor":44,"turns":3},{"damage":6,"enemies":"Transient","floor":46,"turns":5},{"damage":0,"enemies":"Spire Growth","floor":47,"turns":2},{"damage":27,"enemies":"4 Shapes","floor":48,"turns":4},{"damage":23,"enemies":"Awakened One","floor":50,"turns":5}],"seed_played":"2130846659466877546","potions_obtained":[{"floor":1.0,"key":"BlessingOfTheForge"},{"floor":5.0,"key":"PowerPotion"},{"floor":16.0,"key":"SteroidPotion"},{"floor":18,"key":"ColorlessPotion"},{"floor":20,"key":"Guardian:BlockOnCardUsePotion"},{"floor":22,"key":"Reflective Coating"},{"floor":27,"key":"SkillPotion"},{"floor":33,"key":"Weak Potion"},{"floor":39,"key":"Weak Potion"},{"floor":42,"key":"champ:CounterPotion"},{"floor":44,"key":"BlessingOfTheForge"}],"is_trial":false,"path_per_floor":["M","?","M","?","M","R","E","R","T","$","R","M","M","M","R","B",null,"M","M","M","?","M","E","R","?","T","M","M","R","M","M","R","B",null,"M","$","?","$","M","E","R","M","T","M","R","M","M","M","R","B",null,null],"character_chosen":"THE_SCRIBE","items_purchased":["Lee\u0027s Waffle"],"campfire_rested":2,"item_purchase_floors":[36],"current_hp_per_floor":[75,75,75,75,72,72,46,46,46,46,46,46,46,33,33,39,75,72,72,72,72,52,52,52,52,52,43,41,41,41,33,55,14,75,50,82,82,82,82,65,65,65,65,47,47,41,41,14,38,15,15],"gold":171,"neow_bonus":"REMOVE_TWO","is_daily":false,"chose_seed":false,"campfire_upgraded":8,"win_rate":0.0,"timestamp":1608688865,"path_taken":["M","?","M","?","M","R","E","R","T","$","R","M","?","M","R","BOSS","M","M","M","?","M","E","R","?","T","M","M","R","M","M","R","BOSS","M","$","?","$","M","E","R","M","T","M","R","?","M","M","R","BOSS"],"items_purchased_type":["Relic"],"build_version":"2020-12-13","purchased_purges":3,"victory":true,"max_hp_per_floor":[75,75,75,75,75,75,75,75,75,75,75,75,75,75,75,75,75,75,75,75,75,75,75,75,75,75,75,75,75,75,75,75,75,75,75,82,82,82,82,82,82,82,82,82,82,82,82,82,82,82,82],"card_choices":[{"not_picked":["theScribe:PriceOfKnowledge","theScribe:ThrownScroll"],"picked":"theScribe:WordsOfPower","floor":1.0},{"not_picked":["theScribe:FrostvenomToxin","theScribe:FocusingBarrier"],"picked":"theScribe:WordsOfPower","floor":3.0},{"not_picked":["theScribe:InvigoratingStrike","theScribe:Ghost_Realm"],"picked":"theScribe:EnchantedStrike","floor":5.0},{"not_picked":["theScribe:RecklessResponse","theScribe:ScrollOfShadows"],"picked":"theScribe:BluntWeapons","floor":7.0},{"not_picked":["theScribe:Insight","theScribe:GlaciesSpellstone"],"picked":"theScribe:Divination","floor":13.0},{"not_picked":["theScribe:LightningBolt","theScribe:Split"],"picked":"theScribe:MirrorImage","floor":14.0},{"not_picked":["theScribe:GatherComponents","theScribe:Overcharge"],"picked":"theScribe:FrostvenomToxin","floor":18},{"not_picked":["theScribe:BluntWeapons","theScribe:LightningBolt"],"picked":"theScribe:AmplifyingSpellstone","floor":19},{"not_picked":["theScribe:EnchantedStrike","theScribe:IcicleBlast"],"picked":"theScribe:BlankScroll+1","floor":20},{"not_picked":["theScribe:EnchantedStrike","theScribe:TelumSpellstone"],"picked":"theScribe:FrostvenomToxin","floor":22},{"not_picked":["theScribe:MirrorImage","theScribe:Incendio"],"picked":"theScribe:InscribeDeath","floor":23},{"not_picked":["theScribe:FlowLikeWater+1","theScribe:QuickStudy"],"picked":"theScribe:Frost+1","floor":27},{"not_picked":["theScribe:LightningBolt+1","theScribe:ToxicSpellstone"],"picked":"theScribe:Insight+1","floor":28},{"not_picked":["theScribe:Thwack","theScribe:Thunder"],"picked":"theScribe:Insight","floor":30},{"not_picked":["theScribe:FrostvenomToxin","theScribe:AmplifyingSpellstone","theScribe:FlowLikeWater"],"picked":"SKIP","floor":31},{"not_picked":["theScribe:AbsoluteZero","theScribe:GlacialGuard"],"picked":"theScribe:Escalation","floor":33},{"not_picked":["theScribe:CripplingCharge","theScribe:ToxicSpellstone"],"picked":"theScribe:Frost+1","floor":35},{"not_picked":["theScribe:MirrorImage","theScribe:FocusingBlow+1"],"picked":"theScribe:TimeDilation","floor":39},{"not_picked":["theScribe:Clarity","theScribe:ArcaneBarrier","theScribe:ThrownScroll"],"picked":"SKIP","floor":40},{"not_picked":["theScribe:MirrorImage","theScribe:Overcharge+1"],"picked":"theScribe:Thunder+1","floor":42},{"not_picked":["theScribe:ArcaneArcing+1","theScribe:ArcaneBarrier+1","theScribe:Maelstrom"],"picked":"SKIP","floor":44},{"not_picked":["theScribe:Thunder+1","theScribe:Incendio","theScribe:FlowLikeWater"],"picked":"SKIP","floor":46},{"not_picked":["theScribe:Overcharge","theScribe:EnchantedStrike","theScribe:LightningBolt"],"picked":"SKIP","floor":47},{"not_picked":["theScribe:WeirdShield","theScribe:BluntWeapons","theScribe:LightningBlade"],"picked":"SKIP","floor":48}],"player_experience":1736913,"relics_obtained":[{"floor":1.0,"key":"LetterFromLob"},{"floor":7.0,"key":"Iron Hammer"},{"floor":9.0,"key":"Pen Nib"},{"floor":23,"key":"War Paint"},{"floor":26,"key":"Happy Flower"},{"floor":40,"key":"Replay:Bandana"},{"floor":43,"key":"Bottled Lightning"}],"event_choices":[{"cards_removed":["theScribe:WordsOfPower"],"damage_healed":0.0,"max_hp_gain":0.0,"max_hp_loss":0.0,"gold_gain":0.0,"event_name":"Bonfire Elementals","player_choice":"Offered Uncommon","floor":4.0,"gold_loss":0.0,"damage_taken":0.0},{"cards_removed":["theScribe:StarterDefend"],"damage_healed":0,"gold_gain":0,"player_choice":"Give","damage_taken":0,"max_hp_gain":0,"max_hp_loss":0,"event_name":"betterNote:BetterNote","floor":21,"gold_loss":0,"cards_obtained":["SpecialBullet"]},{"damage_healed":0,"gold_gain":0,"player_choice":"Ignored","damage_taken":0,"max_hp_gain":0,"max_hp_loss":0,"event_name":"Ghosts","floor":25,"gold_loss":0},{"damage_healed":0,"gold_gain":0,"player_choice":"Gave Potion","damage_taken":0,"relics_obtained":["Quantum Egg"],"max_hp_gain":0,"max_hp_loss":0,"event_name":"WeMeetAgain","floor":37,"gold_loss":0}],"is_beta":false,"boss_relics":[{"not_picked":["Runesmith:UraniumAnvil","Snecko Eye"],"picked":"Philosopher\u0027s Stone"},{"not_picked":["Replay:Wanted Poster","Empty Cage"],"picked":"theScribe:MeditationCircle"}],"items_purged_floors":[10,36,38],"is_endless":false,"potions_floor_spawned":[1,5,16,18,20,22,27,33,39,42,44],"ascension_level":0}}