{"host":"kmq7aw60w430zvtx","time":1608745429,"event":{"mods":["BaseMod","Downfall","GifTheSpireLib","Hermit","Hubris","Minty Spire (QoL Compilation)","Replay The Spire","StSLib","The Construct","The Cursed","The Hierophant","The Jungle","The Necromancer","The Runesmith"],"gold_per_floor":[114,129,145,145,155,180,180,180,180,190,190,190],"floor_reached":11,"playtime":682,"items_purged":[],"score":94,"play_id":"825510e0-1a1e-4b2a-b378-0a5af987de84","local_time":"20201223184349","is_ascension_mode":true,"campfire_choices":[{"floor":8,"key":"RECALL"}],"circlet_count":0,"master_deck":["Strike_G","Strike_G","Strike_G","Strike_G","Strike_G","Defend_G","Defend_G","Defend_G","Defend_G","Defend_G","Survivor","Neutralize","ReplayTheSpireMod:Speed Training","Sucker Punch","Dash","Underhanded Strike","hubris:SlightOfHand+1","Reflex+1"],"relics":["Ring of the Snake","NeowsBlessing","Toxic Egg 2","Golden Egg"],"acts_visited":["Exordium"],"potions_floor_usage":[10,11],"damage_taken":[{"damage":0,"enemies":"2 Louse","floor":1,"turns":1},{"damage":0,"enemies":"Cultist","floor":2,"turns":1},{"damage":0,"enemies":"Small Slimes","floor":3,"turns":1},{"damage":19,"enemies":"Exordium Thugs","floor":5,"turns":7},{"damage":4,"enemies":"3 Sentries","floor":6,"turns":8},{"damage":0,"enemies":"3 Louse","floor":10,"turns":5},{"damage":57,"enemies":"Gremlin Nob","floor":11,"turns":5}],"seed_played":"-7842016969418880033","potions_obtained":[{"floor":3,"key":"construct:ShiftPotion"},{"floor":6,"key":"LifebloodPotion"},{"floor":10,"key":"Swift Potion"}],"is_trial":false,"path_per_floor":["M","M","M","?","M","E","?","R","T","M","E"],"character_chosen":"THE_SILENT","items_purchased":[],"campfire_rested":0,"item_purchase_floors":[],"current_hp_per_floor":[70,70,70,70,51,47,47,47,47,47,0,0],"gold":190,"neow_bonus":"THREE_ENEMY_KILL","is_daily":false,"chose_seed":false,"campfire_upgraded":0,"win_rate":0.0,"timestamp":1608745429,"path_taken":["M","M","M","?","?","E","?","R","T","M","E"],"items_purchased_type":[],"build_version":"2020-12-22","purchased_purges":0,"victory":false,"max_hp_per_floor":[70,70,70,70,70,70,70,70,70,70,70,70],"card_choices":[{"not_picked":["Dagger Spray","Outmaneuver"],"picked":"ReplayTheSpireMod:Speed Training","floor":1},{"not_picked":["Dagger Spray","Outmaneuver"],"picked":"Sucker Punch","floor":2},{"not_picked":["Riddle With Holes","Deadly Poison"],"picked":"Dash","floor":3},{"not_picked":["ReplayTheSpireMod:Tripwire+1","Prepared+1"],"picked":"Underhanded Strike","floor":5},{"not_picked":["Dodge and Roll+1","Accuracy"],"picked":"hubris:SlightOfHand+1","floor":6},{"not_picked":["Finisher","Deadly Poison+1"],"picked":"Reflex+1","floor":10}],"player_experience":249270,"relics_obtained":[{"floor":6,"key":"Golden Egg"}],"event_choices":[{"damage_healed":0,"gold_gain":0,"player_choice":"Gave Potion","damage_taken":0,"relics_obtained":["Toxic Egg 2"],"max_hp_gain":0,"max_hp_loss":0,"event_name":"WeMeetAgain","floor":4,"gold_loss":0}],"is_beta":false,"boss_relics":[],"items_purged_floors":[],"is_endless":false,"potions_floor_spawned":[3,6,10],"killed_by":"Gremlin Nob","ascension_level":5}}