{"host":"utqe55yv0jihe4d6","time":1608693655,"event":{"mods":["2.2 Compatiblity","AchievementEnabler","BaseMod","Block Reminder","Colored Map","Colored Powertips","Minty Spire (QoL Compilation)","Quick Restart","Rare Cards Sparkle","Relic Stats","SuperFastMode"],"gold_per_floor":[118,118,133,133,151,151,182,182,208,208,224,255,271,23,23,95,95,106,121,46,62,82,116,116,143,155,182,194,220,245,269,281,369,381,409,441,503,540,552,591,603,182,182,182,208,208,225,240,240,240,240],"floor_reached":50,"playtime":1823,"items_purged":["Strike_G","Strike_G"],"score":1158,"play_id":"65be28d8-929c-407a-b6f4-4ca803c7441a","local_time":"20201222222055","is_ascension_mode":true,"campfire_choices":[{"data":"Neutralize","floor":6.0,"key":"SMITH"},{"floor":8.0,"key":"REST"},{"data":"Blade Dance","floor":10.0,"key":"SMITH"},{"data":"Malaise","floor":15.0,"key":"SMITH"},{"data":"Wraith Form v2","floor":24.0,"key":"SMITH"},{"floor":28.0,"key":"DIG"},{"data":"Infinite Blades","floor":32.0,"key":"SMITH"},{"floor":41.0,"key":"REST"},{"floor":44.0,"key":"DIG"},{"floor":49,"key":"RECALL"}],"circlet_count":0,"master_deck":["AscendersBane","Strike_G","Defend_G","Defend_G","Defend_G","Defend_G","Defend_G","Survivor","Neutralize+1","Predator+1","Blade Dance+1","PiercingWail","Dash+1","Backstab+1","Terror","Malaise+1","Wraith Form v2+1","Dagger Throw","Acrobatics","Footwork","Infinite Blades+1","Flechettes+1","Slice+1","Adrenaline+1","Backstab+1","Tools of the Trade","Blade Dance+1","Shame","Accuracy"],"relics":["Philosopher\u0027s Stone","Blood Vial","Bag of Marbles","StrikeDummy","Happy Flower","WristBlade","Shovel","MawBank","Molten Egg 2","Singing Bowl","Cursed Key","Pocketwatch","Mango","Pen Nib","Akabeko","Orrery","Whetstone","Darkstone Periapt"],"acts_visited":["Exordium","TheCity","TheBeyond"],"potions_floor_usage":[50,50],"damage_taken":[{"damage":7.0,"enemies":"2 Louse","floor":1.0,"turns":5.0},{"damage":2.0,"enemies":"Small Slimes","floor":3.0,"turns":3.0},{"damage":0.0,"enemies":"Cultist","floor":5.0,"turns":3.0},{"damage":34.0,"enemies":"Gremlin Nob","floor":7.0,"turns":4.0},{"damage":0.0,"enemies":"Blue Slaver","floor":11.0,"turns":2.0},{"damage":8.0,"enemies":"Lagavulin","floor":12.0,"turns":6.0},{"damage":1.0,"enemies":"Large Slime","floor":13.0,"turns":3.0},{"damage":14.0,"enemies":"Hexaghost","floor":16.0,"turns":9.0},{"damage":0.0,"enemies":"Spheric Guardian","floor":18.0,"turns":3.0},{"damage":6.0,"enemies":"Shell Parasite","floor":19.0,"turns":5.0},{"damage":3.0,"enemies":"Snake Plant","floor":21.0,"turns":2.0},{"damage":5.0,"enemies":"3 Cultists","floor":22.0,"turns":6.0},{"damage":12.0,"enemies":"Slavers","floor":23.0,"turns":6.0},{"damage":4.0,"enemies":"Book of Stabbing","floor":25.0,"turns":6.0},{"damage":0.0,"enemies":"Cultist and Chosen","floor":27.0,"turns":3.0},{"damage":0.0,"enemies":"Snecko","floor":29.0,"turns":5.0},{"damage":7.0,"enemies":"Chosen and Byrds","floor":30.0,"turns":6.0},{"damage":0.0,"enemies":"Snake Plant","floor":31.0,"turns":2.0},{"damage":36.0,"enemies":"Champ","floor":33.0,"turns":11.0},{"damage":4.0,"enemies":"3 Shapes","floor":35.0,"turns":5.0},{"damage":2.0,"enemies":"Orb Walker","floor":36.0,"turns":2.0},{"damage":37.0,"enemies":"2 Orb Walkers","floor":37.0,"turns":4.0},{"damage":0.0,"enemies":"Mind Bloom Boss Battle","floor":38.0,"turns":5.0},{"damage":12.0,"enemies":"Reptomancer","floor":40.0,"turns":5.0},{"damage":13.0,"enemies":"Nemesis","floor":45.0,"turns":7.0},{"damage":12,"enemies":"4 Shapes","floor":47,"turns":4},{"damage":14,"enemies":"Maw","floor":48,"turns":4},{"damage":42,"enemies":"Donu and Deca","floor":50,"turns":3}],"seed_played":"-2535400074543260978","potions_obtained":[{"floor":1.0,"key":"SpeedPotion"},{"floor":3.0,"key":"Explosive Potion"},{"floor":12.0,"key":"LiquidBronze"},{"floor":23.0,"key":"Fire Potion"},{"floor":25.0,"key":"Poison Potion"},{"floor":27.0,"key":"GamblersBrew"},{"floor":37.0,"key":"DuplicationPotion"},{"floor":40.0,"key":"Dexterity Potion"}],"is_trial":false,"path_per_floor":["M","?","M","?","M","R","E","R","T","R","M","E","M","$","R","B",null,"M","M","?","M","M","E","R","E","T","M","R","M","M","M","R","B",null,"M","M","?","?","?","E","R","$","T","R","E","?","M","M","R","B"],"character_chosen":"THE_SILENT","items_purchased":["Happy Flower","Akabeko","Orrery"],"campfire_rested":2,"item_purchase_floors":[14,42,42],"current_hp_per_floor":[52,52,50,43,43,43,9,28,28,28,30,24,25,25,25,13,53,55,51,51,50,47,37,37,35,35,37,37,41,38,42,42,8,56,56,56,23,39,39,31,58,66,66,66,57,57,47,37,37,0,0],"gold":240,"neow_bonus":"BOSS_RELIC","is_daily":false,"chose_seed":false,"campfire_upgraded":5,"win_rate":0.0,"timestamp":1608693655,"path_taken":["M","?","M","?","M","R","E","R","T","R","M","E","M","$","R","BOSS","M","M","?","M","M","E","R","E","T","M","R","M","M","M","R","BOSS","M","M","?","?","?","E","R","$","T","R","E","?","?","M","R","BOSS"],"items_purchased_type":["Relic","Relic","Relic"],"build_version":"2020-12-13","purchased_purges":2,"victory":false,"max_hp_per_floor":[66,66,66,66,66,66,66,66,66,66,66,66,66,66,66,66,66,66,66,66,66,66,66,66,66,66,66,66,68,70,72,72,72,72,74,74,76,90,90,92,92,100,100,100,102,102,102,104,104,104,104],"relic_stats":{"Blood Vial":48,"Darkstone Periapt":0,"Shovel":2,"Happy Flower":[34],"Singing Bowl":24,"counters":[28,129],"Pen Nib":[7],"Whetstone":["Backstab","Dash"],"MawBank":204,"Cursed Key":1,"obtain_stats":[{"Darkstone Periapt":45,"Happy Flower":14,"Singing Bowl":28,"Mango":38,"Pen Nib":40,"Whetstone":44,"MawBank":25,"Cursed Key":34,"Akabeko":42,"Blood Vial":7,"Shovel":23,"WristBlade":17,"Orrery":42,"Philosopher\u0027s Stone":0,"Molten Egg 2":26,"Bag of Marbles":9,"StrikeDummy":12,"Ring of the Snake":0,"Pocketwatch":37},{"Darkstone Periapt":25,"Happy Flower":7,"Singing Bowl":15,"Mango":23,"Pen Nib":24,"Whetstone":24,"MawBank":14,"Cursed Key":19,"Akabeko":24,"Blood Vial":4,"Shovel":13,"WristBlade":8,"Orrery":24,"Philosopher\u0027s Stone":0,"Molten Egg 2":14,"Bag of Marbles":4,"StrikeDummy":6,"Ring of the Snake":0,"Pocketwatch":22},{"Darkstone Periapt":118,"Happy Flower":26,"Singing Bowl":66,"Mango":106,"Pen Nib":111,"Whetstone":111,"MawBank":63,"Cursed Key":90,"Akabeko":111,"Blood Vial":15,"Shovel":57,"WristBlade":35,"Orrery":111,"Philosopher\u0027s Stone":0,"Molten Egg 2":63,"Bag of Marbles":15,"StrikeDummy":23,"Ring of the Snake":0,"Pocketwatch":101}],"Pocketwatch":[12]},"card_choices":[{"not_picked":["Terror","Heel Hook"],"picked":"Predator","floor":1.0},{"not_picked":["Accuracy","Endless Agony"],"picked":"Blade Dance","floor":3.0},{"not_picked":["Escape Plan","Flying Knee"],"picked":"PiercingWail","floor":5.0},{"not_picked":["Footwork","Underhanded Strike"],"picked":"Dash","floor":7.0},{"not_picked":["Dash","Dagger Throw"],"picked":"Backstab","floor":11.0},{"not_picked":["Sucker Punch","Bane"],"picked":"Terror","floor":12.0},{"not_picked":["Deadly Poison","Acrobatics"],"picked":"Malaise","floor":13.0},{"not_picked":["Bullet Time","Grand Finale"],"picked":"Wraith Form v2","floor":16.0},{"not_picked":["Sucker Punch","Blade Dance"],"picked":"Dagger Throw","floor":18.0},{"not_picked":["Poisoned Stab","Flying Knee"],"picked":"Acrobatics","floor":19.0},{"not_picked":["Escape Plan","Quick Slash"],"picked":"Footwork","floor":21.0},{"not_picked":["Prepared","All Out Attack","Quick Slash"],"picked":"SKIP","floor":22.0},{"not_picked":["Tactician","Expertise"],"picked":"Infinite Blades","floor":23.0},{"not_picked":["Outmaneuver","Storm of Steel"],"picked":"Flechettes+1","floor":25.0},{"not_picked":["Cloak And Dagger","Dodge and Roll"],"picked":"Slice+1","floor":27.0},{"not_picked":["Reflex+1","Slice+1","Dash+1"],"picked":"Singing Bowl","floor":29.0},{"not_picked":["Bane+1","Dagger Spray+1","Concentrate+1"],"picked":"Singing Bowl","floor":30.0},{"not_picked":["Setup","Expertise","Cloak And Dagger"],"picked":"Singing Bowl","floor":31.0},{"not_picked":["Envenom","Corpse Explosion"],"picked":"Adrenaline","floor":33.0},{"not_picked":["Outmaneuver+1","Terror+1","Dodge and Roll"],"picked":"Singing Bowl","floor":35.0},{"not_picked":["Cloak And Dagger","Acrobatics"],"picked":"Backstab+1","floor":36.0},{"not_picked":["Dagger Spray+1","Poisoned Stab+1","Distraction"],"picked":"Singing Bowl","floor":37.0},{"not_picked":["Cloak And Dagger","Sucker Punch+1"],"picked":"Tools of the Trade","floor":38.0},{"not_picked":["Dodge and Roll","Deadly Poison","Quick Slash+1"],"picked":"Singing Bowl","floor":40.0},{"not_picked":["Predator+1","PiercingWail","Burst"],"picked":"Singing Bowl","floor":42.0},{"not_picked":["Prepared","Endless Agony+1"],"picked":"Blade Dance+1","floor":42.0},{"not_picked":["Catalyst","Outmaneuver","Deflect"],"picked":"Singing Bowl","floor":42.0},{"not_picked":["Flying Knee+1","Masterful Stab+1","Infinite Blades"],"picked":"Singing Bowl","floor":42.0},{"not_picked":["Deflect","Sucker Punch+1","Crippling Poison"],"picked":"Singing Bowl","floor":42.0},{"not_picked":["Burst","Poisoned Stab+1","Expertise"],"picked":"Singing Bowl","floor":45.0},{"not_picked":["Blur+1","Finisher+1"],"picked":"Accuracy","floor":47},{"not_picked":["Caltrops","Dagger Throw+1","Deadly Poison"],"picked":"Singing Bowl","floor":48}],"player_experience":2835401,"relics_obtained":[{"floor":7.0,"key":"Blood Vial"},{"floor":9.0,"key":"Bag of Marbles"},{"floor":12.0,"key":"StrikeDummy"},{"floor":23.0,"key":"Shovel"},{"floor":25.0,"key":"MawBank"},{"floor":26.0,"key":"Molten Egg 2"},{"floor":28.0,"key":"Singing Bowl"},{"floor":37.0,"key":"Pocketwatch"},{"floor":38.0,"key":"Mango"},{"floor":40.0,"key":"Pen Nib"},{"floor":44.0,"key":"Whetstone"},{"floor":45.0,"key":"Darkstone Periapt"}],"event_choices":[{"damage_healed":0.0,"max_hp_gain":0.0,"max_hp_loss":0.0,"gold_gain":0.0,"event_name":"Living Wall","player_choice":"Grow","floor":2.0,"gold_loss":0.0,"damage_taken":0.0,"cards_upgraded":["Predator"]},{"cards_removed":["Strike_G"],"damage_healed":0.0,"max_hp_gain":0.0,"max_hp_loss":0.0,"gold_gain":0.0,"event_name":"Golden Wing","player_choice":"Card Removal","floor":4.0,"gold_loss":0.0,"damage_taken":7.0},{"cards_removed":["Strike_G"],"damage_healed":0.0,"max_hp_gain":0.0,"max_hp_loss":0.0,"gold_gain":0.0,"event_name":"Beggar","player_choice":"Gave Gold","floor":20.0,"gold_loss":75.0,"damage_taken":0.0},{"damage_healed":0.0,"max_hp_gain":0.0,"max_hp_loss":0.0,"gold_gain":0.0,"event_name":"Mysterious Sphere","player_choice":"Fight","floor":37.0,"gold_loss":0.0,"damage_taken":0.0},{"damage_healed":0.0,"max_hp_gain":0.0,"max_hp_loss":0.0,"gold_gain":0.0,"event_name":"MindBloom","player_choice":"Fight","floor":38.0,"gold_loss":0.0,"damage_taken":0.0},{"damage_healed":0.0,"max_hp_gain":0.0,"max_hp_loss":0.0,"gold_gain":0.0,"event_name":"Tomb of Lord Red Mask","player_choice":"Ignored","floor":39.0,"gold_loss":0.0,"damage_taken":0.0},{"damage_healed":0.0,"max_hp_gain":0.0,"max_hp_loss":0.0,"gold_gain":0.0,"event_name":"Accursed Blacksmith","player_choice":"Forge","floor":46.0,"gold_loss":0.0,"damage_taken":0.0,"cards_upgraded":["Adrenaline"]}],"is_beta":false,"boss_relics":[{"not_picked":["Ectoplasm","Empty Cage"],"picked":"WristBlade"},{"not_picked":["SacredBark","Astrolabe"],"picked":"Cursed Key"}],"items_purged_floors":[14,42],"is_endless":false,"potions_floor_spawned":[1,3,5,12,16,23,25,27,29,30,37,40,45],"killed_by":"Donu and Deca","ascension_level":20}}