{"host":"lh9qfzqeqctr28d2","time":1608694727,"event":{"mods":["BaseMod","Minty Spire (QoL Compilation)","Quick Restart","Relic Stats","Remilia£®¿Ÿ√◊¿Ú—«£©","StSLib"],"gold_per_floor":[20,37,57,68,79,79,89,89,113,113,123,136,162,176,176,271,271,291,305,305,320,337,337,337],"floor_reached":23,"playtime":1960,"items_purged":[],"score":251,"play_id":"da338644-139f-44aa-a286-1720607c5632","local_time":"20201223113847","is_ascension_mode":false,"campfire_choices":[{"data":"ScarletImprint","floor":6.0,"key":"SMITH"},{"data":"ScarletSymphony","floor":8.0,"key":"SMITH"},{"floor":15.0,"key":"REST"}],"circlet_count":0,"master_deck":["Strike_RM","Strike_RM","Strike_RM","Strike_RM","Defend_RM","Defend_RM","Defend_RM+1","Defend_RM+1","RedMoon","ScarletShoot","StarOfDavid","BlasphemousPunishment","ScarletImprint+1","ScarletSymphony+1","RedRainbow","BloodHunter","MastersStateliness","VampireKiss","EquivalentExchange","BombardNight","QueenOfMidnight","ScarletDevil","NightDance","KillingBlow"],"relics":["ScarletHat","Calipers","Omamori","Regal Pillow","Black Star"],"acts_visited":["Exordium","TheCity"],"potions_floor_usage":[18,18],"damage_taken":[{"damage":0.0,"enemies":"Small Slimes","floor":1.0,"turns":4.0},{"damage":4.0,"enemies":"Jaw Worm","floor":2.0,"turns":5.0},{"damage":10.0,"enemies":"Cultist","floor":3.0,"turns":2.0},{"damage":7.0,"enemies":"2 Fungi Beasts","floor":4.0,"turns":4.0},{"damage":6.0,"enemies":"Red Slaver","floor":5.0,"turns":6.0},{"damage":0.0,"enemies":"Large Slime","floor":7.0,"turns":5.0},{"damage":10.0,"enemies":"2 Fungi Beasts","floor":11.0,"turns":4.0},{"damage":5.0,"enemies":"Exordium Thugs","floor":12.0,"turns":4.0},{"damage":18.0,"enemies":"Gremlin Nob","floor":13.0,"turns":3.0},{"damage":0.0,"enemies":"Large Slime","floor":14.0,"turns":7.0},{"damage":10.0,"enemies":"Slime Boss","floor":16.0,"turns":10.0},{"damage":32,"enemies":"2 Thieves","floor":18,"turns":3},{"damage":28,"enemies":"Spheric Guardian","floor":19,"turns":4},{"damage":26,"enemies":"Chosen and Byrds","floor":21,"turns":5},{"damage":26,"enemies":"Snake Plant","floor":22,"turns":4},{"damage":0,"enemies":"Book of Stabbing","floor":23,"turns":1}],"seed_played":"8643688310677409364","potions_obtained":[{"floor":1.0,"key":"Dexterity Potion"},{"floor":3.0,"key":"ColorlessPotion"},{"floor":7.0,"key":"PowerPotion"},{"floor":19,"key":"DestinyDice"},{"floor":22,"key":"Ancient Potion"}],"is_trial":false,"path_per_floor":["M","M","M","M","M","R","M","R","T","?","M","M","E","M","R","B",null,"M","M","?","M","M","E"],"character_chosen":"REMILIA","items_purchased":[],"campfire_rested":1,"item_purchase_floors":[],"current_hp_per_floor":[75,71,62,58,54,54,54,54,54,39,33,28,15,16,53,50,75,58,44,44,30,16,16,16],"gold":337,"neow_bonus":"ONE_RARE_RELIC","is_daily":false,"chose_seed":false,"campfire_upgraded":2,"win_rate":0.0,"timestamp":1608694727,"path_taken":["M","M","M","M","M","R","M","R","T","?","M","M","E","M","R","BOSS","M","M","?","M","M","E"],"items_purchased_type":[],"build_version":"2020-12-13","purchased_purges":0,"victory":false,"max_hp_per_floor":[75,75,75,75,75,75,75,75,75,75,75,75,75,75,75,75,75,75,75,75,75,75,75,75],"relic_stats":{"Regal Pillow":15,"counters":[16,71],"Black Star":0,"obtain_stats":[{"Regal Pillow":13,"Calipers":0,"Omamori":9,"Black Star":17,"ScarletHat":0},{"Regal Pillow":9,"Calipers":0,"Omamori":6,"Black Star":11,"ScarletHat":0},{"Regal Pillow":37,"Calipers":0,"Omamori":26,"Black Star":54,"ScarletHat":0}]},"card_choices":[{"not_picked":["ChainGang","ScarletSymphony"],"picked":"StarOfDavid","floor":1.0},{"not_picked":["Maim","CharismaGuard"],"picked":"BlasphemousPunishment","floor":2.0},{"not_picked":["NightLord","UnderTheZenith"],"picked":"ScarletImprint","floor":3.0},{"not_picked":["ScarletGensokyo","StarOfDavid"],"picked":"ScarletSymphony","floor":4.0},{"not_picked":["BloodyTrap","VampireSweep"],"picked":"RedRainbow","floor":5.0},{"not_picked":["VampirishNight","EndlessAdversity"],"picked":"BloodHunter","floor":7.0},{"not_picked":["Septette","EndlessAdversity"],"picked":"MastersStateliness","floor":11.0},{"not_picked":["BlasphemousPunishment","ScarletGensokyo"],"picked":"VampireKiss","floor":12.0},{"not_picked":["BloodAndWine","VampireKiss"],"picked":"EquivalentExchange","floor":13.0},{"not_picked":["EndlessAdversity","Maim"],"picked":"BombardNight","floor":14.0},{"not_picked":["ChaoticDestiny","CurseOfVladTepes"],"picked":"QueenOfMidnight","floor":16.0},{"not_picked":["ForbiddenFruit","ScarletImprint"],"picked":"ScarletDevil","floor":18},{"not_picked":["BlasphemousPunishment","BombardNight+1"],"picked":"NightDance","floor":19},{"not_picked":["CharismaGuard+1","ScarletDevil+1","BlasphemousPunishment"],"picked":"SKIP","floor":21},{"not_picked":["CharismaGuard","UnstableMagic"],"picked":"KillingBlow","floor":22}],"player_experience":270909,"relics_obtained":[{"floor":9.0,"key":"Omamori"},{"floor":13.0,"key":"Regal Pillow"}],"event_choices":[{"damage_healed":0.0,"max_hp_gain":0.0,"max_hp_loss":0.0,"gold_gain":0.0,"event_name":"Shining Light","player_choice":"Entered Light","floor":10.0,"gold_loss":0.0,"damage_taken":15.0,"cards_upgraded":["Defend_RM","Defend_RM"]},{"damage_healed":0,"gold_gain":0,"player_choice":"Ignored","damage_taken":0,"max_hp_gain":0,"max_hp_loss":0,"event_name":"NoteForYourself","floor":20,"gold_loss":0}],"is_beta":false,"boss_relics":[{"not_picked":["SacredBark","SlaversCollar"],"picked":"Black Star"}],"items_purged_floors":[],"is_endless":false,"potions_floor_spawned":[1,3,7,12,14,19,22],"killed_by":"Book of Stabbing","ascension_level":0}}