{"host":"i0avyit1s6jb1siw","time":1608751452,"event":{"mods":["BaseMod","DeckTracker","Dota2Spire","Highlight Path","Minty Spire (QoL Compilation)","Quick Restart","Replay The Spire","StSLib","SuperFastMode"],"gold_per_floor":[119,119,69,80,5,5,18,18,18,33,33,62,85,118,118,223,223,238,238,238,252,264,289,289,319,319,319,319],"floor_reached":27,"playtime":521,"items_purged":["Defend_B"],"score":401,"play_id":"8ccf1d9c-19c0-40ba-8854-3c226bab830f","local_time":"20201223202412","is_ascension_mode":true,"campfire_choices":[{"data":"Dualcast","floor":6,"key":"SMITH"},{"data":"Zap","floor":8,"key":"SMITH"},{"data":"Compile Driver","floor":11,"key":"SMITH"},{"data":"Defragment","floor":15,"key":"SMITH"},{"data":"Defragment","floor":24,"key":"SMITH"}],"circlet_count":0,"master_deck":["AscendersBane","Strike_B","Strike_B","Strike_B","Defend_B","Defend_B+1","Defend_B","Zap+1","Dualcast+1","Cold Snap","Ball Lightning","Compile Driver+1","Defragment+1","Defragment+1","Buffer","Force Field","FIFO Queue"],"relics":["Cracked Core","Replay:Wax Seal","StoneCalendar","Symbiotic Virus","Snecko Eye","Meat on the Bone","MealTicket","Anchor","Chameleon Ring"],"acts_visited":["Exordium","TheCity"],"potions_floor_usage":[14,21,25],"damage_taken":[{"damage":0,"enemies":"2 Louse","floor":1,"turns":2},{"damage":2,"enemies":"Jaw Worm","floor":4,"turns":4},{"damage":2,"enemies":"Small Slimes","floor":7,"turns":3},{"damage":19,"enemies":"Exordium Thugs","floor":10,"turns":4},{"damage":6,"enemies":"Replay:BlueRogue","floor":12,"turns":4},{"damage":18,"enemies":"Lagavulin","floor":14,"turns":4},{"damage":1,"enemies":"The Guardian","floor":16,"turns":7},{"damage":8,"enemies":"Chosen","floor":18,"turns":4},{"damage":15,"enemies":"3 Byrds","floor":21,"turns":3},{"damage":16,"enemies":"Snake Plant","floor":22,"turns":4},{"damage":8,"enemies":"Gremlin Leader","floor":23,"turns":8},{"damage":11,"enemies":"Book of Stabbing","floor":25,"turns":6},{"damage":47,"enemies":"Slavers","floor":27,"turns":3}],"seed_played":"3075585369644774424","potions_obtained":[{"floor":10,"key":"BlessingOfTheForge"},{"floor":12,"key":"PowerPotion"},{"floor":16,"key":"Dexterity Potion"},{"floor":18,"key":"LiquidBronze"},{"floor":25,"key":"Strength Potion"}],"is_trial":false,"path_per_floor":["M","?","?","M","$","R","M","R","T","M","R","E","T","E","R","B",null,"M","?","T","M","M","E","R","E","T","E"],"character_chosen":"DEFECT","items_purchased":[],"campfire_rested":0,"item_purchase_floors":[],"current_hp_per_floor":[68,73,73,71,71,71,69,69,69,50,50,44,44,26,26,25,66,58,58,58,43,39,43,43,44,44,0,0],"gold":319,"neow_bonus":"RANDOM_EVENT","is_daily":false,"chose_seed":false,"campfire_upgraded":5,"win_rate":0.0,"timestamp":1608751452,"path_taken":["M","?","?","M","$","R","M","R","T","M","R","E","?","E","R","BOSS","M","?","?","M","?","E","R","E","T","E"],"items_purchased_type":[],"build_version":"2020-12-22","purchased_purges":1,"victory":false,"max_hp_per_floor":[75,80,80,80,80,80,80,80,80,80,80,80,80,80,80,80,80,80,80,80,80,80,80,80,80,80,80,80],"card_choices":[{"not_picked":["Stack","Turbo"],"picked":"Cold Snap","floor":1},{"not_picked":["Sweeping Beam","Streamline"],"picked":"Ball Lightning","floor":4},{"not_picked":["Hologram","Storm","ReplayGash"],"picked":"SKIP","floor":7},{"not_picked":["Skim","Chill"],"picked":"Compile Driver","floor":10},{"not_picked":["Mirror Shield","Panic Button"],"picked":"Defragment","floor":12},{"not_picked":["Auto Shields","Compile Driver"],"picked":"Defragment","floor":14},{"not_picked":["Fission","Seek"],"picked":"Buffer","floor":16},{"not_picked":["Hologram","Coolheaded"],"picked":"Force Field","floor":18},{"not_picked":["Compile Driver","BootSequence","Go for the Eyes+1"],"picked":"SKIP","floor":21},{"not_picked":["Beam Cell","Conserve Battery","Compile Driver"],"picked":"SKIP","floor":22},{"not_picked":["Barrage","Hello World","Panic Button+1"],"picked":"SKIP","floor":23},{"not_picked":["Streamline","Multi-Cast"],"picked":"FIFO Queue","floor":25}],"player_experience":2111464,"relics_obtained":[{"floor":9,"key":"Replay:Wax Seal"},{"floor":12,"key":"StoneCalendar"},{"floor":14,"key":"Symbiotic Virus"},{"floor":20,"key":"Meat on the Bone"},{"floor":23,"key":"MealTicket"},{"floor":25,"key":"Anchor"},{"floor":26,"key":"Chameleon Ring"}],"event_choices":[{"damage_healed":0,"gold_gain":0,"player_choice":"Donut","damage_taken":0,"max_hp_gain":5,"max_hp_loss":0,"event_name":"Big Fish","floor":2,"gold_loss":0},{"cards_removed":["Strike_B"],"damage_healed":0,"gold_gain":0,"player_choice":"Card Removal","damage_taken":0,"max_hp_gain":0,"max_hp_loss":0,"event_name":"The Cleric","floor":3,"gold_loss":50},{"damage_healed":0,"gold_gain":0,"player_choice":"Ignored","damage_taken":0,"max_hp_gain":0,"max_hp_loss":0,"event_name":"Vampires","floor":19,"gold_loss":0}],"is_beta":false,"boss_relics":[{"not_picked":["ReplayTheSpireMod:DimensionalGlitch","Inserter"],"picked":"Snecko Eye"}],"items_purged_floors":[5],"is_endless":false,"potions_floor_spawned":[10,12,16,18,25],"killed_by":"Slavers","ascension_level":11}}