{"host":"hd496gdorkfoob6n","time":1608735154,"event":{"mods":["2.2 Compatiblity","BaseMod","Colored Map","Downfall","Minty Spire (QoL Compilation)","StSLib"],"gold_per_floor":[99,109,109,119,135,152,452,480,480,254,254,288,438,438,450,450,450,450],"floor_reached":16,"playtime":1630,"items_purged":["champ:Defend"],"score":110,"play_id":"2a1ce060-8e59-4359-ba65-78ac878a1bb8","local_time":"20201223095234","is_ascension_mode":false,"campfire_choices":[{"data":"champ:Taunt","floor":1,"key":"SMITH"},{"floor":9,"key":"REST"}],"circlet_count":0,"master_deck":["champ:Strike","champ:Strike","champ:Strike","champ:Defend","champ:Defend","champ:Defend","champ:Execute","champ:Taunt+1","champ:AdrenalArmor","champ:Backstep","champ:GladiatorsShout","champ:FanOfKnives","champ:Backstep","champ:BladeFlurry","champ:RecklessLeap","champ:BerserkersShout","champ:CheapShot","Slimebound:Icky"],"relics":["champ:ChampionCrown","Old Coin","champ:GladiatorsBookOfMartialProwess","Blood Vial"],"acts_visited":["Exordium"],"potions_floor_usage":[8],"damage_taken":[{"damage":5,"enemies":"2 Louse","floor":2,"turns":3},{"damage":7,"enemies":"Small Slimes","floor":4,"turns":3},{"damage":24,"enemies":"Jaw Worm","floor":5,"turns":8},{"damage":24,"enemies":"3 Louse","floor":6,"turns":7},{"damage":63,"enemies":"Lagavulin","floor":8,"turns":7},{"damage":16,"enemies":"downfall:FleeingMerchant","floor":10,"turns":4},{"damage":46,"enemies":"3 Sentries","floor":12,"turns":5},{"damage":11,"enemies":"Blue Slaver","floor":15,"turns":6},{"damage":126,"enemies":"downfall:Defect","floor":16,"turns":9}],"seed_played":"2884710095432034737","potions_obtained":[{"floor":2,"key":"Explosive Potion"},{"floor":5,"key":"champ:OpenerPotion"},{"floor":8,"key":"Ancient Potion"},{"floor":15,"key":"DuplicationPotion"}],"is_trial":false,"path_per_floor":["R","M","?","M","M","M","T","E","R","$","?","E","?","?","M","B"],"character_chosen":"THE_CHAMP","items_purchased":["champ:RecklessLeap","champ:BerserkersShout"],"campfire_rested":1,"item_purchase_floors":[10,10],"current_hp_per_floor":[99,99,99,99,98,93,93,61,90,90,90,77,77,77,76,0,0,0],"gold":450,"neow_bonus":"TEN_PERCENT_HP_BONUS","is_daily":false,"chose_seed":false,"campfire_upgraded":1,"win_rate":0.0,"timestamp":1608735154,"path_taken":["R","M","?","M","M","M","T","E","R","$","?","E","?","?","M","BOSS"],"items_purchased_type":["Card","Card"],"build_version":"2020-12-13","purchased_purges":1,"victory":false,"max_hp_per_floor":[99,99,99,99,99,99,99,99,99,99,99,99,99,99,99,99,99,99],"card_choices":[{"not_picked":["champ:HeartStrike","champ:CrookedStrike"],"picked":"champ:AdrenalArmor","floor":2},{"not_picked":["champ:DefensiveShout","champ:BerserkersShout"],"picked":"champ:Backstep","floor":4},{"not_picked":["champ:FlashCut","champ:StanceDance"],"picked":"champ:GladiatorsShout","floor":5},{"not_picked":["champ:StanceDance","champ:FaceSlap"],"picked":"champ:FanOfKnives","floor":6},{"not_picked":["champ:Balance","champ:GladiatorsShout"],"picked":"champ:Backstep","floor":8},{"not_picked":["champ:ViciousMockery","champ:Haymaker"],"picked":"champ:BladeFlurry","floor":10},{"not_picked":["champ:GutPunch","champ:ShieldWall"],"picked":"champ:CheapShot","floor":12},{"not_picked":["champ:FlashCut","champ:Riposte","champ:DefensiveShout"],"picked":"SKIP","floor":15}],"player_experience":58188,"relics_obtained":[{"floor":7,"key":"Old Coin"},{"floor":8,"key":"champ:GladiatorsBookOfMartialProwess"},{"floor":12,"key":"Blood Vial"}],"event_choices":[{"cards_removed":["champ:Strike"],"damage_healed":0,"gold_gain":0,"player_choice":"Card Removal","damage_taken":0,"max_hp_gain":0,"max_hp_loss":0,"event_name":"The Cleric","floor":11,"gold_loss":0}],"is_beta":false,"boss_relics":[],"items_purged_floors":[10],"is_endless":false,"potions_floor_spawned":[2,5,8,15],"killed_by":"downfall:Defect","ascension_level":0}}