{"host":"8u7tvcybuv0u72fd","time":1608702855,"event":{"mods":["BaseMod","BetterRewards","Colored Map","Colored Powertips","Minty Spire (QoL Compilation)","Quick Restart","Shop Mod"],"gold_per_floor":[110,110,125,125,140,140,155,184,184,184,200,200,43,68,68,170,170,190,190,201,212,212,212,246,246,246,261,186,186,186,203,203,306,306,325,325,107,120,134,134,134,0,82,82,95,115,115,125,125,125,125,125,25,51,51,51],"floor_reached":55,"playtime":2903,"items_purged":["Strike_R","Doubt"],"score":912,"play_id":"9e914463-8337-4d9f-bd83-868294df04bf","local_time":"20201223005415","is_ascension_mode":false,"campfire_choices":[{"data":"Bash","floor":6.0,"key":"SMITH"},{"data":"Shrug It Off","floor":10.0,"key":"SMITH"},{"data":"Body Slam","floor":12.0,"key":"SMITH"},{"data":"Inflame","floor":15.0,"key":"SMITH"},{"data":"Barricade","floor":23.0,"key":"SMITH"},{"data":"Pummel","floor":25.0,"key":"SMITH"},{"data":"Flex","floor":29.0,"key":"SMITH"},{"floor":32.0,"key":"RECALL"},{"data":"Entrench","floor":40.0,"key":"SMITH"},{"data":"Exhume","floor":41.0,"key":"SMITH"},{"data":"Madness","floor":44.0,"key":"SMITH"},{"data":"Madness","floor":49.0,"key":"SMITH"},{"floor":52.0,"key":"REST"}],"circlet_count":0,"master_deck":["Strike_R+1","Strike_R+1","Defend_R+1","Defend_R+1","Defend_R+1","Defend_R+1","Bash+1","Shrug It Off+1","Inflame+1","Pummel+1","Body Slam+1","Iron Wave+1","Barricade+1","Rampage+1","Headbutt+1","Flex+1","Exhume+1","Dropkick+1","Madness+1","Madness+1","Entrench+1","Pommel Strike+1","Heavy Blade+1"],"relics":["Burning Blood","WingedGreaves","Sling","Paper Frog","Vajra","Odd Mushroom","Akabeko","Lee\u0027s Waffle","Molten Egg 2","Runic Cube","Pantograph","Letter Opener","Ornamental Fan","Cursed Key","Potion Belt","Red Mask","Happy Flower"],"acts_visited":["Exordium","TheCity","TheBeyond","TheEnding"],"potions_floor_usage":[55,55,55],"damage_taken":[{"damage":2.0,"enemies":"2 Louse","floor":1.0,"turns":3.0},{"damage":1.0,"enemies":"Cultist","floor":3.0,"turns":3.0},{"damage":1.0,"enemies":"Jaw Worm","floor":5.0,"turns":4.0},{"damage":6.0,"enemies":"Red Slaver","floor":7.0,"turns":3.0},{"damage":7.0,"enemies":"The Mushroom Lair","floor":8.0,"turns":5.0},{"damage":0.0,"enemies":"Exordium Thugs","floor":11.0,"turns":2.0},{"damage":13.0,"enemies":"3 Sentries","floor":14.0,"turns":6.0},{"damage":44.0,"enemies":"Slime Boss","floor":16.0,"turns":13.0},{"damage":6.0,"enemies":"3 Byrds","floor":18.0,"turns":7.0},{"damage":3.0,"enemies":"Shell Parasite","floor":20.0,"turns":2.0},{"damage":7.0,"enemies":"Snecko","floor":21.0,"turns":5.0},{"damage":20.0,"enemies":"Book of Stabbing","floor":24.0,"turns":4.0},{"damage":16.0,"enemies":"Snake Plant","floor":27.0,"turns":3.0},{"damage":12.0,"enemies":"Centurion and Healer","floor":31.0,"turns":4.0},{"damage":0.0,"enemies":"Automaton","floor":33.0,"turns":9.0},{"damage":18.0,"enemies":"3 Darklings","floor":35.0,"turns":4.0},{"damage":0.0,"enemies":"Orb Walker","floor":38.0,"turns":3.0},{"damage":12.0,"enemies":"3 Darklings","floor":39.0,"turns":6.0},{"damage":0.0,"enemies":"Sphere and 2 Shapes","floor":45.0,"turns":5.0},{"damage":24.0,"enemies":"Spire Growth","floor":46.0,"turns":4.0},{"damage":6.0,"enemies":"Writhing Mass","floor":48.0,"turns":6.0},{"damage":34.0,"enemies":"Time Eater","floor":50.0,"turns":15.0},{"damage":49.0,"enemies":"Shield and Spear","floor":54.0,"turns":4.0},{"damage":74,"enemies":"The Heart","floor":55,"turns":9}],"seed_played":"-5611284950592369663","potions_obtained":[{"floor":3.0,"key":"SteroidPotion"},{"floor":5.0,"key":"Dexterity Potion"},{"floor":14.0,"key":"EntropicBrew"},{"floor":27.0,"key":"SteroidPotion"},{"floor":31.0,"key":"Energy Potion"},{"floor":33.0,"key":"Ancient Potion"},{"floor":38.0,"key":"DuplicationPotion"},{"floor":48.0,"key":"Strength Potion"}],"is_trial":false,"path_per_floor":["M","?","M","$","M","R","M","?","T","R","M","R","$","E","R","B",null,"M","?","M","M","?","R","E","R","T","M","?","R","T","M","R","B",null,"M","?","$","M","M","R","R","?","T","R","M","M","?","M","R","B",null,"R","$","E","B"],"character_chosen":"IRONCLAD","items_purchased":["Shrug It Off","WingedGreaves","Sling","Paper Frog","Vajra","Dexterity Potion","Lee\u0027s Waffle","Potion Belt","Entrench"],"campfire_rested":1,"item_purchase_floors":[0,0,0,0,0,0,13,37,37],"current_hp_per_floor":[52,52,57,57,62,62,62,61,61,61,67,67,87,80,80,42,87,87,87,87,86,86,86,72,72,72,62,62,62,62,56,56,87,87,75,64,64,70,64,64,64,64,64,64,70,52,52,52,52,49,87,87,87,44,0,0],"gold":51,"neow_bonus":"","is_daily":false,"chose_seed":false,"campfire_upgraded":11,"win_rate":0.0,"timestamp":1608702855,"path_taken":["M","?","M","?","M","R","M","?","T","R","?","R","?","E","R","BOSS","M","?","M","M","?","R","E","R","T","M","?","R","?","M","R","BOSS","M","?","$","M","M","R","R","?","T","R","M","M","?","M","R","BOSS","R","$","E","BOSS"],"items_purchased_type":["Card","Relic","Relic","Relic","Relic","Potion","Relic","Relic","Card"],"build_version":"2020-12-13","purchased_purges":2,"victory":false,"max_hp_per_floor":[80,80,80,80,80,80,80,80,80,80,80,80,87,87,87,87,87,87,87,87,87,87,87,87,87,87,87,87,87,87,87,87,87,87,87,87,87,87,87,87,87,87,87,87,87,87,87,87,87,87,87,87,87,87,87,87],"card_choices":[{"not_picked":["Sentinel","Shrug It Off","Searing Blow"],"picked":"SKIP","floor":1.0},{"not_picked":["Warcry","Metallicize"],"picked":"Inflame","floor":3.0},{"not_picked":["Evolve","Sword Boomerang","Havoc"],"picked":"SKIP","floor":5.0},{"not_picked":["Anger","Warcry"],"picked":"Pummel","floor":7.0},{"not_picked":["Fiend Fire","Dropkick"],"picked":"Body Slam","floor":11.0},{"not_picked":["Pommel Strike+1","Warcry"],"picked":"Iron Wave+1","floor":14.0},{"not_picked":["Berserk","Juggernaut"],"picked":"Barricade","floor":16.0},{"not_picked":["Havoc","Rage","Cleave+1"],"picked":"SKIP","floor":18.0},{"not_picked":["Evolve","Clash+1"],"picked":"Rampage+1","floor":20.0},{"not_picked":["Dark Embrace","Disarm"],"picked":"Headbutt+1","floor":21.0},{"not_picked":["Flex","Pummel+1","Shrug It Off"],"picked":"SKIP","floor":24.0},{"not_picked":["Flex","Pummel+1","Shrug It Off"],"picked":"SKIP","floor":24.0},{"not_picked":["Pummel+1","Shrug It Off"],"picked":"Flex","floor":24.0},{"not_picked":["Shockwave+1","Evolve","Body Slam+1"],"picked":"SKIP","floor":27.0},{"not_picked":["Burning Pact","Perfected Strike+1","Shockwave"],"picked":"SKIP","floor":31.0},{"not_picked":["Immolate+1","Juggernaut"],"picked":"Exhume","floor":33.0},{"not_picked":["Warcry","Rupture"],"picked":"Dropkick+1","floor":35.0},{"not_picked":["Clothesline+1","Wild Strike+1","Perfected Strike+1"],"picked":"SKIP","floor":38.0},{"not_picked":["True Grit","Thunderclap+1","Havoc"],"picked":"SKIP","floor":39.0},{"not_picked":["Dropkick+1","Iron Wave+1","Combust"],"picked":"SKIP","floor":45.0},{"not_picked":["Juggernaut","Clash+1","Armaments+1"],"picked":"SKIP","floor":46.0},{"not_picked":["Anger+1","Clash+1"],"picked":"Pommel Strike+1","floor":48.0},{"not_picked":["Seeing Red+1","Sever Soul+1"],"picked":"Heavy Blade+1","floor":54.0}],"player_experience":1202483,"relics_obtained":[{"floor":8.0,"key":"Odd Mushroom"},{"floor":9.0,"key":"Akabeko"},{"floor":14.0,"key":"Molten Egg 2"},{"floor":24.0,"key":"Pantograph"},{"floor":26.0,"key":"Letter Opener"},{"floor":30.0,"key":"Ornamental Fan"},{"floor":54.0,"key":"Happy Flower"}],"event_choices":[{"cards_removed":["Strike_R"],"damage_healed":0.0,"max_hp_gain":0.0,"max_hp_loss":0.0,"gold_gain":0.0,"event_name":"Purifier","player_choice":"Purged","floor":2.0,"gold_loss":0.0,"damage_taken":0.0},{"damage_healed":0.0,"max_hp_gain":0.0,"max_hp_loss":0.0,"gold_gain":0.0,"event_name":"Mushrooms","player_choice":"Fought Mushrooms","floor":8.0,"gold_loss":0.0,"damage_taken":0.0},{"damage_healed":0.0,"max_hp_gain":0.0,"max_hp_loss":0.0,"gold_gain":0.0,"event_name":"Back to Basics","player_choice":"Simplicity","floor":19.0,"gold_loss":0.0,"damage_taken":0.0,"cards_upgraded":["Strike_R","Strike_R","Strike_R","Defend_R","Defend_R","Defend_R","Defend_R"]},{"damage_healed":0.0,"max_hp_gain":0.0,"max_hp_loss":0.0,"gold_gain":0.0,"event_name":"Vampires","player_choice":"Ignored","floor":22.0,"gold_loss":0.0,"damage_taken":0.0},{"cards_removed":["Strike_R"],"damage_healed":0.0,"max_hp_gain":0.0,"max_hp_loss":0.0,"gold_gain":0.0,"event_name":"Beggar","player_choice":"Gave Gold","floor":28.0,"gold_loss":75.0,"damage_taken":0.0},{"damage_healed":0.0,"max_hp_gain":0.0,"max_hp_loss":0.0,"gold_gain":0.0,"event_name":"Winding Halls","player_choice":"Embrace Madness","floor":36.0,"gold_loss":0.0,"damage_taken":11.0,"cards_obtained":["Madness","Madness"]},{"damage_healed":0.0,"max_hp_gain":0.0,"max_hp_loss":0.0,"gold_gain":0.0,"event_name":"Tomb of Lord Red Mask","player_choice":"Paid","floor":42.0,"gold_loss":134.0,"damage_taken":0.0,"relics_obtained":["Red Mask"]},{"damage_healed":0.0,"max_hp_gain":0.0,"max_hp_loss":0.0,"gold_gain":0.0,"event_name":"Mysterious Sphere","player_choice":"Ignored","floor":47.0,"gold_loss":0.0,"damage_taken":0.0}],"is_beta":false,"boss_relics":[{"not_picked":["Ectoplasm","Runic Pyramid"],"picked":"Runic Cube"},{"not_picked":["Tiny House","SacredBark"],"picked":"Cursed Key"}],"items_purged_floors":[0,53],"is_endless":false,"potions_floor_spawned":[3,5,14,27,31,33,38,48],"killed_by":"The Heart","ascension_level":0}}