{"host":"6ko66ogg91i6g7xq","time":1608721566,"event":{"mods":["AchievementEnabler","Act Like it!","BaseMod","Colored Map","Colored Powertips","Downfall","Hermit","Minty Spire (QoL Compilation)","Quick Restart","Relic Stats","StSLib","The Jungle","everything is the same but u backflip on backflip"],"gold_per_floor":[113,113,113,34,46,79,95,95,95,95,95,121,53,79,79,181,181,193,193,121,121,121,121,121,121,148,202,212,212,239,254,254,349,349,366,376,376,376,301,334,334,334,334,349,361,361,393,250,250,250,250],"floor_reached":50,"playtime":1922,"items_purged":["Writhe"],"score":604,"play_id":"d4d2e9d1-0c85-44e6-b88a-c2ab476fdec6","local_time":"20201223060606","is_ascension_mode":true,"campfire_choices":[{"floor":11,"key":"REST"},{"floor":15,"key":"REST"},{"floor":23,"key":"RECALL"},{"floor":29,"key":"REST"},{"floor":32,"key":"REST"},{"data":"Envenom","floor":41,"key":"SMITH"},{"floor":46,"key":"REST"},{"floor":49,"key":"REST"}],"circlet_count":0,"master_deck":["Strike_G+1","Strike_G+1","Strike_G+1","Defend_G+1","Defend_G+1","Defend_G+1","Defend_G+1","Survivor","Neutralize+1","Dodge and Roll","Die Die Die+1","Deflect","Backflip","Die Die Die+1","Phantasmal Killer","Noxious Fumes","Bane+1","Dagger Throw+1","Venomology+1","Dagger Spray+1","Terror","Die Die Die+1","Necronomicurse","Dagger Spray+1","A Thousand Cuts","Underhanded Strike+1","Envenom+1","CurseOfTheBell","Riddle With Holes+1","Leg Sweep+1","Riddle With Holes+1","Skewer+1","Noxious Fumes+1","Leg Sweep+1"],"relics":["Ring of the Snake","NeowsBlessing","Molten Egg 2","Orichalcum","Singing Bowl","Bottled Flame","Torii","Astrolabe","Necronomicon","Boot","Nunchaku","Meat on the Bone","Calling Bell","MealTicket","Question Card","Prayer Wheel","Art of War","Bottled Tornado","Regal Pillow","HandDrill"],"acts_visited":["Exordium","TheCity","TheBeyond"],"potions_floor_usage":[12,16,25,25,30,30,33,33,33,36,40,40,45,50,50],"damage_taken":[{"damage":0,"enemies":"Jaw Worm","floor":1,"turns":1},{"damage":0,"enemies":"Small Slimes","floor":5,"turns":1},{"damage":0,"enemies":"3 Sentries","floor":6,"turns":1},{"damage":0,"enemies":"Cultist","floor":7,"turns":4},{"damage":8,"enemies":"Gremlin Nob","floor":12,"turns":3},{"damage":18,"enemies":"Lagavulin","floor":14,"turns":7},{"damage":15,"enemies":"The Guardian","floor":16,"turns":13},{"damage":2,"enemies":"Shell Parasite","floor":18,"turns":6},{"damage":14,"enemies":"Slavers","floor":25,"turns":2},{"damage":11,"enemies":"2 Thieves","floor":28,"turns":3},{"damage":10,"enemies":"Book of Stabbing","floor":30,"turns":5},{"damage":0,"enemies":"Snecko","floor":31,"turns":3},{"damage":53,"enemies":"Champ","floor":33,"turns":7},{"damage":40,"enemies":"Orb Walker","floor":35,"turns":6},{"damage":21,"enemies":"3 Shapes","floor":36,"turns":4},{"damage":21,"enemies":"Nemesis","floor":40,"turns":3},{"damage":12,"enemies":"Maw","floor":44,"turns":4},{"damage":20,"enemies":"4 Shapes","floor":45,"turns":13},{"damage":45,"enemies":"Reptomancer","floor":47,"turns":4},{"damage":80,"enemies":"Awakened One","floor":50,"turns":7}],"seed_played":"7950907119942401117","potions_obtained":[{"floor":5,"key":"sneckomod:MuddlingPotion"},{"floor":7,"key":"SteroidPotion"},{"floor":14,"key":"FearPotion"},{"floor":30,"key":"Swift Potion"},{"floor":31,"key":"Poison Potion"},{"floor":35,"key":"BlessingOfTheForge"},{"floor":40,"key":"Weak Potion"}],"is_trial":false,"path_per_floor":["M","?","?","$","M","E","M","T","T","$","R","E","$","E","R","B",null,"M","?","$","?","?","R","?","E","T","T","M","R","E","M","R","B",null,"M","M","?","?","$","E","R","?","T","M","M","R","E","$","R","B"],"character_chosen":"THE_SILENT","items_purchased":["Die Die Die+1","Noxious Fumes","Die Die Die+1","HandDrill"],"campfire_rested":6,"item_purchase_floors":[4,13,20,48],"current_hp_per_floor":[70,45,45,45,45,45,45,45,45,45,66,58,58,42,63,48,72,70,70,70,54,54,54,54,40,40,40,29,50,40,40,61,20,72,44,37,56,56,71,52,52,52,52,42,34,57,26,41,80,0,0],"gold":250,"neow_bonus":"THREE_ENEMY_KILL","is_daily":false,"chose_seed":false,"campfire_upgraded":1,"win_rate":0.0,"timestamp":1608721566,"path_taken":["M","?","?","$","M","E","?","?","T","$","R","E","?","E","R","BOSS","M","?","$","?","?","R","?","E","T","?","M","R","E","M","R","BOSS","M","M","?","?","$","E","R","?","T","M","M","R","E","$","R","BOSS"],"items_purchased_type":["Card","Card","Card","Relic"],"build_version":"2020-12-22","purchased_purges":1,"victory":false,"max_hp_per_floor":[70,70,70,70,70,70,70,70,70,70,70,70,70,72,72,72,72,72,72,72,72,72,72,72,72,72,72,72,72,72,72,72,72,72,72,74,74,74,74,76,76,76,76,78,78,78,80,80,80,80,80],"relic_stats":{"Regal Pillow":15,"Singing Bowl":10,"Torii":40,"counters":[20,97],"Astrolabe":["Bane","Dagger Throw","Venomology"],"Orichalcum":[204],"Boot":[40],"Question Card":10,"Nunchaku":[9],"MealTicket":30,"Prayer Wheel":4,"Necronomicon":[15],"Art of War":[12],"HandDrill":[0],"obtain_stats":[{"Regal Pillow":47,"NeowsBlessing":0,"Singing Bowl":8,"Torii":14,"Astrolabe":17,"Orichalcum":6,"Bottled Tornado":43,"Boot":26,"Question Card":34,"Calling Bell":34,"Bottled Flame":12,"Nunchaku":27,"Molten Egg 2":2,"MealTicket":34,"Prayer Wheel":34,"Necronomicon":21,"Art of War":40,"HandDrill":48,"Ring of the Snake":0,"Meat on the Bone":30},{"Regal Pillow":19,"NeowsBlessing":0,"Singing Bowl":4,"Torii":6,"Astrolabe":7,"Orichalcum":3,"Bottled Tornado":16,"Boot":9,"Question Card":13,"Calling Bell":13,"Bottled Flame":5,"Nunchaku":9,"Molten Egg 2":1,"MealTicket":13,"Prayer Wheel":13,"Necronomicon":8,"Art of War":16,"HandDrill":19,"Ring of the Snake":0,"Meat on the Bone":11},{"Regal Pillow":90,"NeowsBlessing":0,"Singing Bowl":7,"Torii":17,"Astrolabe":30,"Orichalcum":3,"Bottled Tornado":69,"Boot":38,"Question Card":56,"Calling Bell":56,"Bottled Flame":10,"Nunchaku":38,"Molten Egg 2":1,"MealTicket":56,"Prayer Wheel":56,"Necronomicon":36,"Art of War":69,"HandDrill":90,"Ring of the Snake":0,"Meat on the Bone":46}],"Ring of the Snake":[40],"Meat on the Bone":60},"card_choices":[{"not_picked":["Backflip","Riddle With Holes"],"picked":"Dodge and Roll","floor":1},{"not_picked":["Catalyst","Prepared"],"picked":"Deflect","floor":5},{"not_picked":["Deadly Poison","Bane+1"],"picked":"Backflip","floor":6},{"not_picked":["Backflip","Deflect"],"picked":"Die Die Die+1","floor":7},{"not_picked":["Heel Hook+1","Cloak And Dagger"],"picked":"Phantasmal Killer","floor":12},{"not_picked":["Heel Hook+1","Footwork","Backflip"],"picked":"Singing Bowl","floor":14},{"not_picked":["After Image","Grand Finale+1"],"picked":"Envenom","floor":16},{"not_picked":["Deadly Poison","Outmaneuver+1"],"picked":"Dagger Spray+1","floor":18},{"not_picked":["Deadly Poison","Escape Plan"],"picked":"Dagger Spray+1","floor":28},{"not_picked":["Bane+1","Escape Plan"],"picked":"A Thousand Cuts","floor":30},{"not_picked":["Flechettes+1","Dagger Spray+1"],"picked":"Underhanded Strike+1","floor":31},{"not_picked":["Tools of the Trade","Burst"],"picked":"Envenom","floor":33},{"not_picked":["Poisoned Stab+1","Blur","Escape Plan"],"picked":"Riddle With Holes+1","floor":35},{"not_picked":["Outmaneuver+1","Dagger Throw+1","Backflip+1"],"picked":"Leg Sweep+1","floor":35},{"not_picked":["Deflect","Flechettes+1","Cloak And Dagger"],"picked":"Riddle With Holes+1","floor":36},{"not_picked":["Footwork","Die Die Die+1","Setup","Bouncing Flask+1"],"picked":"Singing Bowl","floor":36},{"not_picked":["Caltrops+1","Underhanded Strike+1","Well Laid Plans","Slice+1"],"picked":"Singing Bowl","floor":40},{"not_picked":["Cloak And Dagger","Terror","Setup","Prepared"],"picked":"Singing Bowl","floor":44},{"not_picked":["Sucker Punch+1","Underhanded Strike+1","Calculated Gamble"],"picked":"Skewer+1","floor":44},{"not_picked":["Deflect+1","Poisoned Stab+1","Slice+1"],"picked":"Noxious Fumes+1","floor":45},{"not_picked":["Sucker Punch+1","Footwork+1","Storm of Steel"],"picked":"Leg Sweep+1","floor":45},{"not_picked":["Bouncing Flask","Dagger Throw+1","Deadly Poison","Underhanded Strike+1"],"picked":"Singing Bowl","floor":47}],"player_experience":249276,"relics_obtained":[{"floor":6,"key":"Orichalcum"},{"floor":8,"key":"Singing Bowl"},{"floor":12,"key":"Bottled Flame"},{"floor":14,"key":"Torii"},{"floor":21,"key":"Necronomicon"},{"floor":26,"key":"Boot"},{"floor":27,"key":"Nunchaku"},{"floor":30,"key":"Meat on the Bone"},{"floor":34,"key":"MealTicket"},{"floor":34,"key":"Question Card"},{"floor":34,"key":"Prayer Wheel"},{"floor":40,"key":"Art of War"},{"floor":43,"key":"Bottled Tornado"},{"floor":47,"key":"Regal Pillow"}],"event_choices":[{"damage_healed":0,"gold_gain":0,"player_choice":"Success","damage_taken":25,"relics_obtained":["Molten Egg 2"],"max_hp_gain":0,"max_hp_loss":0,"event_name":"Scrap Ooze","floor":2,"gold_loss":0},{"damage_healed":0,"gold_gain":0,"player_choice":"Upgraded","damage_taken":0,"max_hp_gain":0,"max_hp_loss":0,"event_name":"Upgrade Shrine","floor":3,"gold_loss":0,"cards_upgraded":["Neutralize"]},{"damage_healed":0,"gold_gain":0,"player_choice":"Read","damage_taken":0,"max_hp_gain":0,"max_hp_loss":0,"event_name":"The Library","floor":19,"gold_loss":0,"cards_obtained":["Terror"]},{"damage_healed":0,"gold_gain":0,"player_choice":"Obtained Book","damage_taken":16,"max_hp_gain":0,"max_hp_loss":0,"event_name":"Cursed Tome","floor":21,"gold_loss":0},{"damage_healed":0,"gold_gain":0,"player_choice":"Simplicity","damage_taken":0,"max_hp_gain":0,"max_hp_loss":0,"event_name":"Back to Basics","floor":22,"gold_loss":0,"cards_upgraded":["Strike_G","Strike_G","Strike_G","Defend_G","Defend_G","Defend_G","Defend_G"]},{"damage_healed":19,"gold_gain":0,"player_choice":"Writhe","damage_taken":0,"max_hp_gain":0,"max_hp_loss":0,"event_name":"Winding Halls","floor":37,"gold_loss":0,"cards_obtained":["Writhe"]},{"damage_healed":0,"gold_gain":0,"player_choice":"Ignored","damage_taken":0,"max_hp_gain":0,"max_hp_loss":0,"event_name":"Tomb of Lord Red Mask","floor":38,"gold_loss":0},{"cards_removed":["Envenom"],"damage_healed":0,"gold_gain":0,"player_choice":"Removed Power","damage_taken":0,"max_hp_gain":0,"max_hp_loss":0,"event_name":"Falling","floor":42,"gold_loss":0}],"is_beta":false,"boss_relics":[{"not_picked":["Tiny House","Sozu"],"picked":"Astrolabe"},{"not_picked":["Fusion Hammer","Ring of the Serpent"],"picked":"Calling Bell"}],"items_purged_floors":[39],"is_endless":false,"potions_floor_spawned":[5,7,14,30,31,35,40],"killed_by":"Awakened One","ascension_level":1}}