{"host":"w6ebodudjlk2jwu4","time":1608683927,"event":{"mods":["Act Like it!","Bard","BaseMod","Beaked The Cultist","Colored Map","Downfall","Glutton Mod","Hermit","Highlight Path","Infinite Spire","Jorbs\u0027s Wanderer Trilogy","Koishi","Mad Scientist","Marisa????????","Minty Spire (QoL Compilation)","Relic Stats","Replay The Spire","StSLib","The Administrix","The Blue Laboratory","The Bug Knight","The Construct","The Cursed","The Marked","The Mystic","The Servant 0.9.4","The Witch","Wandering Minibosses"],"gold_per_floor":[99,115,129,129,142,154,154,8,21,21,38,38,63,79,98,202,202,202,216,216,236,251,18,18,18,34,45,64,64,92,92,110,212,212,212,232,245,298,6,6,57,74,84,84,84,96,123,48,98,129,148,148],"floor_reached":53,"playtime":7293,"items_purged":["Slimebound:Strike_Slimebound","Slimebound:Strike_Slimebound","infinitespire:Oblivion"],"score":797,"play_id":"c2d484e9-4734-4719-8117-e767a952d4db","local_time":"20201222163847","is_ascension_mode":false,"campfire_choices":[{"data":"Slimebound:CorrosiveSpit","floor":1.0,"key":"SMITH"},{"data":"Slimebound:SlimeSpikes","floor":10.0,"key":"SMITH"},{"data":"Slimebound:ProtectTheBoss","floor":18.0,"key":"SMITH"},{"data":"Slimebound:Teamwork","floor":25.0,"key":"SMITH"},{"data":"Slimebound:Prepare","floor":29.0,"key":"SMITH"},{"data":"Slimebound:SamplingLick","floor":35,"key":"SMITH"},{"data":"ReplayTheSpireMod:Chaos Vortex","floor":48,"key":"SMITH"}],"circlet_count":0,"master_deck":["Slimebound:Tackle","Slimebound:Defend_Slimebound","Slimebound:Defend_Slimebound","Slimebound:Defend_Slimebound","Slimebound:Split+1","Slimebound:CorrosiveSpit+1","Slimebound:RejuvenatingLick+1","Slimebound:SplitMire","Slimebound:SlimeSpikes+1","Slimebound:Teamwork+1","Slimebound:GoopSpray","Replay:SS_fish_2","Slimebound:LeechEnergy","Slimebound:LeechEnergy","Slimebound:GrowthPunch","Slimebound:SamplingLick+1","Slimebound:ProtectTheBoss+1","Slimebound:LivingWall","Slimebound:RallyTheTroops","Slimebound:ItLooksTasty","Slimebound:Prepare+1","Slimebound:DisruptingSlam","Slimebound:RollThrough","Slimebound:ComboTackle","Slimebound:ForwardTackle","Slimebound:LivingWall+1","Slimebound:SpikyOuterGoop+1","ReplayTheSpireMod:Chaos Vortex+1","Slimebound:SlimeSpikes","Slimebound:Overexert","Slimebound:SplitBruiser","Slimebound:LeechingTouch","Secret Technique","Slimebound:LeechLife","Slimebound:SplitLeeching","Slimebound:GoopTackle","infinitespire:DeathsTouch","Slimebound:Chomp","Slimebound:MegaLick+1","Slimebound:RainOfGoop+1","Slimebound:SplitBruiser"],"relics":["Slimebound:AbsorbEndCombat","infinitespire:FocusingShard","Shuriken","Empty Cage","Slimebound:SelfDamagePreventRelic","Replay:Bottled Snecko","Bottled Lightning","Incense Burner","construct:WeddingRing","Lantern","infinitespire:Satchel","PreservedInsect","downfall:HeartBlessingGreen","Pondfish Scales","Mango"],"acts_visited":["Exordium","TheCity","TheBeyond"],"potions_floor_usage":[47],"damage_taken":[{"damage":9.0,"enemies":"Small Slimes","floor":2.0,"turns":3.0},{"damage":29.0,"enemies":"infinitespire:Voidling","floor":3.0,"turns":5.0},{"damage":4.0,"enemies":"2 Louse","floor":5.0,"turns":2.0},{"damage":22.0,"enemies":"Exordium Wildlife","floor":6.0,"turns":5.0},{"damage":13.0,"enemies":"downfall:FleeingMerchant","floor":8.0,"turns":4.0},{"damage":8.0,"enemies":"2 Fungi Beasts","floor":9.0,"turns":2.0},{"damage":17.0,"enemies":"Blue Slaver","floor":11.0,"turns":3.0},{"damage":19.0,"enemies":"Lagavulin","floor":13.0,"turns":6.0},{"damage":18.0,"enemies":"Gremlin Gang","floor":14.0,"turns":4.0},{"damage":16.0,"enemies":"3 Louse","floor":15.0,"turns":3.0},{"damage":24.0,"enemies":"downfall:Watcher","floor":16.0,"turns":16.0},{"damage":71.0,"enemies":"3 Byrds","floor":19.0,"turns":5.0},{"damage":13.0,"enemies":"Chosen","floor":21.0,"turns":4.0},{"damage":27.0,"enemies":"Snake Plant","floor":22.0,"turns":4.0},{"damage":12.0,"enemies":"downfall:FleeingMerchant","floor":23.0,"turns":4.0},{"damage":25.0,"enemies":"Shelled Parasite and Fungi","floor":26.0,"turns":7.0},{"damage":14.0,"enemies":"3 Cultists","floor":27.0,"turns":5.0},{"damage":32.0,"enemies":"Snake Plant","floor":28.0,"turns":5.0},{"damage":48.0,"enemies":"Slavers","floor":30.0,"turns":8.0},{"damage":8.0,"enemies":"Chosen and Byrds","floor":32.0,"turns":6.0},{"damage":44.0,"enemies":"downfall:Ironclad","floor":33.0,"turns":11.0},{"damage":23,"enemies":"3 Darklings","floor":36,"turns":9},{"damage":4,"enemies":"3 Shapes","floor":37,"turns":5},{"damage":8,"enemies":"downfall:FleeingMerchant","floor":39,"turns":4},{"damage":16,"enemies":"Sphere and 2 Shapes","floor":42,"turns":5},{"damage":29,"enemies":"Transient","floor":43,"turns":5},{"damage":5,"enemies":"4 Shapes","floor":46,"turns":5},{"damage":78,"enemies":"Nightmare","floor":47,"turns":13},{"damage":3,"enemies":"2 Orb Walkers","floor":49,"turns":5},{"damage":50,"enemies":"Reptomancer","floor":50,"turns":9},{"damage":4,"enemies":"Jaw Worm Horde","floor":51,"turns":5},{"damage":57,"enemies":"downfall:Silent","floor":52,"turns":12}],"seed_played":"1668192295591820014","potions_obtained":[{"floor":2.0,"key":"Fruit Juice"},{"floor":6.0,"key":"Swift Potion"},{"floor":14.0,"key":"blueLaboratory:PhilterOfMotion"},{"floor":15.0,"key":"Block Potion"},{"floor":16.0,"key":"LiquidBronze"},{"floor":19.0,"key":"blueLaboratory:FruitPunch"},{"floor":30.0,"key":"Flashbang"},{"floor":32.0,"key":"blueLaboratory:PhilterOfMotion"},{"floor":37,"key":"BlessingOfTheForge"},{"floor":43,"key":"SpeedPotion"},{"floor":50,"key":"construct:ShiftPotion"}],"is_trial":false,"path_per_floor":["R","M","M","?","M","M","T","$","M","R","M","?","E","M","M","B",null,"R","M","?","M","M","$","T","R","M","M","M","R","E","AVR","M","B",null,"R","M","M","?","$","?","T","M","M","PTL","PTL","M","NM","R","?","E","M","B",null],"character_chosen":"SLIMEBOUND","items_purchased":["Replay:SS_fish_2","Slimebound:LeechEnergy","Slimebound:SelfDamagePreventRelic","Secret Technique"],"campfire_rested":0,"item_purchase_floors":[8,8,23,39],"current_hp_per_floor":[66,66,58,58,64,61,61,71,71,71,68,68,68,69,71,71,71,71,28,28,51,54,71,71,71,71,73,67,67,65,65,73,55,73,73,73,73,73,73,73,73,73,71,71,71,73,61,61,73,63,81,87],"gold":148,"neow_bonus":"TEN_PERCENT_HP_BONUS","is_daily":false,"chose_seed":false,"campfire_upgraded":7,"win_rate":0.0,"timestamp":1608683927,"path_taken":["R","M","M","?","M","M","T","$","M","R","?","?","E","?","M","BOSS","R","M","?","M","M","$","T","R","M","M","M","R","E","AVR","M","BOSS","R","M","M","?","$","?","T","M","M","PTL","PTL","M","NM","R","?","E","M","BOSS"],"items_purchased_type":["Card","Card","Relic","Card"],"build_version":"2020-12-13","purchased_purges":3,"victory":true,"max_hp_per_floor":[66,66,66,66,66,66,66,71,71,71,71,71,71,71,71,71,71,71,71,71,71,71,71,71,71,71,73,73,73,73,73,73,73,73,73,73,73,73,73,73,73,73,73,73,73,73,73,73,73,87,87,87],"relic_stats":{"counters":[32,185],"Shuriken":[15],"PreservedInsect":60,"obtain_stats":[{"Lantern":38,"Slimebound:SelfDamagePreventRelic":23,"construct:WeddingRing":34,"downfall:HeartBlessingGreen":48,"Mango":50,"infinitespire:FocusingShard":7,"PreservedInsect":47,"Incense Burner":31,"Empty Cage":17,"Pondfish Scales":49,"Shuriken":13,"infinitespire:Satchel":41,"Slimebound:AbsorbEndCombat":0,"Replay:Bottled Snecko":24,"Bottled Lightning":30},{"Lantern":23,"Slimebound:SelfDamagePreventRelic":15,"construct:WeddingRing":21,"downfall:HeartBlessingGreen":28,"Mango":30,"infinitespire:FocusingShard":4,"PreservedInsect":28,"Incense Burner":19,"Empty Cage":11,"Pondfish Scales":29,"Shuriken":8,"infinitespire:Satchel":24,"Slimebound:AbsorbEndCombat":0,"Replay:Bottled Snecko":15,"Bottled Lightning":19},{"Lantern":124,"Slimebound:SelfDamagePreventRelic":69,"construct:WeddingRing":111,"downfall:HeartBlessingGreen":155,"Mango":168,"infinitespire:FocusingShard":15,"PreservedInsect":155,"Incense Burner":94,"Empty Cage":53,"Pondfish Scales":159,"Shuriken":30,"infinitespire:Satchel":128,"Slimebound:AbsorbEndCombat":0,"Replay:Bottled Snecko":69,"Bottled Lightning":94}]},"card_choices":[{"not_picked":["Slimebound:SplitAcid","Slimebound:ViciousTackle"],"picked":"Slimebound:RejuvenatingLick","floor":2.0},{"not_picked":["Slimebound:SplitAcid","Slimebound:ItLooksTasty"],"picked":"Slimebound:SplitMire","floor":3.0},{"not_picked":["Slimebound:ViciousTackle","Slimebound:Equalize"],"picked":"Slimebound:SlimeSpikes","floor":5.0},{"not_picked":["Slimebound:PressTheAttack","Slimebound:ProtectTheBoss"],"picked":"Slimebound:Teamwork","floor":6.0},{"not_picked":["Slimebound:Schlurp","Slimebound:HauntingLick"],"picked":"Slimebound:GoopSpray","floor":8.0},{"not_picked":["Slimebound:SplitMire","Slimebound:HauntingLick"],"picked":"Slimebound:LeechEnergy","floor":9.0},{"not_picked":["Slimebound:ComboTackle","Slimebound:LeechEnergy"],"picked":"Slimebound:GrowthPunch","floor":11.0},{"not_picked":["Slimebound:PrepareCrush","Slimebound:FinishingTackle"],"picked":"Slimebound:SamplingLick","floor":13.0},{"not_picked":["Slimebound:HauntingLick","Slimebound:SlimeBarrage"],"picked":"Slimebound:ProtectTheBoss","floor":14.0},{"not_picked":["Slimebound:SplitMire","Slimebound:ItLooksTasty"],"picked":"Slimebound:LivingWall","floor":15.0},{"not_picked":["Slimebound:OneTwoCombo","Slimebound:SelfFormingGoo"],"picked":"Slimebound:RallyTheTroops","floor":16.0},{"not_picked":["Slimebound:Nibble","Slimebound:Schlurp"],"picked":"Slimebound:ItLooksTasty","floor":19.0},{"not_picked":["Slimebound:SplitMire","Slimebound:FlameTackle+1"],"picked":"Slimebound:Prepare","floor":21.0},{"not_picked":["Slimebound:FinishingTackle","Slimebound:SplitAcid"],"picked":"Slimebound:DisruptingSlam","floor":22.0},{"not_picked":["Slimebound:Replication","Slimebound:FinishingTackle+1"],"picked":"Slimebound:RollThrough","floor":23.0},{"not_picked":["Slimebound:AcidTongue","Slimebound:Schlurp"],"picked":"Slimebound:ComboTackle","floor":26.0},{"not_picked":["Slimebound:ComboTackle","Slimebound:FirmFortitude+1"],"picked":"Slimebound:ForwardTackle","floor":27.0},{"not_picked":["Slimebound:BestDefense","Slimebound:SlimeBrawl"],"picked":"Slimebound:LivingWall+1","floor":28.0},{"not_picked":["Slimebound:DuplicatedForm","Slimebound:FinishingTackle+1"],"picked":"Slimebound:SpikyOuterGoop+1","floor":30.0},{"not_picked":["Slimebound:SplitAcid","Slimebound:LivingWall"],"picked":"Slimebound:SlimeSpikes","floor":32.0},{"not_picked":["Slimebound:MassRepurpose","Slimebound:OozeBath"],"picked":"Slimebound:Overexert","floor":33.0},{"not_picked":["Slimebound:SlimeBarrage","Slimebound:SplitMire"],"picked":"Slimebound:SplitAcid","floor":36},{"not_picked":["Slimebound:SplitMire","Slimebound:ComboTackle"],"picked":"Slimebound:SplitBruiser","floor":37},{"not_picked":["Slimebound:ForwardTackle","Slimebound:SlimeBarrage+1"],"picked":"Slimebound:LeechingTouch","floor":39},{"not_picked":["Slimebound:PressTheAttack+1","Slimebound:LivingWall+1"],"picked":"Slimebound:LeechLife","floor":42},{"not_picked":["Slimebound:SlimeSpikes","Slimebound:LeechEnergy"],"picked":"Slimebound:SplitLeeching","floor":43},{"not_picked":["Slimebound:LeechingTouch+1","Slimebound:SplitMire+1"],"picked":"Slimebound:GoopTackle","floor":46},{"not_picked":["ReplayTheSpireMod:Black Plague","infinitespire:UltimateForm"],"picked":"infinitespire:DeathsTouch","floor":47},{"not_picked":["Slimebound:RallyTheTroops","Slimebound:LeechEnergy+1"],"picked":"Slimebound:Chomp","floor":47},{"not_picked":["Slimebound:FinishingTackle+1","Slimebound:ViciousTackle+1"],"picked":"Slimebound:MegaLick+1","floor":49},{"not_picked":["Slimebound:LeechEnergy","Slimebound:SplitMire+1"],"picked":"Slimebound:RainOfGoop+1","floor":50},{"not_picked":["Slimebound:MegaLick+1","Slimebound:RejuvenatingLick"],"picked":"Slimebound:SplitBruiser","floor":51}],"player_experience":117944,"relics_obtained":[{"floor":7.0,"key":"infinitespire:FocusingShard"},{"floor":13.0,"key":"Shuriken"},{"floor":24.0,"key":"Replay:Bottled Snecko"},{"floor":30.0,"key":"Bottled Lightning"},{"floor":38,"key":"Lantern"},{"floor":41,"key":"infinitespire:Satchel"},{"floor":47,"key":"PreservedInsect"},{"floor":49,"key":"Pondfish Scales"},{"floor":50,"key":"Mango"}],"event_choices":[{"damage_healed":0.0,"max_hp_gain":0.0,"max_hp_loss":0.0,"gold_gain":0.0,"event_name":"Upgrade Shrine","player_choice":"Upgraded","floor":4.0,"gold_loss":0.0,"damage_taken":0.0,"cards_upgraded":["Slimebound:RejuvenatingLick"]},{"damage_healed":0.0,"max_hp_gain":0.0,"max_hp_loss":0.0,"gold_gain":0.0,"event_name":"Accursed Blacksmith","player_choice":"Forge","floor":12.0,"gold_loss":0.0,"damage_taken":0.0,"cards_upgraded":["Slimebound:Split"]},{"cards_removed":["Slimebound:SplitAcid"],"damage_healed":0,"gold_gain":0,"player_choice":"Removed Skill","damage_taken":0,"max_hp_gain":0,"max_hp_loss":0,"event_name":"Falling","floor":40,"gold_loss":0},{"damage_healed":0,"gold_gain":0,"player_choice":"Fight","damage_taken":0,"max_hp_gain":0,"max_hp_loss":0,"event_name":"Mysterious Sphere","floor":49,"gold_loss":0}],"is_beta":false,"boss_relics":[{"not_picked":["Replay:Wanted Poster","Abe\u0027s Treasure"],"picked":"Empty Cage"},{"not_picked":["construct:ClawGrip","Runic Dome"],"picked":"construct:WeddingRing"}],"items_purged_floors":[23,31,39],"is_endless":false,"potions_floor_spawned":[2,6,14,15,16,19,21,26,30,32,37,43,50],"ascension_level":0}}