{"host":"egyxg9lnjq7g2hmw","time":1608697955,"event":{"mods":["AchievementEnabler","BaseMod","Block Reminder","Colored Map","Colored Powertips","Highlight Path","Minty Spire (QoL Compilation)","Rare Cards Sparkle","StSLib"],"gold_per_floor":[114,114,114,39,39,39,49,49,73,102,102,144,168,123,123,207,207,229,124,163,88,105,105,141,141,141,178,187,167,167,496,496,579,579,599,626,285,296,314,314,339,339,393,402,402,413,413,288,288,288,288,288],"floor_reached":51,"playtime":5124,"items_purged":["Strike_G","Strike_G","Writhe"],"score":1445,"play_id":"969e568e-ee0b-4e26-9e1b-9594986e0574","local_time":"20201222203235","is_ascension_mode":true,"campfire_choices":[{"data":"Neutralize","floor":6.0,"key":"SMITH"},{"data":"Storm of Steel","floor":11.0,"key":"SMITH"},{"data":"Masterful Stab","floor":15.0,"key":"SMITH"},{"data":"Infinite Blades","floor":23.0,"key":"SMITH"},{"floor":25.0,"key":"REST"},{"floor":30.0,"key":"REST"},{"data":"Storm of Steel","floor":32.0,"key":"SMITH"},{"data":"Tactician","floor":40.0,"key":"SMITH"},{"floor":42.0,"key":"RECALL"},{"data":"After Image","floor":45.0,"key":"SMITH"},{"floor":49.0,"key":"REST"}],"circlet_count":0,"master_deck":["AscendersBane","Strike_G+1","Defend_G","Defend_G","Defend_G","Defend_G","Defend_G","Survivor","Neutralize+1","Footwork+1","Setup+1","Storm of Steel+1","Acrobatics","Masterful Stab+1","Tools of the Trade","Terror","Backflip","Accuracy","Storm of Steel+1","RitualDagger","After Image+1","Blade Dance","Finisher+1","Tactician+1"],"relics":["Ring of the Snake","NeowsBlessing","Bronze Scales","Toy Ornithopter","CeramicFish","WristBlade","Red Mask","Regal Pillow","Centennial Puzzle","Du-Vu Doll","Old Coin","Sozu","Bag of Marbles","Kunai"],"acts_visited":["Exordium","TheCity","TheBeyond"],"potions_floor_usage":[],"damage_taken":[{"damage":0.0,"enemies":"2 Louse","floor":1.0,"turns":1.0},{"damage":0.0,"enemies":"Jaw Worm","floor":7.0,"turns":1.0},{"damage":0.0,"enemies":"Gremlin Nob","floor":10.0,"turns":1.0},{"damage":4.0,"enemies":"Lagavulin","floor":12.0,"turns":7.0},{"damage":1.0,"enemies":"Small Slimes","floor":13.0,"turns":4.0},{"damage":31.0,"enemies":"Slime Boss","floor":16.0,"turns":13.0},{"damage":1.0,"enemies":"3 Byrds","floor":18.0,"turns":3.0},{"damage":13.0,"enemies":"Masked Bandits","floor":20.0,"turns":5.0},{"damage":0.0,"enemies":"Shell Parasite","floor":22.0,"turns":1.0},{"damage":52.0,"enemies":"Book of Stabbing","floor":24.0,"turns":5.0},{"damage":22.0,"enemies":"Gremlin Leader","floor":27.0,"turns":4.0},{"damage":17.0,"enemies":"Book of Stabbing","floor":31.0,"turns":3.0},{"damage":29.0,"enemies":"Champ","floor":33.0,"turns":9.0},{"damage":3.0,"enemies":"3 Shapes","floor":35.0,"turns":6.0},{"damage":0.0,"enemies":"Orb Walker","floor":36.0,"turns":4.0},{"damage":9.0,"enemies":"Sphere and 2 Shapes","floor":38.0,"turns":3.0},{"damage":0.0,"enemies":"Transient","floor":39.0,"turns":6.0},{"damage":18.0,"enemies":"Giant Head","floor":41.0,"turns":5.0},{"damage":13.0,"enemies":"Spire Growth","floor":46.0,"turns":3.0},{"damage":71.0,"enemies":"Awakened One","floor":50.0,"turns":19.0},{"damage":15,"enemies":"Donu and Deca","floor":51,"turns":2}],"seed_played":"-6616104104075994771","potions_obtained":[{"floor":7.0,"key":"PowerPotion"},{"floor":10.0,"key":"Block Potion"},{"floor":16.0,"key":"PowerPotion"},{"floor":20.0,"key":"ColorlessPotion"},{"floor":22.0,"key":"Ancient Potion"},{"floor":24.0,"key":"SpeedPotion"},{"floor":27.0,"key":"Regen Potion"},{"floor":29.0,"key":"FearPotion"},{"floor":33.0,"key":"Regen Potion"}],"is_trial":false,"path_per_floor":["M","?","?","?","?","R","M","?","T","E","R","E","M","?","R","B",null,"M","$","?","?","M","R","E","R","T","E","?","?","R","E","R","B",null,"M","M","$","M","M","R","E","R","T","?","R","M","?","$","R","B","B"],"character_chosen":"THE_SILENT","items_purchased":["Infinite Blades","Bag of Marbles","Tactician"],"campfire_rested":3,"item_purchase_floors":[19,37,37],"current_hp_per_floor":[59,39,39,39,61,61,61,61,61,61,61,62,61,61,61,35,58,57,57,49,49,54,54,2,36,36,14,8,8,42,30,30,21,55,52,52,52,43,43,43,25,25,25,38,38,25,25,25,59,8,0,0],"gold":288,"neow_bonus":"THREE_ENEMY_KILL","is_daily":false,"chose_seed":false,"campfire_upgraded":7,"win_rate":0.0,"timestamp":1608697955,"path_taken":["M","?","?","?","?","R","?","?","T","E","R","E","M","?","R","BOSS","M","$","?","?","M","R","E","R","T","E","?","?","R","E","R","BOSS","M","M","$","M","?","R","E","R","T","?","R","M","?","?","R","BOSS","BOSS"],"items_purchased_type":["Card","Relic","Card"],"build_version":"2020-12-13","purchased_purges":3,"victory":false,"max_hp_per_floor":[66,66,66,66,66,66,66,66,66,66,66,66,66,66,66,66,66,66,66,66,66,66,66,66,66,66,66,66,66,66,66,66,66,66,66,66,66,66,66,66,66,66,66,66,66,66,66,66,66,66,66,66],"card_choices":[{"not_picked":["Outmaneuver","Quick Slash"],"picked":"Footwork","floor":1.0},{"not_picked":["Cloak And Dagger","Dodge and Roll"],"picked":"Setup","floor":7.0},{"not_picked":["Outmaneuver","Backstab"],"picked":"Storm of Steel","floor":10.0},{"not_picked":["Expertise","Heel Hook"],"picked":"Acrobatics","floor":12.0},{"not_picked":["PiercingWail","Infinite Blades"],"picked":"Masterful Stab","floor":13.0},{"not_picked":["Night Terror","Grand Finale"],"picked":"Tools of the Trade","floor":16.0},{"not_picked":["Outmaneuver","Quick Slash+1"],"picked":"Terror","floor":18.0},{"not_picked":["Catalyst+1","Crippling Poison"],"picked":"Backflip","floor":20.0},{"not_picked":["Flying Knee","Predator","Bane"],"picked":"SKIP","floor":22.0},{"not_picked":["Calculated Gamble","Dodge and Roll"],"picked":"Accuracy","floor":24.0},{"not_picked":["Cloak And Dagger","Reflex"],"picked":"Storm of Steel","floor":27.0},{"not_picked":["Prepared","Dodge and Roll+1","Underhanded Strike"],"picked":"SKIP","floor":31.0},{"not_picked":["Wraith Form v2","Malaise"],"picked":"After Image","floor":33.0},{"not_picked":["PiercingWail+1","Prepared"],"picked":"Blade Dance","floor":35.0},{"not_picked":["Slice","Acrobatics"],"picked":"Finisher+1","floor":36.0},{"not_picked":["Prepared","Distraction","Deflect+1"],"picked":"SKIP","floor":38.0},{"not_picked":["Predator","Expertise+1","PiercingWail"],"picked":"SKIP","floor":39.0},{"not_picked":["Outmaneuver","Heel Hook+1","Setup+1"],"picked":"SKIP","floor":41.0},{"not_picked":["Slice+1","Outmaneuver","A Thousand Cuts"],"picked":"SKIP","floor":46.0}],"player_experience":571300,"relics_obtained":[{"floor":9.0,"key":"Bronze Scales"},{"floor":10.0,"key":"Toy Ornithopter"},{"floor":12.0,"key":"CeramicFish"},{"floor":20.0,"key":"Red Mask"},{"floor":24.0,"key":"Regal Pillow"},{"floor":26.0,"key":"Centennial Puzzle"},{"floor":27.0,"key":"Du-Vu Doll"},{"floor":31.0,"key":"Old Coin"},{"floor":41.0,"key":"Kunai"}],"event_choices":[{"damage_healed":0.0,"max_hp_gain":0.0,"max_hp_loss":0.0,"gold_gain":0.0,"event_name":"Shining Light","player_choice":"Entered Light","floor":2.0,"gold_loss":0.0,"damage_taken":20.0,"cards_upgraded":["Footwork","Strike_G"]},{"damage_healed":0.0,"max_hp_gain":0.0,"max_hp_loss":0.0,"gold_gain":0.0,"event_name":"Liars Game","player_choice":"Ignored","floor":3.0,"gold_loss":0.0,"damage_taken":0.0},{"cards_removed":["Strike_G"],"damage_healed":0.0,"max_hp_gain":0.0,"max_hp_loss":0.0,"gold_gain":0.0,"event_name":"The Cleric","player_choice":"Card Removal","floor":4.0,"gold_loss":75.0,"damage_taken":0.0},{"damage_healed":22.0,"max_hp_gain":0.0,"max_hp_loss":0.0,"gold_gain":0.0,"event_name":"Big Fish","player_choice":"Banana","floor":5.0,"gold_loss":0.0,"damage_taken":0.0},{"damage_healed":0.0,"max_hp_gain":0.0,"max_hp_loss":0.0,"gold_gain":0.0,"event_name":"Living Wall","player_choice":"Grow","floor":8.0,"gold_loss":0.0,"damage_taken":0.0,"cards_upgraded":["Setup"]},{"damage_healed":0.0,"max_hp_gain":0.0,"max_hp_loss":0.0,"gold_gain":0.0,"event_name":"World of Goop","player_choice":"Left Gold","floor":14.0,"gold_loss":45.0,"damage_taken":0.0},{"damage_healed":0.0,"max_hp_gain":0.0,"max_hp_loss":0.0,"gold_gain":0.0,"event_name":"Masked Bandits","player_choice":"Fought Bandits","floor":20.0,"gold_loss":0.0,"damage_taken":0.0},{"cards_removed":["Strike_G"],"damage_healed":0.0,"max_hp_gain":0.0,"max_hp_loss":0.0,"gold_gain":0.0,"event_name":"Beggar","player_choice":"Gave Gold","floor":21.0,"gold_loss":75.0,"damage_taken":0.0},{"damage_healed":0.0,"max_hp_gain":0.0,"max_hp_loss":0.0,"gold_gain":0.0,"event_name":"Nest","player_choice":"Joined the Cult","floor":28.0,"gold_loss":0.0,"damage_taken":6.0,"cards_obtained":["RitualDagger"]},{"damage_healed":0.0,"max_hp_gain":0.0,"max_hp_loss":0.0,"gold_gain":0.0,"event_name":"The Woman in Blue","player_choice":"Bought 1 Potion","floor":29.0,"gold_loss":0.0,"damage_taken":0.0},{"damage_healed":13.0,"max_hp_gain":0.0,"max_hp_loss":0.0,"gold_gain":0.0,"event_name":"Winding Halls","player_choice":"Writhe","floor":44.0,"gold_loss":0.0,"damage_taken":0.0,"cards_obtained":["Writhe"]},{"cards_removed":["Infinite Blades"],"damage_healed":0.0,"max_hp_gain":0.0,"max_hp_loss":0.0,"gold_gain":0.0,"event_name":"Falling","player_choice":"Removed Power","floor":47.0,"gold_loss":0.0,"damage_taken":0.0}],"is_beta":false,"boss_relics":[{"not_picked":["Coffee Dripper","Fusion Hammer"],"picked":"WristBlade"},{"not_picked":["Philosopher\u0027s Stone","Tiny House"],"picked":"Sozu"}],"items_purged_floors":[19,37,48],"is_endless":false,"potions_floor_spawned":[7,10,16,20,22,24,27,33,35,38,41,46],"killed_by":"Donu and Deca","ascension_level":20}}