{"host":"kh6fvhxn285ncg0o","time":1608759202,"event":{"mods":["Act Like it!","BaseMod","Colored Map","Friendly Minions","Keyboard Shortcuts","Minty Spire (QoL Compilation)","Quick Restart","Relic Stats","StSLib","SuperFastMode"],"gold_per_floor":[362,362,377,397,412,412,412,485,553,584,584,619,221,259,259,349,349,368,368,387,387,406,466,466,252,252,252,270,270,240,240,240],"floor_reached":31,"playtime":1697,"items_purged":["Strike_R","Strike_R"],"score":542,"play_id":"99d54b52-7331-4a47-a0d9-7fbc0a22b357","local_time":"20201224063322","is_ascension_mode":true,"campfire_choices":[{"data":"Pommel Strike","floor":7.0,"key":"SMITH"},{"data":"Metallicize","floor":11.0,"key":"SMITH"},{"data":"Feed","floor":15.0,"key":"SMITH"},{"data":"Dual Wield","floor":27,"key":"SMITH"}],"circlet_count":0,"master_deck":["AscendersBane","Strike_R","Strike_R","Strike_R","Defend_R","Defend_R","Defend_R","Defend_R","Bash+1","Metallicize+1","Pommel Strike+1","Second Wind","Shockwave","Shrug It Off","Feed+1","Juggernaut+1","Burning Pact","Dual Wield+1","Reaper","Writhe"],"relics":["Burning Blood","Bloody Idol","HornCleat","Frozen Egg 2","Ancient Tea Set","Smiling Mask","Toolbox","Calipers","Snecko Eye","Lantern","Paper Frog","OrangePellets","Kunai"],"acts_visited":["Exordium","TheCity"],"potions_floor_usage":[],"damage_taken":[{"damage":10.0,"enemies":"Small Slimes","floor":1.0,"turns":4.0},{"damage":2.0,"enemies":"2 Louse","floor":3.0,"turns":3.0},{"damage":4.0,"enemies":"Jaw Worm","floor":4.0,"turns":4.0},{"damage":21.0,"enemies":"3 Louse","floor":5.0,"turns":4.0},{"damage":11.0,"enemies":"Lagavulin","floor":10.0,"turns":5.0},{"damage":11.0,"enemies":"3 Sentries","floor":12.0,"turns":10.0},{"damage":18.0,"enemies":"Gremlin Nob","floor":14.0,"turns":4.0},{"damage":13.0,"enemies":"The Guardian","floor":16.0,"turns":14.0},{"damage":0.0,"enemies":"Shell Parasite","floor":18.0,"turns":4.0},{"damage":0.0,"enemies":"3 Byrds","floor":20.0,"turns":4.0},{"damage":0.0,"enemies":"Snecko","floor":22.0,"turns":4.0},{"damage":29.0,"enemies":"Gremlin Leader","floor":23.0,"turns":5.0},{"damage":13,"enemies":"Snake Plant","floor":28,"turns":3},{"damage":75,"enemies":"Slavers","floor":31,"turns":4}],"seed_played":"7139184889991395736","potions_obtained":[{"floor":1.0,"key":"CultistPotion"},{"floor":5.0,"key":"DistilledChaos"},{"floor":14.0,"key":"Regen Potion"},{"floor":16.0,"key":"ColorlessPotion"},{"floor":23.0,"key":"BlessingOfTheForge"},{"floor":30,"key":"CultistPotion"}],"is_trial":false,"path_per_floor":["M","?","M","M","M","?","R","T","T","E","R","E","$","E","R","B",null,"M","?","M","?","M","E","?","$","T","R","M","?","?","E"],"character_chosen":"IRONCLAD","items_purchased":["Toolbox","Feed","OrangePellets"],"campfire_rested":0,"item_purchase_floors":[13,13,25],"current_hp_per_floor":[64,64,68,68,53,53,53,53,53,48,48,43,43,34,34,46,63,73,73,77,77,81,58,58,58,58,58,62,62,62,0,0],"gold":240,"neow_bonus":"TWO_FIFTY_GOLD","is_daily":false,"chose_seed":false,"campfire_upgraded":4,"win_rate":0.0,"timestamp":1608759202,"path_taken":["M","?","M","M","M","?","R","?","T","E","R","E","$","E","R","BOSS","M","?","M","?","M","E","?","$","T","R","?","?","?","E"],"items_purchased_type":["Relic","Card","Relic"],"build_version":"2020-12-22","purchased_purges":2,"victory":false,"max_hp_per_floor":[68,68,68,68,68,62,62,62,62,62,62,62,62,65,65,69,69,73,73,77,77,81,81,81,81,81,81,85,85,85,85,85],"relic_stats":{"OrangePellets":[2],"counters":[14,72],"Bloody Idol":0,"Snecko Eye":[46,37,32,36],"Kunai":[0],"Smiling Mask":75,"obtain_stats":[{"Lantern":23,"Calipers":14,"Golden Idol":6,"Frozen Egg 2":9,"Ancient Tea Set":10,"Smiling Mask":12,"Burning Blood":0,"OrangePellets":25,"HornCleat":8,"Bloody Idol":29,"Toolbox":13,"Snecko Eye":17,"Kunai":26,"Paper Frog":24},{"Lantern":12,"Calipers":7,"Golden Idol":4,"Frozen Egg 2":4,"Ancient Tea Set":5,"Smiling Mask":6,"Burning Blood":0,"OrangePellets":12,"HornCleat":4,"Bloody Idol":13,"Toolbox":6,"Snecko Eye":8,"Kunai":12,"Paper Frog":12},{"Lantern":65,"Calipers":34,"Golden Idol":15,"Frozen Egg 2":15,"Ancient Tea Set":20,"Smiling Mask":30,"Burning Blood":0,"OrangePellets":65,"HornCleat":15,"Bloody Idol":68,"Toolbox":30,"Snecko Eye":48,"Kunai":65,"Paper Frog":65}],"Burning Blood":64},"card_choices":[{"not_picked":["Warcry","Havoc"],"picked":"Metallicize","floor":1.0},{"not_picked":["Flex","Perfected Strike"],"picked":"Pommel Strike","floor":3.0},{"not_picked":["Shrug It Off","Heavy Blade"],"picked":"Second Wind","floor":4.0},{"not_picked":["Exhume","Pommel Strike"],"picked":"Shockwave","floor":10.0},{"not_picked":["Thunderclap","Warcry"],"picked":"Shrug It Off","floor":12.0},{"not_picked":["Shrug It Off","Anger","Twin Strike"],"picked":"SKIP","floor":14.0},{"not_picked":["Exhume","Double Tap"],"picked":"Juggernaut+1","floor":16.0},{"not_picked":["Combust+1","Whirlwind","True Grit"],"picked":"SKIP","floor":18.0},{"not_picked":["Intimidate","Warcry"],"picked":"Burning Pact","floor":20.0},{"not_picked":["Evolve+1","Havoc","Flex+1"],"picked":"SKIP","floor":22.0},{"not_picked":["Dual Wield","Perfected Strike"],"picked":"Reaper","floor":23.0},{"not_picked":["Shrug It Off","Uppercut","Headbutt"],"picked":"SKIP","floor":28}],"player_experience":3232502,"relics_obtained":[{"floor":8.0,"key":"HornCleat"},{"floor":9.0,"key":"Frozen Egg 2"},{"floor":10.0,"key":"Ancient Tea Set"},{"floor":12.0,"key":"Smiling Mask"},{"floor":14.0,"key":"Calipers"},{"floor":23.0,"key":"Lantern"},{"floor":26.0,"key":"Kunai"}],"event_choices":[{"damage_healed":0.0,"max_hp_gain":0.0,"max_hp_loss":0.0,"gold_gain":0.0,"event_name":"Living Wall","player_choice":"Grow","floor":2.0,"gold_loss":0.0,"damage_taken":0.0,"cards_upgraded":["Bash"]},{"damage_healed":0.0,"max_hp_gain":0.0,"max_hp_loss":6.0,"gold_gain":0.0,"event_name":"Golden Idol","player_choice":"Lose Max HP","floor":6.0,"gold_loss":0.0,"damage_taken":0.0,"relics_obtained":["Golden Idol"]},{"damage_healed":0.0,"max_hp_gain":0.0,"max_hp_loss":0.0,"gold_gain":0.0,"event_name":"Ghosts","player_choice":"Ignored","floor":19.0,"gold_loss":0.0,"damage_taken":0.0},{"damage_healed":0.0,"max_hp_gain":0.0,"max_hp_loss":0.0,"gold_gain":0.0,"event_name":"The Library","player_choice":"Read","floor":21.0,"gold_loss":0.0,"damage_taken":0.0,"cards_obtained":["Dual Wield"]},{"damage_healed":0.0,"max_hp_gain":0.0,"max_hp_loss":0.0,"gold_gain":0.0,"event_name":"The Mausoleum","player_choice":"Opened","floor":24.0,"gold_loss":0.0,"damage_taken":0.0,"relics_obtained":["Paper Frog"],"cards_obtained":["Writhe"]},{"damage_healed":0,"gold_gain":0,"player_choice":"Gave Idol","damage_taken":0,"relics_obtained":["Bloody Idol"],"max_hp_gain":0,"max_hp_loss":0,"event_name":"Forgotten Altar","floor":29,"relics_lost":["Golden Idol"],"gold_loss":0},{"damage_healed":0,"gold_gain":0,"player_choice":"Bought 2 Potions","damage_taken":0,"max_hp_gain":0,"max_hp_loss":0,"event_name":"The Woman in Blue","floor":30,"gold_loss":0}],"is_beta":false,"boss_relics":[{"not_picked":["SacredBark","Velvet Choker"],"picked":"Snecko Eye"}],"items_purged_floors":[13,25],"is_endless":false,"potions_floor_spawned":[1,5,14,16,18,22,23],"killed_by":"Slavers","ascension_level":20}}