{"host":"vc42n08di9czm3e7","time":1608745074,"event":{"mods":["AchievementEnabler","Act Like it!","BaseMod","Colored Powertips","Downfall","Friendly Minions","GifTheSpireLib","Jorbs\u0027s Wanderer Trilogy","Minty Spire (QoL Compilation)","Rare Cards Sparkle","StSLib","The Bug Knight"],"gold_per_floor":[99,117,128,146,107,107,181,193,225,225,26,42,57,71,82,82,82,82],"floor_reached":16,"playtime":1617,"items_purged":[],"score":106,"play_id":"5717042b-29a1-47ad-acfa-1234afbe3839","local_time":"20201223123754","is_ascension_mode":false,"campfire_choices":[{"data":"hexamod:SearingWound","floor":1,"key":"SMITH"},{"data":"hexamod:GhostflameBarrier","floor":6,"key":"SMITH"},{"data":"hexamod:Sear","floor":10,"key":"SMITH"}],"circlet_count":0,"master_deck":["hexamod:Strike","hexamod:Strike","hexamod:Strike","hexamod:Strike","hexamod:Defend","hexamod:Defend","hexamod:Defend","hexamod:Defend","hexamod:Sear+1","hexamod:Float","hexamod:SearingWound+1","hexamod:GhostflameBarrier+1","hexamod:ThermalTransfer","hexamod:ThirdSeal","hexamod:StepThrough","hexamod:DynamicBlow","hexamod:GhostShield","hexamod:Hexaguard","hexamod:NightmareStrike+1","hexamod:PhantomFireball+1","hexamod:Firestarter","hexamod:StepThrough","hexamod:AdvancingGuard","hexamod:ThermalTransfer","hexamod:SpectersWail","hexamod:BurningTouch","hexamod:PhantomFireball","hexamod:InspiringFlames"],"relics":["hexamod:SpiritBrand","HollowMod:LifeEnderRelic","Bag of Marbles","Whetstone"],"acts_visited":["Exordium"],"potions_floor_usage":[15,16,16,16],"damage_taken":[{"damage":0,"enemies":"Cultist","floor":2,"turns":4},{"damage":1,"enemies":"Jaw Worm","floor":3,"turns":4},{"damage":5,"enemies":"Small Slimes","floor":4,"turns":5},{"damage":0,"enemies":"downfall:FleeingMerchant","floor":5,"turns":4},{"damage":9,"enemies":"Gremlin Gang","floor":8,"turns":5},{"damage":17,"enemies":"Gremlin Nob","floor":9,"turns":4},{"damage":9,"enemies":"downfall:FleeingMerchant","floor":11,"turns":4},{"damage":3,"enemies":"Lots of Slimes","floor":12,"turns":5},{"damage":6,"enemies":"Blue Slaver","floor":13,"turns":3},{"damage":0,"enemies":"Large Slime","floor":14,"turns":4},{"damage":13,"enemies":"Exordium Wildlife","floor":15,"turns":6},{"damage":23,"enemies":"downfall:Silent","floor":16,"turns":12}],"seed_played":"-4990284540033274524","potions_obtained":[{"floor":2,"key":"Explosive Potion"},{"floor":4,"key":"Weak Potion"},{"floor":12,"key":"PowerPotion"},{"floor":13,"key":"Regen Potion"},{"floor":15,"key":"PowerPotion"}],"is_trial":false,"path_per_floor":["R","M","M","M","$","R","T","M","E","R","$","M","M","M","M","B"],"character_chosen":"THE_SPIRIT","items_purchased":["hexamod:GhostShield","Whetstone","hexamod:StepThrough"],"campfire_rested":0,"item_purchase_floors":[5,11,11],"current_hp_per_floor":[70,70,69,64,64,64,64,55,38,38,29,26,20,20,21,0,0,0],"gold":82,"neow_bonus":"ONE_RANDOM_RARE_CARD","is_daily":false,"chose_seed":false,"campfire_upgraded":3,"win_rate":0.0,"timestamp":1608745074,"path_taken":["R","M","M","M","?","R","T","M","E","R","$","M","M","M","M","BOSS"],"items_purchased_type":["Card","Relic","Card"],"build_version":"2020-12-13","purchased_purges":0,"victory":false,"max_hp_per_floor":[70,70,70,70,70,70,70,70,70,70,70,70,70,70,70,70,70,70],"card_choices":[{"not_picked":["hexamod:SwordOfDarkness","hexamod:FourthSeal"],"picked":"hexamod:GhostflameBarrier","floor":2},{"not_picked":["hexamod:HeatShield","hexamod:GhostLash"],"picked":"hexamod:ThermalTransfer","floor":3},{"not_picked":["hexamod:DynamicBlow","hexamod:SpectralAdrenaline"],"picked":"hexamod:ThirdSeal","floor":4},{"not_picked":["hexamod:RainOfEmbers","hexamod:BacktrackSmack"],"picked":"hexamod:StepThrough","floor":5},{"not_picked":["hexamod:InspiringFlames","hexamod:BacktrackSmack"],"picked":"hexamod:DynamicBlow","floor":5},{"not_picked":["hexamod:NightmareGuise","hexamod:TurnItUp"],"picked":"hexamod:Hexaguard","floor":8},{"not_picked":["hexamod:AdvancingGuard","hexamod:GhostOfSpireFuture"],"picked":"hexamod:NightmareStrike","floor":9},{"not_picked":["hexamod:GhostflameBarrier","hexamod:Incineration"],"picked":"hexamod:PhantomFireball","floor":11},{"not_picked":["hexamod:BacktrackSmack","hexamod:RainOfEmbers"],"picked":"hexamod:Firestarter","floor":11},{"not_picked":["hexamod:ThermalTransfer","hexamod:RetreatToShadows"],"picked":"hexamod:AdvancingGuard","floor":12},{"not_picked":["hexamod:SecondSeal","hexamod:ParanormalForm"],"picked":"hexamod:ThermalTransfer","floor":13},{"not_picked":["hexamod:AdvancingGuard","hexamod:Hexaguard"],"picked":"hexamod:SpectersWail","floor":14},{"not_picked":["hexamod:ChargedBarrage","hexamod:GhostflameBarrier"],"picked":"hexamod:BurningTouch","floor":14},{"not_picked":["hexamod:TimeWarp","hexamod:NightmareStrike"],"picked":"hexamod:PhantomFireball","floor":15},{"not_picked":["hexamod:ShieldOfDarkness","hexamod:ThermalTransfer"],"picked":"hexamod:InspiringFlames","floor":15}],"player_experience":165914,"relics_obtained":[{"floor":7,"key":"HollowMod:LifeEnderRelic"},{"floor":9,"key":"Bag of Marbles"}],"event_choices":[],"is_beta":false,"boss_relics":[],"items_purged_floors":[],"is_endless":false,"potions_floor_spawned":[2,4,12,13,15],"killed_by":"downfall:Silent","ascension_level":0}}