{"host":"e1pm3b7xpcm97e5w","time":1608748451,"event":{"mods":["BaseMod","Better Skull","Googly Eyes","Minty Spire (QoL Compilation)","Relic Stats","Shop Mod","Spicy Shops","StSLib"],"gold_per_floor":[112,112,112,126,140,140,170,170,193,39,1,1,31,45,45,123,123,134,62,76,0,14,14,41,41,41,41,52,129,0,13,13,13,13],"floor_reached":33,"playtime":1195,"items_purged":[],"score":478,"play_id":"6fa2d317-d2c5-4320-a3a7-46b3fa0cd43c","local_time":"20201223133411","is_ascension_mode":true,"campfire_choices":[{"data":"Shockwave","floor":6.0,"key":"SMITH"},{"floor":12.0,"key":"REST"},{"data":"True Grit","floor":15.0,"key":"SMITH"},{"data":"Feed","floor":23,"key":"SMITH"},{"floor":25,"key":"DIG"},{"floor":27,"key":"DIG"},{"data":"Inflame","floor":32,"key":"SMITH"}],"circlet_count":0,"master_deck":["AscendersBane","Strike_R","Strike_R","Strike_R","Strike_R","Defend_R","Defend_R","Defend_R+1","Defend_R","Bash","True Grit+1","Hemokinesis","Shockwave+1","Shrug It Off+1","Infernal Blade","Double Tap","Feed+1","Inflame+1","Havoc+1","Limit Break+1"],"relics":["Burning Blood","Torii","Omamori","Blood Vial","Oddly Smooth Stone","War Paint","Coffee Dripper","Shovel","Lantern","Matryoshka","Toxic Egg 2","Molten Egg 2","Calipers","Juzu Bracelet","Kunai"],"acts_visited":["Exordium","TheCity"],"potions_floor_usage":[18],"damage_taken":[{"damage":1.0,"enemies":"2 Louse","floor":1.0,"turns":3.0},{"damage":3.0,"enemies":"Jaw Worm","floor":4.0,"turns":5.0},{"damage":2.0,"enemies":"Cultist","floor":5.0,"turns":4.0},{"damage":48.0,"enemies":"3 Sentries","floor":7.0,"turns":11.0},{"damage":32.0,"enemies":"Lagavulin","floor":13.0,"turns":5.0},{"damage":4.0,"enemies":"Looter","floor":14.0,"turns":3.0},{"damage":33.0,"enemies":"The Guardian","floor":16.0,"turns":15.0},{"damage":8,"enemies":"3 Byrds","floor":18,"turns":7},{"damage":3,"enemies":"Chosen","floor":20,"turns":6},{"damage":18,"enemies":"Snecko","floor":22,"turns":5},{"damage":25,"enemies":"Book of Stabbing","floor":24,"turns":7},{"damage":9,"enemies":"Centurion and Healer","floor":28,"turns":8},{"damage":36,"enemies":"Sentry and Sphere","floor":31,"turns":7},{"damage":49,"enemies":"Collector","floor":33,"turns":6}],"seed_played":"6129261247484049828","potions_obtained":[{"floor":1.0,"key":"DuplicationPotion"},{"floor":4.0,"key":"SteroidPotion"},{"floor":7.0,"key":"FairyPotion"},{"floor":18,"key":"Explosive Potion"},{"floor":20,"key":"BlessingOfTheForge"},{"floor":31,"key":"BlessingOfTheForge"}],"is_trial":false,"path_per_floor":["M","?","?","M","M","R","E","?","T","$","$","R","E","M","R","B",null,"M","$","M","$","M","R","E","R","T","R","M","T","?","M","R","B"],"character_chosen":"IRONCLAD","items_purchased":["Oddly Smooth Stone","Infernal Blade","Inflame","Shovel"],"campfire_rested":1,"item_purchase_floors":[10,11,19,21],"current_hp_per_floor":[68,73,73,73,73,73,31,31,31,31,31,52,28,32,32,7,57,60,60,68,68,58,58,41,41,41,41,44,44,44,16,16,0,0],"gold":13,"neow_bonus":"ONE_RARE_RELIC","is_daily":false,"chose_seed":false,"campfire_upgraded":4,"win_rate":0.0,"timestamp":1608748451,"path_taken":["M","?","?","M","?","R","E","?","T","?","$","R","E","?","R","BOSS","M","$","M","$","M","R","E","R","T","R","?","?","?","M","R","BOSS"],"items_purchased_type":["Relic","Card","Card","Relic"],"build_version":"2020-12-22","purchased_purges":0,"victory":false,"max_hp_per_floor":[68,73,73,73,73,73,73,73,73,73,73,73,73,73,73,73,73,76,76,79,79,79,79,79,79,79,79,83,83,83,83,83,83,83],"relic_stats":{"Blood Vial":20,"Shovel":2,"Torii":63,"counters":[14,92],"Juzu Bracelet":0,"Kunai":[2],"War Paint":["Defend_R","Shrug It Off"],"obtain_stats":[{"Lantern":24,"Calipers":27,"Torii":0,"Oddly Smooth Stone":10,"Omamori":7,"Juzu Bracelet":29,"War Paint":13,"Burning Blood":0,"Blood Vial":9,"Shovel":21,"Matryoshka":25,"Molten Egg 2":26,"Coffee Dripper":17,"Kunai":29,"Toxic Egg 2":26},{"Lantern":11,"Calipers":11,"Torii":0,"Oddly Smooth Stone":4,"Omamori":4,"Juzu Bracelet":12,"War Paint":5,"Burning Blood":0,"Blood Vial":4,"Shovel":9,"Matryoshka":11,"Molten Egg 2":11,"Coffee Dripper":7,"Kunai":12,"Toxic Egg 2":11},{"Lantern":71,"Calipers":71,"Torii":0,"Oddly Smooth Stone":23,"Omamori":23,"Juzu Bracelet":79,"War Paint":28,"Burning Blood":0,"Blood Vial":23,"Shovel":59,"Matryoshka":71,"Molten Egg 2":71,"Coffee Dripper":46,"Kunai":79,"Toxic Egg 2":71}],"Burning Blood":66},"card_choices":[{"not_picked":["Power Through","Havoc"],"picked":"True Grit","floor":1.0},{"not_picked":["Flex","Heavy Blade"],"picked":"Hemokinesis","floor":4.0},{"not_picked":["Iron Wave","Twin Strike"],"picked":"Shockwave","floor":5.0},{"not_picked":["Perfected Strike","Power Through","Blood for Blood"],"picked":"SKIP","floor":7.0},{"not_picked":["Sword Boomerang","Warcry"],"picked":"Double Tap","floor":13.0},{"not_picked":["Clothesline","Perfected Strike","Heavy Blade"],"picked":"SKIP","floor":14.0},{"not_picked":["Double Tap","Impervious"],"picked":"Feed","floor":16.0},{"not_picked":["Clothesline","Intimidate","Entrench"],"picked":"SKIP","floor":18},{"not_picked":["Evolve","Shrug It Off","Clash"],"picked":"SKIP","floor":20},{"not_picked":["Infernal Blade","Warcry","Power Through+1"],"picked":"SKIP","floor":22},{"not_picked":["Seeing Red","Heavy Blade","Bloodletting+1"],"picked":"SKIP","floor":24},{"not_picked":["Pommel Strike+1","Flex+1"],"picked":"Havoc+1","floor":28},{"not_picked":["Spot Weakness+1","Wild Strike+1"],"picked":"Limit Break+1","floor":31}],"player_experience":426887,"relics_obtained":[{"floor":7.0,"key":"Omamori"},{"floor":9.0,"key":"Blood Vial"},{"floor":13.0,"key":"War Paint"},{"floor":24,"key":"Lantern"},{"floor":25,"key":"Matryoshka"},{"floor":26,"key":"Toxic Egg 2"},{"floor":26,"key":"Molten Egg 2"},{"floor":27,"key":"Calipers"},{"floor":29,"key":"Juzu Bracelet"},{"floor":29,"key":"Kunai"}],"event_choices":[{"damage_healed":0.0,"max_hp_gain":5.0,"max_hp_loss":0.0,"gold_gain":0.0,"event_name":"Big Fish","player_choice":"Donut","floor":2.0,"gold_loss":0.0,"damage_taken":0.0},{"cards_removed":["Strike_R"],"damage_healed":0.0,"max_hp_gain":0.0,"max_hp_loss":0.0,"gold_gain":0.0,"event_name":"Purifier","player_choice":"Purged","floor":3.0,"gold_loss":0.0,"damage_taken":0.0},{"damage_healed":0.0,"max_hp_gain":0.0,"max_hp_loss":0.0,"gold_gain":0.0,"event_name":"Match and Keep!","player_choice":"1 cards matched","floor":8.0,"gold_loss":0.0,"damage_taken":0.0,"cards_obtained":["Shrug It Off"]},{"damage_healed":0,"gold_gain":0,"player_choice":"Paid Fearfully","damage_taken":0,"max_hp_gain":0,"max_hp_loss":0,"event_name":"Masked Bandits","floor":30,"gold_loss":129}],"is_beta":false,"boss_relics":[{"not_picked":["Tiny House","Snecko Eye"],"picked":"Coffee Dripper"}],"items_purged_floors":[],"is_endless":false,"potions_floor_spawned":[1,4,7,13,18,20,31],"killed_by":"Collector","ascension_level":15}}