{"host":"6s2g4ctvxbrgoc4e","time":1608712559,"event":{"mods":["BaseMod","Minty Spire (QoL Compilation)"],"gold_per_floor":[118,131,149,224,224,224,224,224,247,265,116,116,291,316,316,445,445,470,493,87,87,100,140,153,59,84,104,104,118,118,118,118,118,118],"floor_reached":33,"playtime":1458,"items_purged":["Strike_B","Doubt"],"score":257,"play_id":"f967438c-493f-4449-b52e-0ae3490bfa00","local_time":"20201223093559","is_ascension_mode":false,"campfire_choices":[{"floor":6,"key":"REST"},{"data":"Static Discharge","floor":8,"key":"SMITH"},{"data":"Defragment","floor":12,"key":"SMITH"},{"data":"Zap","floor":15,"key":"SMITH"},{"floor":28,"key":"REST"},{"floor":32,"key":"REST"}],"circlet_count":0,"master_deck":["Defend_B","Defend_B","Defend_B","Defend_B","Zap+1","Dualcast","Streamline","Static Discharge+1","Darkness","Gash","BootSequence","Defragment+1","Multi-Cast","Go for the Eyes","Defragment","Hologram","Doom and Gloom","White Noise","Amplify","Glacier","Conserve Battery","Defragment+1","Consume","Capacitor+1","Static Discharge+1","Lockon"],"relics":["Cracked Core","Golden Idol","Anchor","Runic Pyramid","TheAbacus","Frozen Egg 2","Dream Catcher"],"acts_visited":["Exordium","TheCity"],"potions_floor_usage":[22,23,33],"damage_taken":[{"damage":0,"enemies":"Small Slimes","floor":1,"turns":3},{"damage":11,"enemies":"Jaw Worm","floor":2,"turns":3},{"damage":1,"enemies":"Cultist","floor":3,"turns":3},{"damage":0,"enemies":"Looter","floor":10,"turns":2},{"damage":10,"enemies":"Large Slime","floor":14,"turns":3},{"damage":35,"enemies":"Slime Boss","floor":16,"turns":4},{"damage":1,"enemies":"Chosen","floor":18,"turns":5},{"damage":11,"enemies":"3 Byrds","floor":19,"turns":5},{"damage":13,"enemies":"Snecko","floor":22,"turns":4},{"damage":37,"enemies":"Slavers","floor":23,"turns":4},{"damage":14,"enemies":"Snake Plant","floor":24,"turns":4},{"damage":0,"enemies":"Cultist and Chosen","floor":27,"turns":4},{"damage":4,"enemies":"Chosen and Byrds","floor":29,"turns":5},{"damage":63,"enemies":"Collector","floor":33,"turns":5}],"seed_played":"4356137522828355392","potions_obtained":[{"floor":10,"key":"BlessingOfTheForge"},{"floor":18,"key":"EssenceOfDarkness"},{"floor":24,"key":"GamblersBrew"},{"floor":29,"key":"Regen Potion"}],"is_trial":false,"path_per_floor":["M","M","M","?","?","R","?","R","T","M","$","R","?","M","R","B",null,"M","M","$","?","M","E","M","$","T","M","R","M","?","?","R","B"],"character_chosen":"DEFECT","items_purchased":["Defragment","Defragment","TheAbacus","Hologram","Doom and Gloom","Conserve Battery","Defragment+1"],"campfire_rested":3,"item_purchase_floors":[11,20,20,20,20,25,25],"current_hp_per_floor":[82,71,70,59,39,63,63,63,63,63,63,63,63,53,53,18,82,81,70,70,70,57,20,6,6,6,6,30,26,26,26,50,0,0],"gold":118,"neow_bonus":"TEN_PERCENT_HP_BONUS","is_daily":false,"chose_seed":false,"campfire_upgraded":3,"win_rate":0.0,"timestamp":1608712559,"path_taken":["M","M","M","?","?","R","?","R","T","M","$","R","?","M","R","BOSS","M","M","$","?","M","E","?","$","T","M","R","M","?","?","R","BOSS"],"items_purchased_type":["Card","Card","Relic","Card","Card","Card","Card"],"build_version":"2020-12-22","purchased_purges":2,"victory":false,"max_hp_per_floor":[82,82,82,82,82,82,82,82,82,82,82,82,82,82,82,82,82,82,82,82,82,82,82,82,82,82,82,82,82,82,82,82,82,82],"card_choices":[{"not_picked":["Compile Driver","Loop"],"picked":"Streamline","floor":1},{"not_picked":["Glacier","Stack"],"picked":"Static Discharge","floor":2},{"not_picked":["Go for the Eyes","Compile Driver"],"picked":"Darkness","floor":3},{"not_picked":["Skim","Machine Learning"],"picked":"BootSequence","floor":10},{"not_picked":["Leap","Beam Cell","Barrage"],"picked":"SKIP","floor":14},{"not_picked":["Reboot","Fission"],"picked":"Multi-Cast","floor":16},{"not_picked":["Ball Lightning+1","Leap","Coolheaded"],"picked":"SKIP","floor":18},{"not_picked":["Reprogram","Cold Snap"],"picked":"Go for the Eyes","floor":19},{"not_picked":["Beam Cell+1","Self Repair"],"picked":"White Noise","floor":22},{"not_picked":["Rebound","Reprogram"],"picked":"Amplify","floor":23},{"not_picked":["Cold Snap+1","Rip and Tear"],"picked":"Glacier","floor":24},{"not_picked":["Go for the Eyes+1","Hologram"],"picked":"Consume","floor":27},{"not_picked":["Redo","Steam Power","Cold Snap+1"],"picked":"SKIP","floor":29},{"not_picked":["Tempest","Hello World+1"],"picked":"Lockon","floor":32}],"player_experience":10090,"relics_obtained":[{"floor":9,"key":"Anchor"},{"floor":23,"key":"Frozen Egg 2"},{"floor":26,"key":"Dream Catcher"}],"event_choices":[{"damage_healed":0,"gold_gain":75,"player_choice":"Gather Gold","damage_taken":11,"max_hp_gain":0,"max_hp_loss":0,"event_name":"World of Goop","floor":4,"gold_loss":0},{"damage_healed":0,"gold_gain":0,"player_choice":"Take Damage","damage_taken":20,"relics_obtained":["Golden Idol"],"max_hp_gain":0,"max_hp_loss":0,"event_name":"Golden Idol","floor":5,"gold_loss":0},{"damage_healed":0,"gold_gain":0,"cards_transformed":["Strike_B"],"player_choice":"Change","damage_taken":0,"max_hp_gain":0,"max_hp_loss":0,"event_name":"Living Wall","floor":7,"gold_loss":0,"cards_obtained":["Gash"]},{"damage_healed":0,"gold_gain":175,"player_choice":"AGREE","damage_taken":0,"max_hp_gain":0,"max_hp_loss":0,"event_name":"Liars Game","floor":13,"gold_loss":0,"cards_obtained":["Doubt"]},{"damage_healed":0,"gold_gain":0,"player_choice":"0 cards matched","damage_taken":0,"max_hp_gain":0,"max_hp_loss":0,"event_name":"Match and Keep!","floor":21,"gold_loss":0,"cards_obtained":[]},{"damage_healed":0,"gold_gain":0,"player_choice":"Ignored","damage_taken":0,"max_hp_gain":0,"max_hp_loss":0,"event_name":"Cursed Tome","floor":30,"gold_loss":0},{"damage_healed":0,"gold_gain":0,"cards_transformed":["Strike_B","Strike_B"],"player_choice":"Became Test Subject","damage_taken":0,"max_hp_gain":0,"max_hp_loss":0,"event_name":"Drug Dealer","floor":31,"gold_loss":0,"cards_obtained":["Capacitor","Static Discharge"]}],"is_beta":false,"boss_relics":[{"not_picked":["Coffee Dripper","Ectoplasm"],"picked":"Runic Pyramid"}],"items_purged_floors":[11,20],"is_endless":false,"potions_floor_spawned":[10,18,24,29],"killed_by":"Collector","ascension_level":0}}