{"host":"xko5sdb82mf02c09","time":1608752443,"event":{"mods":["AchievementEnabler","BaseMod","Colored Map","Minty Spire (QoL Compilation)","Quick Restart","StSLib","everything is the same but u backflip on backflip"],"gold_per_floor":[109,10,23,23,23,23,49,66,66,66,82,82,157,169,169,246,246,262,262,7,7,26,26,26,26,26,41,52,66,84,98,98,98,98],"floor_reached":33,"playtime":1280,"items_purged":["Defend_B"],"score":548,"play_id":"20bb1a62-558b-43dd-883a-7935b8cd30fa","local_time":"20201224044043","is_ascension_mode":true,"campfire_choices":[{"data":"Skim","floor":6.0,"key":"SMITH"},{"data":"Scrape","floor":12.0,"key":"SMITH"},{"floor":15.0,"key":"REST"},{"data":"Reprogram","floor":23.0,"key":"SMITH"},{"floor":25.0,"key":"REST"},{"data":"FTL","floor":32.0,"key":"SMITH"}],"circlet_count":0,"master_deck":["AscendersBane","Strike_B","Strike_B","Strike_B","Defend_B","Defend_B+1","Defend_B","Zap+1","Dualcast+1","Finesse","Skim+1","Beam Cell","Scrape+1","Stack","FTL+1","Self Repair","Finesse","Reprogram+1","Blind","Stack","Go for the Eyes","Steam","BootSequence","Steam"],"relics":["Cracked Core","NeowsBlessing","Blue Candle","Lantern","Nuclear Battery","Frozen Egg 2","HornCleat","Bronze Scales"],"acts_visited":["Exordium","TheCity"],"potions_floor_usage":[33],"damage_taken":[{"damage":0.0,"enemies":"Small Slimes","floor":1.0,"turns":1.0},{"damage":0.0,"enemies":"Jaw Worm","floor":3.0,"turns":1.0},{"damage":0.0,"enemies":"3 Sentries","floor":7.0,"turns":1.0},{"damage":0.0,"enemies":"2 Louse","floor":8.0,"turns":2.0},{"damage":6.0,"enemies":"Exordium Thugs","floor":11.0,"turns":4.0},{"damage":6.0,"enemies":"Large Slime","floor":14.0,"turns":3.0},{"damage":44.0,"enemies":"Hexaghost","floor":16.0,"turns":10.0},{"damage":18.0,"enemies":"Chosen","floor":18.0,"turns":4.0},{"damage":28.0,"enemies":"3 Byrds","floor":22.0,"turns":6.0},{"damage":17.0,"enemies":"3 Cultists","floor":27.0,"turns":6.0},{"damage":14.0,"enemies":"Snake Plant","floor":28.0,"turns":4.0},{"damage":7.0,"enemies":"Chosen and Byrds","floor":29.0,"turns":7.0},{"damage":2.0,"enemies":"3 Cultists","floor":30.0,"turns":6.0},{"damage":6.0,"enemies":"Shelled Parasite and Fungi","floor":31.0,"turns":6.0},{"damage":28,"enemies":"Automaton","floor":33,"turns":12}],"seed_played":"-6279971627797535017","potions_obtained":[{"floor":1.0,"key":"BlessingOfTheForge"},{"floor":7.0,"key":"EssenceOfSteel"},{"floor":8.0,"key":"FairyPotion"},{"floor":18.0,"key":"LiquidMemories"},{"floor":27.0,"key":"Swift Potion"},{"floor":28.0,"key":"Dexterity Potion"}],"is_trial":false,"path_per_floor":["M","$","M","?","?","R","E","M","T","?","M","R","?","M","R","B",null,"M","?","$","T","M","R","?","R","T","M","M","M","M","M","R","B"],"character_chosen":"DEFECT","items_purchased":["Finesse","Reprogram","Blind"],"campfire_rested":2,"item_purchase_floors":[2,20,20],"current_hp_per_floor":[64,64,64,43,43,43,43,43,43,36,30,30,19,13,34,15,57,39,39,39,39,18,18,18,39,39,29,22,22,27,21,21,0,0],"gold":98,"neow_bonus":"THREE_ENEMY_KILL","is_daily":false,"chose_seed":false,"campfire_upgraded":4,"win_rate":0.0,"timestamp":1608752443,"path_taken":["M","$","M","?","?","R","E","M","T","?","M","R","?","?","R","BOSS","M","?","$","?","M","R","?","R","T","?","M","M","M","M","R","BOSS"],"items_purchased_type":["Card","Card","Card"],"build_version":"2020-12-22","purchased_purges":1,"victory":false,"max_hp_per_floor":[71,71,71,71,71,71,71,71,71,71,71,71,71,71,71,71,71,71,71,71,71,71,71,71,71,71,71,71,71,71,71,71,71,71],"card_choices":[{"not_picked":["Tempest","Redo","Lockon"],"picked":"SKIP","floor":1.0},{"not_picked":["Redo","Auto Shields"],"picked":"Skim","floor":3.0},{"not_picked":["Stack","Storm"],"picked":"Beam Cell","floor":7.0},{"not_picked":["Loop","Sweeping Beam"],"picked":"Scrape","floor":8.0},{"not_picked":["Fusion","Beam Cell"],"picked":"Stack","floor":11.0},{"not_picked":["Melter","Double Energy"],"picked":"FTL","floor":14.0},{"not_picked":["Beam Cell","Coolheaded+1"],"picked":"Self Repair","floor":18.0},{"not_picked":["Cold Snap","Beam Cell"],"picked":"Stack","floor":22.0},{"not_picked":["Self Repair+1","Auto Shields"],"picked":"Go for the Eyes","floor":27.0},{"not_picked":["Coolheaded","Leap"],"picked":"Steam","floor":28.0},{"not_picked":["Barrage","Stack"],"picked":"BootSequence","floor":29.0},{"not_picked":["Cold Snap+1","Consume"],"picked":"Steam","floor":30.0},{"not_picked":["Beam Cell","Reinforced Body","Sweeping Beam"],"picked":"SKIP","floor":31.0}],"player_experience":695959,"relics_obtained":[{"floor":7.0,"key":"Blue Candle"},{"floor":9.0,"key":"Lantern"},{"floor":21.0,"key":"Frozen Egg 2"},{"floor":26.0,"key":"Bronze Scales"}],"event_choices":[{"damage_healed":0.0,"max_hp_gain":0.0,"max_hp_loss":0.0,"gold_gain":0.0,"event_name":"Shining Light","player_choice":"Entered Light","floor":4.0,"gold_loss":0.0,"damage_taken":21.0,"cards_upgraded":["Dualcast","Defend_B"]},{"damage_healed":0.0,"max_hp_gain":0.0,"max_hp_loss":0.0,"gold_gain":0.0,"event_name":"Living Wall","player_choice":"Grow","floor":5.0,"gold_loss":0.0,"damage_taken":0.0,"cards_upgraded":["Zap"]},{"cards_removed":["Strike_B"],"damage_healed":0.0,"max_hp_gain":0.0,"max_hp_loss":0.0,"gold_gain":0.0,"event_name":"Golden Wing","player_choice":"Card Removal","floor":10.0,"gold_loss":0.0,"damage_taken":7.0},{"damage_healed":0.0,"max_hp_gain":0.0,"max_hp_loss":0.0,"gold_gain":75.0,"event_name":"World of Goop","player_choice":"Gather Gold","floor":13.0,"gold_loss":0.0,"damage_taken":11.0},{"damage_healed":0.0,"max_hp_gain":0.0,"max_hp_loss":0.0,"gold_gain":0.0,"event_name":"Duplicator","player_choice":"Copied","floor":19.0,"gold_loss":0.0,"damage_taken":0.0,"cards_obtained":["Finesse"]},{"damage_healed":0.0,"max_hp_gain":0.0,"max_hp_loss":0.0,"gold_gain":0.0,"event_name":"WeMeetAgain","player_choice":"Gave Potion","floor":24.0,"gold_loss":0.0,"damage_taken":0.0,"relics_obtained":["HornCleat"]}],"is_beta":false,"boss_relics":[{"not_picked":["Philosopher\u0027s Stone","Inserter"],"picked":"Nuclear Battery"}],"items_purged_floors":[20],"is_endless":false,"potions_floor_spawned":[1,7,8,11,18,27,28],"killed_by":"Automaton","ascension_level":20}}