{"host":"nox","time":1608684339,"event":{"mods":["Aspiration","BaseMod","Better Third Choice","Colored Powertips","Conspire","Hubris","Infinite Spire","Minty Spire (QoL Compilation)","Quick Restart","Rare Cards Sparkle","Replay The Spire","Shop Mod","Spikes Relics","StSLib","SuperFastMode","The Alterego","vexMod"],"gold_per_floor":[114,132,132,132,132,132,132,132,132,132,465,330,359,370,370,473,473,490,504,516,516,516,516,548,548,574,585,585,600,600,600,600],"floor_reached":31,"playtime":851,"items_purged":["Strike_G"],"score":313,"play_id":"6ad39013-596a-4073-a2c4-9d01b187752d","local_time":"20201223074539","is_ascension_mode":true,"campfire_choices":[{"data":"Strike_G","floor":7.0,"key":"SMITH"},{"data":"Defend_G","floor":10.0,"key":"SMITH"},{"floor":15.0,"key":"REST"},{"floor":23.0,"key":"REST"},{"floor":25.0,"key":"REST"},{"floor":28.0,"key":"RECALL"}],"circlet_count":0,"master_deck":["Strike_G+1","Strike_G+1","Strike_G+1","Strike_G+1","Defend_G+1","Defend_G+1","Defend_G+1","Defend_G+1","Defend_G+1","Survivor","Neutralize+1","Slice","Clash","Infinite Blades","Infinite Blades","Infinite Blades","Crescendo","ReplayTheSpireMod:From All Sides","Blade Dance","Evolve","Double Energy+1","Replay:Vibes+1"],"relics":["Replay:M_SmolderingBlood","infinitespire:Cubic Diamond","Replay:Mystery Machine","infinitespire:CheckeredPen","SpikesRelics:ToyHorsey","Old Coin","RetroEgg","CosmicIsotope","PrismaticShard","Chameleon Ring","Sundial"],"acts_visited":["Exordium","TheCity"],"potions_floor_usage":[31],"damage_taken":[{"damage":3.0,"enemies":"Cultist","floor":1.0,"turns":4.0},{"damage":0.0,"enemies":"Small Slimes","floor":2.0,"turns":4.0},{"damage":14.0,"enemies":"Lagavulin","floor":11.0,"turns":4.0},{"damage":7.0,"enemies":"3 Sentries","floor":13.0,"turns":3.0},{"damage":0.0,"enemies":"Jaw Worm","floor":14.0,"turns":2.0},{"damage":15.0,"enemies":"Hexaghost","floor":16.0,"turns":5.0},{"damage":31.0,"enemies":"2 Thieves","floor":18.0,"turns":4.0},{"damage":8.0,"enemies":"3 Byrds","floor":19.0,"turns":5.0},{"damage":0.0,"enemies":"Sentry and Sphere","floor":20.0,"turns":2.0},{"damage":25.0,"enemies":"conspire:SneckoGhost","floor":24.0,"turns":7.0},{"damage":28.0,"enemies":"Shelled Parasite and Fungi","floor":27.0,"turns":5.0},{"damage":10.0,"enemies":"Snecko","floor":29.0,"turns":3.0},{"damage":14,"enemies":"Book of Stabbing","floor":31,"turns":1}],"seed_played":"9175985585988475441","potions_obtained":[{"floor":2.0,"key":"Poison Potion"},{"floor":14.0,"key":"AttackPotion"},{"floor":29.0,"key":"Explosive Potion"}],"is_trial":false,"path_per_floor":["M","M","?","?","T","?","R","?","T","R","E","$","E","M","R","B",null,"M","M","M","?","?","R","E","R","T","M","R","M","AVR","E"],"character_chosen":"THE_SILENT","items_purchased":["Infinite Blades"],"campfire_rested":3,"item_purchase_floors":[12],"current_hp_per_floor":[74,74,74,74,74,59,59,34,34,34,20,20,13,13,36,21,77,46,38,38,38,30,53,28,51,51,23,23,13,13,0,0],"gold":600,"neow_bonus":"TEN_PERCENT_HP_BONUS","is_daily":false,"chose_seed":false,"campfire_upgraded":2,"win_rate":0.0,"timestamp":1608684339,"path_taken":["M","M","?","?","?","?","R","?","T","R","E","$","E","M","R","BOSS","M","M","M","?","?","R","E","R","T","M","R","M","AVR","E"],"items_purchased_type":["Card"],"build_version":"2020-11-17","purchased_purges":1,"victory":false,"max_hp_per_floor":[77,77,77,77,77,77,77,77,77,77,77,77,77,77,77,77,77,77,77,77,77,77,77,77,77,77,77,77,77,77,77,77],"card_choices":[{"not_picked":["Deflect","PiercingWail"],"picked":"Slice","floor":1.0},{"not_picked":["ShadowRift","Hidden Blade","Dodge and Roll"],"picked":"SKIP","floor":2.0},{"not_picked":["Backflip","Outmaneuver"],"picked":"Clash","floor":11.0},{"not_picked":["BowlingBash","PiercingWail"],"picked":"Infinite Blades","floor":13.0},{"not_picked":["Sucker Punch","BowlingBash"],"picked":"Crescendo","floor":14.0},{"not_picked":["Bullet Time","Adrenaline"],"picked":"ReplayTheSpireMod:From All Sides","floor":16.0},{"not_picked":["Acrobatics","Dash","Toxin Wave"],"picked":"SKIP","floor":18.0},{"not_picked":["Sneak Up","PiercingWail"],"picked":"Blade Dance","floor":19.0},{"not_picked":["hubris:TrickCloak","Sucker Punch","Leg Sweep"],"picked":"SKIP","floor":20.0},{"not_picked":["Cold Snap","Dramatic Entrance"],"picked":"Evolve","floor":24.0},{"not_picked":["PathToVictory","Dagger Spray"],"picked":"Double Energy+1","floor":27.0},{"not_picked":["Prepared+1","Panic Button+1"],"picked":"Replay:Vibes+1","floor":29.0}],"player_experience":225216,"relics_obtained":[{"floor":5.0,"key":"Replay:Mystery Machine"},{"floor":9.0,"key":"SpikesRelics:ToyHorsey"},{"floor":11.0,"key":"Old Coin"},{"floor":13.0,"key":"RetroEgg"},{"floor":22.0,"key":"PrismaticShard"},{"floor":24.0,"key":"Chameleon Ring"}],"event_choices":[{"damage_healed":74.0,"max_hp_gain":0.0,"max_hp_loss":77.0,"gold_gain":0.0,"event_name":"betterThird:BetterShining","player_choice":"Upgrade","floor":6.0,"gold_loss":0.0,"damage_taken":15.0,"cards_upgraded":["Strike_G","Defend_G"]},{"damage_healed":0.0,"max_hp_gain":0.0,"max_hp_loss":0.0,"gold_gain":0.0,"event_name":"betterThird:BetterScrap","player_choice":"Relic ","floor":8.0,"gold_loss":0.0,"damage_taken":25.0,"cards_obtained":["Vengeance"]},{"damage_healed":0.0,"max_hp_gain":0.0,"max_hp_loss":5.0,"gold_gain":0.0,"event_name":"betterThird:BetterWriting","player_choice":"Simplicity","floor":21.0,"gold_loss":0.0,"damage_taken":0.0}],"is_beta":true,"boss_relics":[{"not_picked":["Velvet Choker","vexMod:MegatonBomb"],"picked":"CosmicIsotope"}],"items_purged_floors":[12],"is_endless":false,"potions_floor_spawned":[2,14,29],"killed_by":"Book of Stabbing","ascension_level":4}}