{"host":"knoo6yq0od847mqf","time":1608749339,"event":{"mods":["BaseMod","Bestiary","CatGirl Mod","Displayed Cursed Tome","Downfall","Hubris","Marisa????????","Minty Spire (QoL Compilation)","Replay The Spire","StSLib","The Alterego","The Bug Knight","The Dragon Tamer"],"gold_per_floor":[363,27,27,58,91,117,117,117,117,160,172,212,257,301,313,325,325],"floor_reached":16,"playtime":568,"items_purged":[],"score":96,"play_id":"a959ff6d-60c2-41b1-b7df-993e890141b9","local_time":"20201223194859","is_ascension_mode":false,"campfire_choices":[{"data":"TreasureHunter","floor":7,"key":"SMITH"},{"floor":11,"key":"REST"},{"data":"BlazeAway","floor":15,"key":"SMITH"}],"circlet_count":0,"master_deck":["Strike_MRS","Strike_MRS","Strike_MRS","Defend_MRS","Defend_MRS","Defend_MRS","Defend_MRS","MasterSpark","UpSweep","GalacticHalo","WitchOfGreed","StarBarrage","PropBag+1","SporeBomb","TreasureHunter+1","BlazeAway+1","MachineGunSpark","UnstableBomb"],"relics":["MiniHakkero","SimpleLauncher","MawBank","AmplifyWand"],"acts_visited":["Exordium"],"potions_floor_usage":[16,16],"damage_taken":[{"damage":1,"enemies":"Cultist","floor":1,"turns":3},{"damage":2,"enemies":"Small Slimes","floor":4,"turns":3},{"damage":5,"enemies":"Jaw Worm","floor":5,"turns":4},{"damage":5,"enemies":"Looter","floor":6,"turns":3},{"damage":16,"enemies":"Exordium Wildlife","floor":10,"turns":6},{"damage":6,"enemies":"Large Slime","floor":12,"turns":5},{"damage":4,"enemies":"Blue Slaver","floor":13,"turns":4},{"damage":16,"enemies":"Red Slaver","floor":14,"turns":5},{"damage":33,"enemies":"Hexaghost","floor":16,"turns":10}],"seed_played":"2316593315380982337","potions_obtained":[{"floor":4,"key":"Regen Potion"},{"floor":5,"key":"champ:CounterPotion"},{"floor":5,"key":"Flashbang"}],"is_trial":false,"path_per_floor":["M","$","?","M","M","M","R","?","T","M","R","M","M","M","R","B"],"character_chosen":"MARISA","items_purchased":["SimpleLauncher","WitchOfGreed"],"campfire_rested":1,"item_purchase_floors":[2,2],"current_hp_per_floor":[67,67,67,65,60,55,55,55,55,39,59,53,49,33,33,0,0],"gold":325,"neow_bonus":"TWO_FIFTY_GOLD","is_daily":false,"chose_seed":false,"campfire_upgraded":2,"win_rate":0.0,"timestamp":1608749339,"path_taken":["M","$","?","M","M","?","R","?","T","M","R","M","M","M","R","BOSS"],"items_purchased_type":["Relic","Card"],"build_version":"2020-12-13","purchased_purges":0,"victory":false,"max_hp_per_floor":[68,68,68,68,68,68,68,68,68,68,68,68,68,68,68,68,68],"card_choices":[{"not_picked":["StarlightTyphoon","ShootTheMoon"],"picked":"GalacticHalo","floor":1},{"not_picked":["SporeBomb","WitchLeyline"],"picked":"PropBag","floor":4},{"not_picked":["DeepEcoloBomb","LuminesStrike"],"picked":"SporeBomb","floor":5},{"not_picked":["LuminesStrike","Acceleration"],"picked":"TreasureHunter","floor":6},{"not_picked":["DoubleSpark","Singularity","WitchLeyline"],"picked":"SKIP","floor":10},{"not_picked":["GrandCross","MagicChant"],"picked":"BlazeAway","floor":12},{"not_picked":["WitchOfGreed","NonDirectionalLaser"],"picked":"MachineGunSpark","floor":13},{"not_picked":["GalacticHalo","AsteroidBelt"],"picked":"UnstableBomb","floor":14}],"player_experience":203893,"relics_obtained":[{"floor":9,"key":"MawBank"}],"event_choices":[{"damage_healed":0,"gold_gain":0,"cards_transformed":["Strike_MRS"],"player_choice":"Transformed","damage_taken":0,"max_hp_gain":0,"max_hp_loss":0,"event_name":"Transmorgrifier","floor":3,"gold_loss":0,"cards_obtained":["StarBarrage"]}],"is_beta":false,"boss_relics":[],"items_purged_floors":[],"is_endless":false,"potions_floor_spawned":[5,6,13],"killed_by":"Hexaghost","ascension_level":0}}