{"host":"ci7ivtocgfxh0ueo","time":1608767547,"event":{"mods":["BaseMod","GifTheSpireLib","Minty Spire (QoL Compilation)","StSLib"],"gold_per_floor":[115,29,104,118,118,143,143,163,163,163,175,203,233,51,51,130,130,147,147,62,72,72,72,86,86,86,113,132,132,0,14,14,14,14],"floor_reached":33,"playtime":856,"items_purged":[],"score":551,"play_id":"fa6ea4cc-ae3e-4fd4-8520-24e1a2a112af","local_time":"20201224075227","is_ascension_mode":true,"campfire_choices":[{"data":"Neutralize","floor":7,"key":"SMITH"},{"data":"Tactician","floor":15,"key":"SMITH"},{"data":"Venomology","floor":23,"key":"SMITH"},{"data":"Distraction","floor":25,"key":"SMITH"},{"floor":32,"key":"REST"}],"circlet_count":0,"master_deck":["AscendersBane","Strike_G","Strike_G","Strike_G","Defend_G","Defend_G","Defend_G","Survivor","Neutralize+1","Eviscerate+1","All Out Attack","Acrobatics","Poisoned Stab","Acrobatics","Distraction+1","Tactician+1","Venomology+1","Terror+1","Poisoned Stab+1","Dash+1","Bane","Poisoned Stab","Setup","Decay","Underhanded Strike"],"relics":["Ring of the Snake","NeowsBlessing","Pear","StrikeDummy","Odd Mushroom","Centennial Puzzle","Astrolabe","Unceasing Top","Vajra","Matryoshka"],"acts_visited":["Exordium","TheCity"],"potions_floor_usage":[13,13,13,13,16,16,16,18,18,18,21,24,24,24,27,31,31,33],"damage_taken":[{"damage":0,"enemies":"Jaw Worm","floor":1,"turns":1},{"damage":0,"enemies":"2 Louse","floor":4,"turns":1},{"damage":0,"enemies":"Gremlin Nob","floor":6,"turns":1},{"damage":0,"enemies":"Small Slimes","floor":8,"turns":2},{"damage":2,"enemies":"Red Slaver","floor":11,"turns":3},{"damage":7,"enemies":"The Mushroom Lair","floor":12,"turns":4},{"damage":3,"enemies":"3 Sentries","floor":13,"turns":6},{"damage":30,"enemies":"Slime Boss","floor":16,"turns":8},{"damage":12,"enemies":"3 Byrds","floor":18,"turns":4},{"damage":16,"enemies":"2 Thieves","floor":21,"turns":3},{"damage":0,"enemies":"Snake Plant","floor":24,"turns":3},{"damage":16,"enemies":"Book of Stabbing","floor":27,"turns":5},{"damage":0,"enemies":"Snecko","floor":28,"turns":2},{"damage":19,"enemies":"Shelled Parasite and Fungi","floor":31,"turns":3},{"damage":40,"enemies":"Collector","floor":33,"turns":3}],"seed_played":"187951735782026483","potions_obtained":[{"floor":8,"key":"Dexterity Potion"},{"floor":11,"key":"EntropicBrew"},{"floor":13,"key":"Energy Potion"},{"floor":16,"key":"Regen Potion"},{"floor":18,"key":"Weak Potion"},{"floor":21,"key":"Energy Potion"},{"floor":27,"key":"LiquidBronze"}],"is_trial":false,"path_per_floor":["M","$","?","M","?","E","R","M","T","?","M","?","E","$","R","B",null,"M","?","?","M","$","R","M","R","T","E","M","?","?","M","R","B"],"character_chosen":"THE_SILENT","items_purchased":["All Out Attack","EntropicBrew","Tactician"],"campfire_rested":1,"item_purchase_floors":[2,14,14],"current_hp_per_floor":[59,59,48,48,48,58,58,58,58,58,56,49,46,46,46,16,61,68,68,68,52,52,52,52,52,52,36,36,36,36,17,39,0,0],"gold":14,"neow_bonus":"THREE_ENEMY_KILL","is_daily":false,"chose_seed":false,"campfire_upgraded":4,"win_rate":0.0,"timestamp":1608767547,"path_taken":["M","$","?","M","?","E","R","M","T","?","?","?","E","?","R","BOSS","M","?","?","M","$","R","M","R","T","E","M","?","?","M","R","BOSS"],"items_purchased_type":["Card","Potion","Card"],"build_version":"2020-12-22","purchased_purges":0,"victory":false,"max_hp_per_floor":[66,66,66,66,66,76,76,76,76,76,76,76,76,76,76,76,76,76,76,76,76,76,76,76,76,76,76,76,76,76,76,76,76,76],"card_choices":[{"not_picked":["Dagger Spray","Flechettes"],"picked":"Eviscerate","floor":1},{"not_picked":["Concentrate","Dagger Throw"],"picked":"Acrobatics","floor":4},{"not_picked":["Dagger Spray","Dodge and Roll"],"picked":"Poisoned Stab","floor":6},{"not_picked":["Deflect","Cloak And Dagger","Infinite Blades"],"picked":"SKIP","floor":8},{"not_picked":["Blade Dance","PiercingWail"],"picked":"Acrobatics","floor":11},{"not_picked":["Acrobatics","Noxious Fumes"],"picked":"Distraction","floor":13},{"not_picked":["Doppelganger","Unload"],"picked":"Venomology","floor":16},{"not_picked":["Dagger Spray","Deflect","Reflex"],"picked":"SKIP","floor":18},{"not_picked":["Dagger Spray","Poisoned Stab"],"picked":"Bane","floor":21},{"not_picked":["Cloak And Dagger","Deflect+1"],"picked":"Poisoned Stab","floor":24},{"not_picked":["Endless Agony","Deflect"],"picked":"Setup","floor":27},{"not_picked":["Phantasmal Killer","Deadly Poison","Riddle With Holes"],"picked":"SKIP","floor":28},{"not_picked":["All Out Attack","Slice"],"picked":"Underhanded Strike","floor":31}],"player_experience":1283807,"relics_obtained":[{"floor":6,"key":"Pear"},{"floor":9,"key":"StrikeDummy"},{"floor":12,"key":"Odd Mushroom"},{"floor":13,"key":"Centennial Puzzle"},{"floor":26,"key":"Vajra"},{"floor":27,"key":"Matryoshka"}],"event_choices":[{"damage_healed":0,"gold_gain":75,"player_choice":"Gather Gold","damage_taken":11,"max_hp_gain":0,"max_hp_loss":0,"event_name":"World of Goop","floor":3,"gold_loss":0},{"damage_healed":0,"gold_gain":0,"player_choice":"Grow","damage_taken":0,"max_hp_gain":0,"max_hp_loss":0,"event_name":"Living Wall","floor":5,"gold_loss":0,"cards_upgraded":["Eviscerate"]},{"cards_removed":["Strike_G"],"damage_healed":0,"gold_gain":0,"player_choice":"Offered Basic","damage_taken":0,"max_hp_gain":0,"max_hp_loss":0,"event_name":"Bonfire Elementals","floor":10,"gold_loss":0},{"damage_healed":0,"gold_gain":0,"player_choice":"Fought Mushrooms","damage_taken":0,"max_hp_gain":0,"max_hp_loss":0,"event_name":"Mushrooms","floor":12,"gold_loss":0},{"damage_healed":0,"gold_gain":0,"player_choice":"Ignored","damage_taken":0,"max_hp_gain":0,"max_hp_loss":0,"event_name":"Beggar","floor":19,"gold_loss":0},{"damage_healed":0,"gold_gain":0,"player_choice":"Obtained Relic","damage_taken":0,"relics_obtained":["Unceasing Top"],"max_hp_gain":0,"max_hp_loss":0,"event_name":"Addict","floor":20,"gold_loss":85},{"damage_healed":0,"gold_gain":0,"player_choice":"Smashed Altar","damage_taken":0,"max_hp_gain":0,"max_hp_loss":0,"event_name":"Forgotten Altar","floor":29,"gold_loss":0,"cards_obtained":["Decay"]},{"damage_healed":0,"gold_gain":0,"player_choice":"Paid Fearfully","damage_taken":0,"max_hp_gain":0,"max_hp_loss":0,"event_name":"Masked Bandits","floor":30,"gold_loss":132}],"is_beta":false,"boss_relics":[{"not_picked":["Pandora\u0027s Box","Runic Pyramid"],"picked":"Astrolabe"}],"items_purged_floors":[],"is_endless":false,"potions_floor_spawned":[8,11,13,16,18,21,27],"killed_by":"Collector","ascension_level":17}}