{"host":"6kpik4p6m02tzjjt","time":1608708034,"event":{"mods":["BaseMod","Colored Map","Minty Spire (QoL Compilation)","Quick Restart","Relic Stats"],"gold_per_floor":[417,432,447,0,0,30,43,55,81,140,65,91,91,123,123,123,123],"floor_reached":16,"playtime":1411,"items_purged":["Scrape"],"score":126,"play_id":"7817b084-6fa9-4124-b893-5b98ffe5facb","local_time":"20201223022034","is_ascension_mode":true,"campfire_choices":[{"floor":13,"key":"REST"},{"floor":15,"key":"REST"}],"circlet_count":0,"master_deck":["Strike_B","Strike_B","Strike_B","Strike_B","Defend_B","Defend_B","Defend_B","Defend_B","Zap","Dualcast","Storm","Go for the Eyes","Melter","Chill+1","White Noise+1","Conserve Battery+1","Reinforced Body+1","Biased Cognition"],"relics":["Cracked Core","Old Coin","Toxic Egg 2","Chemical X","Gambling Chip","Vajra","Toy Ornithopter","Regal Pillow","Pen Nib"],"acts_visited":["Exordium"],"potions_floor_usage":[8],"damage_taken":[{"damage":0,"enemies":"Cultist","floor":1,"turns":4},{"damage":5,"enemies":"Small Slimes","floor":2,"turns":3},{"damage":1,"enemies":"Jaw Worm","floor":3,"turns":3},{"damage":30,"enemies":"Lagavulin","floor":6,"turns":6},{"damage":15,"enemies":"Exordium Thugs","floor":7,"turns":5},{"damage":3,"enemies":"Looter","floor":8,"turns":3},{"damage":0,"enemies":"3 Sentries","floor":10,"turns":8},{"damage":9,"enemies":"3 Sentries","floor":12,"turns":7},{"damage":16,"enemies":"Lagavulin","floor":14,"turns":6},{"damage":61,"enemies":"Hexaghost","floor":16,"turns":11}],"seed_played":"-3193970960111778295","potions_obtained":[{"floor":1,"key":"Energy Potion"},{"floor":3,"key":"Ancient Potion"},{"floor":7,"key":"Regen Potion"}],"is_trial":false,"path_per_floor":["M","M","M","$","?","E","M","M","T","?","$","E","R","E","R","B"],"character_chosen":"DEFECT","items_purchased":["Toxic Egg 2","Chemical X","Melter"],"campfire_rested":2,"item_purchase_floors":[4,4,4],"current_hp_per_floor":[68,63,62,62,56,26,11,13,13,13,13,4,39,23,58,0,0],"gold":123,"neow_bonus":"ONE_RARE_RELIC","is_daily":false,"chose_seed":false,"campfire_upgraded":0,"win_rate":0.0,"timestamp":1608708034,"path_taken":["M","?","M","$","?","E","?","M","T","?","?","E","R","E","R","BOSS"],"items_purchased_type":["Relic","Relic","Card"],"build_version":"2020-12-22","purchased_purges":1,"victory":false,"max_hp_per_floor":[68,68,68,68,68,68,68,68,68,68,68,68,68,68,68,68,68],"relic_stats":{"Regal Pillow":30,"counters":[10,56],"Gambling Chip":[11],"Pen Nib":[1],"Chemical X":[5],"obtain_stats":[{"Regal Pillow":12,"Gambling Chip":6,"Vajra":9,"Pen Nib":14,"Chemical X":4,"Toxic Egg 2":4,"Cracked Core":0,"Toy Ornithopter":10,"Old Coin":0},{"Regal Pillow":8,"Gambling Chip":4,"Vajra":6,"Pen Nib":9,"Chemical X":3,"Toxic Egg 2":3,"Cracked Core":0,"Toy Ornithopter":6,"Old Coin":0},{"Regal Pillow":39,"Gambling Chip":16,"Vajra":24,"Pen Nib":45,"Chemical X":10,"Toxic Egg 2":10,"Cracked Core":0,"Toy Ornithopter":24,"Old Coin":0}],"Toy Ornithopter":0},"card_choices":[{"not_picked":["Glacier","Melter"],"picked":"Storm","floor":1},{"not_picked":["Redo","Chaos"],"picked":"Go for the Eyes","floor":2},{"not_picked":["Rebound","Compile Driver"],"picked":"Scrape","floor":3},{"not_picked":["Loop","Streamline"],"picked":"Chill+1","floor":6},{"not_picked":["Compile Driver","Coolheaded+1"],"picked":"White Noise+1","floor":7},{"not_picked":["Tempest+1","Blizzard"],"picked":"Conserve Battery+1","floor":8},{"not_picked":["Blizzard","Scrape"],"picked":"Reinforced Body+1","floor":12},{"not_picked":["Sweeping Beam","Beam Cell"],"picked":"Biased Cognition","floor":14}],"player_experience":8804,"relics_obtained":[{"floor":6,"key":"Gambling Chip"},{"floor":9,"key":"Vajra"},{"floor":12,"key":"Regal Pillow"},{"floor":14,"key":"Pen Nib"}],"event_choices":[{"damage_healed":0,"gold_gain":0,"player_choice":"Damaged","damage_taken":6,"max_hp_gain":0,"max_hp_loss":0,"event_name":"Wheel of Change","floor":5,"gold_loss":0},{"damage_healed":0,"gold_gain":0,"player_choice":"Searched \u00273\u0027 times","damage_taken":0,"relics_obtained":["Toy Ornithopter"],"max_hp_gain":0,"max_hp_loss":0,"event_name":"Dead Adventurer","floor":10,"gold_loss":0}],"is_beta":false,"boss_relics":[],"items_purged_floors":[11],"is_endless":false,"potions_floor_spawned":[1,3,7],"killed_by":"Hexaghost","ascension_level":1}}