{"host":"1g0zx6fxgd1m75qs","time":1608729933,"event":{"mods":["Act Like it!","BaseMod","GifTheSpireLib","Googly Eyes","Ironclad Rager","Menagerie","Minty Spire (QoL Compilation)","StSLib","The Jungle","The Marked"],"gold_per_floor":[18,18,18,18,18,18,38,63,63,75,94,128,53,63,63,168,168,178,178,30,30,30,60,60,70,370,127,127,127],"floor_reached":28,"playtime":787,"items_purged":["Doubt","Pain"],"score":244,"play_id":"31cc417b-8424-4c24-b731-129ddc569373","local_time":"20201223142533","is_ascension_mode":false,"campfire_choices":[{"floor":6,"key":"REST"},{"floor":15,"key":"REST"}],"circlet_count":0,"master_deck":["Survivor","Neutralize","Poisoned Stab","Poisoned Stab","Poisoned Stab","Poisoned Stab","Poisoned Stab","Dodge and Roll","Dodge and Roll","Dodge and Roll","Dodge and Roll","Dodge and Roll","Poisoned Stab","Catalyst","Bouncing Flask","Noxious Fumes","Corpse Explosion","Dodge and Roll+1","Noxious Fumes","Escape Plan+1"],"relics":["Ring of the Snake","Menagerie:ShiftingBlessing","Blood Vial","Art of War","Cursed Key","Calipers","Old Coin","War Paint"],"acts_visited":["Menagerie:Menagerie","TheCity"],"potions_floor_usage":[12,16,23,23,25,28],"damage_taken":[{"damage":0,"enemies":"Menagerie:StygianBoar","floor":1,"turns":2},{"damage":1,"enemies":"Menagerie:WhisperingWraith","floor":7,"turns":3},{"damage":6,"enemies":"Menagerie:MaskedSummoner","floor":8,"turns":13},{"damage":2,"enemies":"Menagerie:MonstrousExperiment","floor":10,"turns":3},{"damage":9,"enemies":"Menagerie:BEAST_MAGE_AND_PROWLING_AMALGAM","floor":11,"turns":5},{"damage":9,"enemies":"Menagerie:VoidReaper","floor":12,"turns":4},{"damage":6,"enemies":"Menagerie:MENAGERIE_WILDLIFE","floor":14,"turns":3},{"damage":18,"enemies":"Menagerie:Suneater","floor":16,"turns":7},{"damage":2,"enemies":"Spheric Guardian","floor":18,"turns":3},{"damage":21,"enemies":"Book of Stabbing","floor":23,"turns":5},{"damage":13,"enemies":"2 Thieves","floor":25,"turns":2},{"damage":35,"enemies":"Slavers","floor":28,"turns":2}],"seed_played":"235635791746669883","potions_obtained":[{"floor":7,"key":"SpeedPotion"},{"floor":11,"key":"Block Potion"},{"floor":14,"key":"FearPotion"},{"floor":18,"key":"DistilledChaos"},{"floor":23,"key":"AttackPotion"},{"floor":25,"key":"PowerPotion"}],"is_trial":false,"path_per_floor":["M","$","?","$","$","R","M","E","T","M","M","E","$","M","R","B",null,"M","?","$","?","?","E","$","M","T","$","E"],"character_chosen":"THE_SILENT","items_purchased":["Bouncing Flask","Escape Plan","War Paint"],"campfire_rested":2,"item_purchase_floors":[13,20,27],"current_hp_per_floor":[45,45,36,36,36,54,53,47,47,47,40,33,33,29,47,31,63,61,61,61,61,61,42,42,31,31,31,0,0],"gold":127,"neow_bonus":"SILENT_ASSASSIN","is_daily":false,"chose_seed":false,"campfire_upgraded":0,"win_rate":0.0,"timestamp":1608729933,"path_taken":["M","$","?","?","$","R","M","E","T","M","?","E","$","M","R","BOSS","M","?","$","?","?","E","$","?","T","?","E"],"items_purchased_type":["Card","Card","Relic"],"build_version":"2020-12-22","purchased_purges":2,"victory":false,"max_hp_per_floor":[63,63,63,63,63,63,63,63,63,63,63,63,63,63,63,63,63,63,63,63,63,63,63,63,63,63,63,63,63],"card_choices":[{"not_picked":["Distraction","Backstab"],"picked":"Poisoned Stab","floor":1},{"not_picked":["Backflip","Sucker Punch"],"picked":"Dodge and Roll","floor":7},{"not_picked":["Outmaneuver","Backflip"],"picked":"Catalyst","floor":8},{"not_picked":["Sucker Punch","Flechettes","Acrobatics"],"picked":"SKIP","floor":10},{"not_picked":["Flying Knee","Riddle With Holes"],"picked":"Caltrops","floor":11},{"not_picked":["Skewer","Dagger Throw","PiercingWail"],"picked":"SKIP","floor":12},{"not_picked":["Bane","Unload"],"picked":"Noxious Fumes","floor":14},{"not_picked":["Grand Finale","Adrenaline"],"picked":"Corpse Explosion","floor":16},{"not_picked":["Riddle With Holes","Backstab+1"],"picked":"Dodge and Roll","floor":18},{"not_picked":["Flying Knee+1","Grand Finale","Dodge and Roll"],"picked":"SKIP","floor":23},{"not_picked":["Riddle With Holes+1","Concentrate","Choke+1"],"picked":"SKIP","floor":25}],"player_experience":390680,"relics_obtained":[{"floor":8,"key":"Blood Vial"},{"floor":12,"key":"Art of War"},{"floor":23,"key":"Calipers"},{"floor":26,"key":"Old Coin"}],"event_choices":[{"damage_healed":0,"gold_gain":0,"player_choice":"Touch","damage_taken":9,"relics_obtained":["Menagerie:ShiftingBlessing"],"max_hp_gain":0,"max_hp_loss":0,"event_name":"Menagerie:LunarGift","floor":3,"gold_loss":0},{"damage_healed":0,"gold_gain":0,"cards_transformed":["Decay","Caltrops"],"player_choice":"Became Test Subject","damage_taken":0,"max_hp_gain":0,"max_hp_loss":0,"event_name":"Drug Dealer","floor":19,"gold_loss":0,"cards_obtained":["Doubt","Noxious Fumes"]},{"cards_removed":["Dodge and Roll"],"damage_healed":0,"gold_gain":0,"player_choice":"Elegance","damage_taken":0,"max_hp_gain":0,"max_hp_loss":0,"event_name":"Back to Basics","floor":21,"gold_loss":0},{"damage_healed":0,"gold_gain":0,"player_choice":"0 cards matched","damage_taken":0,"max_hp_gain":0,"max_hp_loss":0,"event_name":"Match and Keep!","floor":22,"gold_loss":0,"cards_obtained":[]}],"is_beta":false,"boss_relics":[{"not_picked":["WristBlade","Runic Dome"],"picked":"Cursed Key"}],"items_purged_floors":[20,27],"is_endless":false,"potions_floor_spawned":[7,11,14,18,23,25],"killed_by":"Slavers","ascension_level":0}}