{"host":"cd9ii0p4lcq6b7m2","time":1608722443,"event":{"mods":["BaseMod","Block Reminder","Colored Map","Highlight Path","Minty Spire (QoL Compilation)"],"gold_per_floor":[114,114,133,152,76,114,81,81,81,100,100,138,138,176,176,301,301,320,339,339,17,17,55,74,74,74,74,112,112,112,112,112,237,237,256,275,294,294,294],"floor_reached":38,"playtime":3627,"items_purged":[],"score":430,"play_id":"1c52cd42-23ec-477e-8262-0dae6de39a33","local_time":"20201223112043","daily_mods":["SealedDeck","Red Cards","Night Terrors"],"is_ascension_mode":false,"campfire_choices":[{"data":"Thunderclap","floor":8.0,"key":"SMITH"},{"data":"JustLucky","floor":11.0,"key":"SMITH"},{"data":"FlurryOfBlows","floor":13.0,"key":"SMITH"},{"floor":15.0,"key":"REST"},{"floor":29.0,"key":"REST"},{"data":"Shockwave","floor":32.0,"key":"SMITH"}],"circlet_count":0,"master_deck":["Thunderclap+1","Evaluate","EmptyFist","Twin Strike","CutThroughFate","Shockwave+1","FlurryOfBlows+1","Shrug It Off","Indignation","ClearTheMind","Injury","SashWhip","Burning Pact","Perseverance","JustLucky+1","Nirvana","Feed","Inflame","Sever Soul","InnerPeace+1","ConjureBlade","DeusExMachina","Dropkick+1"],"relics":["PureWater","Golden Idol","Blue Candle","StrikeDummy","Question Card","StoneCalendar","Busted Crown","Eternal Feather","Smiling Mask","MealTicket","CaptainsWheel","MutagenicStrength","SlaversCollar"],"acts_visited":["Exordium","TheCity","TheBeyond"],"potions_floor_usage":[38],"damage_taken":[{"damage":1.0,"enemies":"2 Louse","floor":1.0,"turns":2.0},{"damage":2.0,"enemies":"Jaw Worm","floor":3.0,"turns":3.0},{"damage":0.0,"enemies":"Small Slimes","floor":4.0,"turns":1.0},{"damage":20.0,"enemies":"Gremlin Nob","floor":6.0,"turns":3.0},{"damage":0.0,"enemies":"2 Fungi Beasts","floor":10.0,"turns":2.0},{"damage":14.0,"enemies":"3 Sentries","floor":12.0,"turns":7.0},{"damage":9.0,"enemies":"Lagavulin","floor":14.0,"turns":4.0},{"damage":25.0,"enemies":"Hexaghost","floor":16.0,"turns":7.0},{"damage":9.0,"enemies":"Shell Parasite","floor":18.0,"turns":2.0},{"damage":5.0,"enemies":"3 Byrds","floor":19.0,"turns":3.0},{"damage":38.0,"enemies":"Slavers","floor":23.0,"turns":6.0},{"damage":12.0,"enemies":"Snecko","floor":24.0,"turns":3.0},{"damage":18.0,"enemies":"Gremlin Leader","floor":28.0,"turns":5.0},{"damage":37.0,"enemies":"Collector","floor":33.0,"turns":8.0},{"damage":38,"enemies":"3 Darklings","floor":35,"turns":5},{"damage":10,"enemies":"3 Shapes","floor":36,"turns":4},{"damage":10,"enemies":"Transient","floor":37,"turns":5},{"damage":10,"enemies":"Maw","floor":38,"turns":2}],"seed_played":"4926568582952100995","potions_obtained":[{"floor":1.0,"key":"EntropicBrew"},{"floor":3.0,"key":"Dexterity Potion"},{"floor":4.0,"key":"ColorlessPotion"},{"floor":18.0,"key":"GamblersBrew"},{"floor":23.0,"key":"Block Potion"},{"floor":24.0,"key":"LiquidMemories"},{"floor":36,"key":"SteroidPotion"},{"floor":37,"key":"DuplicationPotion"}],"is_trial":false,"path_per_floor":["M","?","M","M","$","E","?","R","T","M","R","E","R","E","R","B",null,"M","M","?","$","?","E","M","$","T","?","E","R","?","?","R","B",null,"M","M","M","M"],"character_chosen":"WATCHER","items_purchased":["Perseverance","Eternal Feather","Inflame"],"campfire_rested":2,"item_purchase_floors":[5,21,21],"current_hp_per_floor":[71,71,69,69,69,49,49,49,49,49,49,35,35,26,67,42,67,58,56,56,56,56,18,6,21,21,21,3,65,65,59,65,28,65,27,20,10,0,0],"gold":294,"neow_bonus":"","is_daily":true,"chose_seed":false,"campfire_upgraded":4,"win_rate":0.0,"timestamp":1608722443,"path_taken":["M","?","M","M","$","E","?","R","T","M","R","E","R","E","R","BOSS","M","M","?","$","?","E","M","$","T","?","E","R","?","?","R","BOSS","M","M","?","M"],"items_purchased_type":["Card","Relic","Card"],"build_version":"2020-12-22","purchased_purges":0,"victory":false,"max_hp_per_floor":[72,72,72,72,72,72,72,72,72,72,72,72,72,72,67,67,67,67,70,70,70,70,70,70,70,70,70,70,65,65,65,65,65,65,65,68,68,68,68],"card_choices":[{"not_picked":["Wallop","Blood for Blood","Sword Boomerang"],"picked":"SKIP","floor":1.0},{"not_picked":["Consecrate","Second Wind"],"picked":"SashWhip","floor":3.0},{"not_picked":["Crescendo","WindmillStrike"],"picked":"Burning Pact","floor":4.0},{"not_picked":["Corruption","ClearTheMind","WreathOfFlame"],"picked":"SKIP","floor":6.0},{"not_picked":["Pommel Strike","Burning Pact"],"picked":"JustLucky","floor":10.0},{"not_picked":["Combust","Ragnarok","FlyingSleeves"],"picked":"SKIP","floor":12.0},{"not_picked":["Iron Wave","CutThroughFate","Flex"],"picked":"Nirvana","floor":14.0},{"not_picked":["Blasphemy","Omniscience","Offering"],"picked":"Feed","floor":16.0},{"not_picked":["Havoc","Shrug It Off+1"],"picked":"SKIP","floor":18.0},{"not_picked":["Cleave","Heavy Blade+1"],"picked":"SKIP","floor":19.0},{"not_picked":["Sentinel"],"picked":"Sever Soul","floor":23.0},{"not_picked":["EmptyFist"],"picked":"InnerPeace+1","floor":24.0},{"not_picked":["BowlingBash"],"picked":"ConjureBlade","floor":28.0},{"not_picked":["Ragnarok"],"picked":"DeusExMachina","floor":33.0},{"not_picked":["Feel No Pain+1","Warcry"],"picked":"SKIP","floor":35},{"not_picked":["EmptyFist+1","Dual Wield+1"],"picked":"SKIP","floor":36},{"not_picked":["PathToVictory"],"picked":"Dropkick+1","floor":37}],"player_experience":145071,"relics_obtained":[{"floor":6.0,"key":"Blue Candle"},{"floor":9.0,"key":"StrikeDummy"},{"floor":12.0,"key":"Question Card"},{"floor":14.0,"key":"StoneCalendar"},{"floor":23.0,"key":"MealTicket"},{"floor":28.0,"key":"CaptainsWheel"}],"event_choices":[{"damage_healed":0.0,"max_hp_gain":0.0,"max_hp_loss":0.0,"gold_gain":0.0,"event_name":"Golden Idol","player_choice":"Take Wound","floor":2.0,"gold_loss":0.0,"damage_taken":0.0,"relics_obtained":["Golden Idol"],"cards_obtained":["Injury"]},{"damage_healed":0.0,"max_hp_gain":0.0,"max_hp_loss":0.0,"gold_gain":0.0,"event_name":"World of Goop","player_choice":"Left Gold","floor":7.0,"gold_loss":33.0,"damage_taken":0.0},{"damage_healed":0.0,"max_hp_gain":0.0,"max_hp_loss":0.0,"gold_gain":0.0,"event_name":"Vampires","player_choice":"Ignored","floor":20.0,"gold_loss":0.0,"damage_taken":0.0},{"damage_healed":0.0,"max_hp_gain":0.0,"max_hp_loss":0.0,"gold_gain":0.0,"event_name":"Addict","player_choice":"Stole Relic","floor":22.0,"gold_loss":0.0,"damage_taken":0.0,"relics_obtained":["Smiling Mask"],"cards_obtained":["Shame"]},{"cards_removed":["Shame"],"damage_healed":0.0,"max_hp_gain":0.0,"max_hp_loss":0.0,"gold_gain":0.0,"event_name":"Back to Basics","player_choice":"Elegance","floor":27.0,"gold_loss":0.0,"damage_taken":0.0},{"damage_healed":0.0,"max_hp_gain":0.0,"max_hp_loss":0.0,"gold_gain":0.0,"event_name":"Drug Dealer","player_choice":"Inject Mutagens","floor":30.0,"gold_loss":0.0,"damage_taken":0.0,"relics_obtained":["MutagenicStrength"]},{"damage_healed":0.0,"max_hp_gain":0.0,"max_hp_loss":0.0,"gold_gain":0.0,"event_name":"Wheel of Change","player_choice":"Damaged","floor":31.0,"gold_loss":0.0,"damage_taken":6.0}],"is_beta":false,"boss_relics":[{"not_picked":["Ectoplasm","Runic Pyramid"],"picked":"Busted Crown"},{"not_picked":["VioletLotus","Astrolabe"],"picked":"SlaversCollar"}],"items_purged_floors":[],"is_endless":false,"potions_floor_spawned":[1,3,4,18,23,24,36,37],"killed_by":"Maw","ascension_level":0}}