{"host":"hqvh779b89tfrjxy","time":1608753644,"event":{"mods":["Act Like it!","BaseMod","Better Third Choice","Downfall","Elementarium","Filter the Spire","GifTheSpireLib","Marked Mod","Minty Spire (QoL Compilation)","Replay The Spire","Spicy Shops","StSLib"],"gold_per_floor":[114,129,147,222,235,263,263,2,2,36,36,70,87,106,106,210,210,150,150,164,180,197,197,197],"floor_reached":23,"playtime":2769,"items_purged":[],"score":298,"play_id":"b0671fa3-9619-431f-be8f-90569f72663c","local_time":"20201223210044","is_ascension_mode":true,"campfire_choices":[{"data":"Glacier","floor":7.0,"key":"SMITH"},{"data":"Loop","floor":11.0,"key":"SMITH"},{"data":"Consume","floor":15.0,"key":"SMITH"}],"circlet_count":0,"master_deck":["Strike_B","Strike_B","Strike_B","Strike_B","Defend_B","Defend_B","Defend_B","Defend_B","Zap","Dualcast","Ball Lightning","Glacier+1","Consume+1","Loop+1","Stack","Magnetism","Reinforced Body","Self Repair","Rainbow","Darkness"],"relics":["Snecko Eye","Bag of Preparation","Mirror","Counterbalance","Philosopher\u0027s Stone"],"acts_visited":["Exordium","TheCity"],"potions_floor_usage":[],"damage_taken":[{"damage":0.0,"enemies":"Cultist","floor":1.0,"turns":4.0},{"damage":0.0,"enemies":"2 Louse","floor":2.0,"turns":3.0},{"damage":0.0,"enemies":"Small Slimes","floor":3.0,"turns":4.0},{"damage":0.0,"enemies":"Red Slaver","floor":5.0,"turns":3.0},{"damage":6.0,"enemies":"3 Sentries","floor":6.0,"turns":7.0},{"damage":21.0,"enemies":"Gremlin Nob","floor":10.0,"turns":4.0},{"damage":0.0,"enemies":"Lagavulin","floor":12.0,"turns":5.0},{"damage":0.0,"enemies":"Exordium Wildlife","floor":13.0,"turns":6.0},{"damage":0.0,"enemies":"Gremlin Gang","floor":14.0,"turns":4.0},{"damage":35.0,"enemies":"The Guardian","floor":16.0,"turns":8.0},{"damage":3,"enemies":"2 Thieves","floor":18,"turns":4},{"damage":0,"enemies":"Shell Parasite","floor":20,"turns":2},{"damage":28,"enemies":"3 Cultists","floor":21,"turns":5},{"damage":29,"enemies":"Centurion and Healer","floor":22,"turns":10},{"damage":0,"enemies":"Replay:Snechameleon","floor":23,"turns":1}],"seed_played":"6830597291409205243","potions_obtained":[{"floor":1.0,"key":"SteroidPotion"},{"floor":3.0,"key":"hexamod:EctoCoolerPotion"},{"floor":5.0,"key":"Energy Potion"},{"floor":6.0,"key":"BlessingOfTheForge"},{"floor":16.0,"key":"FocusPotion"},{"floor":22,"key":"CultistPotion"}],"is_trial":false,"path_per_floor":["M","M","M","?","M","E","R","$","T","E","R","E","M","M","R","B",null,"M","?","M","M","M","E"],"character_chosen":"DEFECT","items_purchased":["Magnetism"],"campfire_rested":0,"item_purchase_floors":[8],"current_hp_per_floor":[75,75,75,68,68,62,62,62,62,41,41,41,48,55,55,27,63,67,67,67,46,24,24,24],"gold":197,"neow_bonus":"BOSS_RELIC","is_daily":false,"chose_seed":false,"campfire_upgraded":3,"win_rate":0.0,"timestamp":1608753644,"path_taken":["M","M","?","?","M","E","R","$","T","E","R","E","?","M","R","BOSS","M","?","M","M","M","E"],"items_purchased_type":["Card"],"build_version":"2020-12-22","purchased_purges":0,"victory":false,"max_hp_per_floor":[75,75,75,75,75,75,75,75,75,75,75,75,75,75,75,75,75,75,75,75,75,75,75,75],"card_choices":[{"not_picked":["Leap","Chaos"],"picked":"Ball Lightning","floor":1.0},{"not_picked":["Consume","Hologram"],"picked":"Glacier","floor":2.0},{"not_picked":["Redo","Steam"],"picked":"Consume","floor":3.0},{"not_picked":["Streamline","Rebound"],"picked":"Loop","floor":5.0},{"not_picked":["ReplayTheSpireMod:Calculation Training","ReplayTheSpireMod:Repulse"],"picked":"Stack","floor":6.0},{"not_picked":["Coolheaded","BasicCrystalCard"],"picked":"Reinforced Body","floor":10.0},{"not_picked":["Rebound","Stack"],"picked":"Self Repair","floor":12.0},{"not_picked":["Stack","Fusion","Heatsinks"],"picked":"SKIP","floor":13.0},{"not_picked":["Crystallizer","Seek","Rip and Tear"],"picked":"SKIP","floor":14.0},{"not_picked":["Core Surge","Machine Learning"],"picked":"Rainbow","floor":16.0},{"not_picked":["Beam Cell","Aggregate","BasicCrystalCard"],"picked":"SKIP","floor":18},{"not_picked":["Crystallizer","Reinforced Body","Coolheaded"],"picked":"SKIP","floor":20},{"not_picked":["Rebound","Go for the Eyes","Sweeping Beam"],"picked":"SKIP","floor":21},{"not_picked":["Turbo","Streamline"],"picked":"Darkness","floor":22}],"player_experience":168613,"relics_obtained":[{"floor":6.0,"key":"Bag of Preparation"},{"floor":10.0,"key":"Mirror"},{"floor":12.0,"key":"Counterbalance"}],"event_choices":[{"damage_healed":0.0,"max_hp_gain":0.0,"max_hp_loss":0.0,"gold_gain":75.0,"event_name":"FaceTrader","player_choice":"Touch","floor":4.0,"gold_loss":0.0,"damage_taken":7.0},{"damage_healed":0,"gold_gain":0,"player_choice":"Ignored","damage_taken":0,"max_hp_gain":0,"max_hp_loss":0,"event_name":"N\u0027loth","floor":19,"gold_loss":0}],"is_beta":false,"boss_relics":[{"not_picked":["Ring of Chaos","Ectoplasm"],"picked":"Philosopher\u0027s Stone"}],"items_purged_floors":[],"is_endless":false,"potions_floor_spawned":[1,3,5,6,16,22],"killed_by":"Replay:Snechameleon","ascension_level":5}}