{"host":"vu6dpj2b1wv7fhj8","time":1608710610,"event":{"mods":["BaseMod","Colored Map","Googly Eyes","Hermit","Highlight Path","Lobotomy","LobotomyExtend","Marisa£®ÏF”Í°°ƒß¿Ì…≥£©","Minty Spire (QoL Compilation)","Replay The Spire","Shop Mod","StSLib","The Construct","The Cursed"],"gold_per_floor":[116,130,149,167,187,220,238,265,265,265,265,186,186,186,186,315,315,336,354,354,354],"floor_reached":20,"playtime":1517,"items_purged":[],"score":260,"play_id":"31a361aa-f5cc-4377-91f2-9af458db56b2","local_time":"20201223160330","is_ascension_mode":true,"campfire_choices":[{"data":"Hemokinesis","floor":10,"key":"SMITH"},{"floor":15,"key":"REST"}],"circlet_count":0,"master_deck":["Strike_R","Strike_R","Defend_R","Defend_R","DreamingCurrent","Replay:Undeath\u0027s Touch+1","Shockwave","OSAHOGD","Hemokinesis+1","UniverseFragment","Replay:Undeath\u0027s Touch","Whirlwind+1","Double Tap","Heavy Blade","Combust","Life Link","Survivor","Neutralize","Offering","Replay:Hysterical Blindness","ReplayTheSpireMod:Faulty Equipment","Pummel","Rupture"],"relics":["Burning Blood","CogitoBucket","LetterFromLob","Whetstone","BackwardClock","Replay:Accelerometer","White Beast Statue","Golden Idol","Kintsugi"],"acts_visited":["Exordium","TheCity"],"potions_floor_usage":[4,20],"damage_taken":[{"damage":0,"enemies":"Small Slimes","floor":1,"turns":3},{"damage":21,"enemies":"Jaw Worm","floor":2,"turns":4},{"damage":21,"enemies":"2 Louse","floor":3,"turns":5},{"damage":16,"enemies":"Lots of Slimes","floor":4,"turns":4},{"damage":19,"enemies":"Looter","floor":5,"turns":4},{"damage":69,"enemies":"Lagavulin","floor":6,"turns":6},{"damage":6,"enemies":"Gremlin Gang","floor":7,"turns":2},{"damage":27,"enemies":"3 Sentries","floor":8,"turns":3},{"damage":78,"enemies":"Fading Forest","floor":16,"turns":11},{"damage":25,"enemies":"3 Byrds","floor":18,"turns":5},{"damage":56,"enemies":"Shell Parasite","floor":19,"turns":5},{"damage":118,"enemies":"Snecko","floor":20,"turns":3}],"seed_played":"-2486273882089813745","potions_obtained":[{"floor":2,"key":"FearPotion"},{"floor":3,"key":"AttackPotion"},{"floor":5,"key":"FairyPotion"},{"floor":8,"key":"construct:ShiftPotion"}],"is_trial":false,"path_per_floor":["M","M","M","M","M","E","M","E","T","R","?","$","?","?","R","B",null,"M","M","M"],"character_chosen":"IRONCLAD","items_purchased":["Life Link"],"campfire_rested":1,"item_purchase_floors":[12],"current_hp_per_floor":[78,77,80,80,80,47,53,44,44,44,44,44,44,24,48,58,75,80,54,0,0],"gold":354,"neow_bonus":"","is_daily":false,"chose_seed":false,"campfire_upgraded":1,"win_rate":0.0,"timestamp":1608710610,"path_taken":["M","M","M","M","M","E","M","E","T","R","?","$","?","?","R","BOSS","M","M","M"],"items_purchased_type":["Card"],"build_version":"2020-12-22","purchased_purges":0,"victory":false,"max_hp_per_floor":[80,80,80,80,80,80,80,80,80,80,80,80,80,80,80,80,80,80,80,80,80],"card_choices":[{"not_picked":["LittlePrince","LaLuna","MeatLantern"],"picked":"Singing Bowl","floor":1},{"not_picked":["MeatLantern","CherryBlossoms"],"picked":"DreamingCurrent","floor":1},{"not_picked":["Shrug It Off","Searing Blow"],"picked":"Replay:Undeath\u0027s Touch","floor":1},{"not_picked":["Wellcheers","CherryBlossoms","Murderer"],"picked":"Singing Bowl","floor":2},{"not_picked":["Sentinel","ReplayTheSpireMod:Limb From Limb"],"picked":"Shockwave","floor":2},{"not_picked":["NakedNest","QueenOfHatred"],"picked":"OSAHOGD","floor":3},{"not_picked":["Replay:Undeath\u0027s Touch","Feel No Pain"],"picked":"Hemokinesis","floor":3},{"not_picked":["MHz","VoidDream"],"picked":"UniverseFragment","floor":4},{"not_picked":["Wild Strike","Shockwave"],"picked":"Replay:Undeath\u0027s Touch","floor":4},{"not_picked":["OldLady","GreedKing","LittlePrince"],"picked":"Singing Bowl","floor":5},{"not_picked":["Burning Pact","Evolve"],"picked":"Whirlwind","floor":5},{"not_picked":["Bloodbath","Alriune","MHz"],"picked":"Singing Bowl","floor":6},{"not_picked":["Dark Embrace","Perfected Strike"],"picked":"Double Tap","floor":6},{"not_picked":["ShyLook","BeautyBeast","Funeral"],"picked":"Singing Bowl","floor":7},{"not_picked":["Body Slam","Burning Pact"],"picked":"Heavy Blade","floor":7},{"not_picked":["Fiend Fire","True Grit"],"picked":"Combust","floor":8},{"not_picked":["MHz","CrumblingArmor","VoidDream"],"picked":"Singing Bowl","floor":8},{"not_picked":["GalaxyChild","Wellcheers","Scorched"],"picked":"Singing Bowl","floor":16},{"not_picked":["Replay:Many Hands","Feed"],"picked":"Offering","floor":16},{"not_picked":["SpiderBud","Bloodbath","MeatLantern"],"picked":"Singing Bowl","floor":18},{"not_picked":["ReplayTheSpireMod:Strike From Hell","Twin Strike"],"picked":"Pummel","floor":18},{"not_picked":["BigBird","Bloodbath","OldLady"],"picked":"Singing Bowl","floor":19},{"not_picked":["Sword Boomerang+1","Second Wind+1"],"picked":"Rupture","floor":19}],"player_experience":472822,"relics_obtained":[{"floor":1,"key":"LetterFromLob"},{"floor":6,"key":"Whetstone"},{"floor":8,"key":"Replay:Accelerometer"},{"floor":9,"key":"White Beast Statue"}],"event_choices":[{"damage_healed":0,"gold_gain":0,"player_choice":"Take Damage","damage_taken":20,"relics_obtained":["Golden Idol"],"max_hp_gain":0,"max_hp_loss":0,"event_name":"Golden Idol","floor":14,"gold_loss":0}],"is_beta":false,"boss_relics":[{"not_picked":["Ring of Chaos","SlaversCollar"],"picked":"Kintsugi"}],"items_purged_floors":[],"is_endless":false,"potions_floor_spawned":[2,3,5,8,16,18,19],"killed_by":"Snecko","ascension_level":8}}