{"host":"bnl7o5cb2omwu7ka","time":1608760246,"event":{"mods":["AchievementEnabler","Alarm Clock","BaseMod","BetterRewards","Block Reminder","Colored Map","Colored Powertips","Conspire","Defective Defect","Downfall","Energized Spire","Exacting","Googly Eyes","Highlight Path","Hyrulean Relics","Infinite Spire","Ironclad Rager","Jedi Mod","Jess\u0027s Bottle","Mimic Mod","Minty Spire (QoL Compilation)","Permanent Neow","Quick Restart","Rare Cards Sparkle","Relic Stats","Replay The Spire","Spicy Shops","Spikes Relics","Spire Birthday Party","StSLib","The IronCluck","Wandering Minibosses","egg","everything is the same but u backflip on backflip","slay the spire mod where everything is the same but ironclad has a cowboy hat"],"gold_per_floor":[99,99,99,99,99,42,42,70,70,102,102,102,102,112,156,252,252,252,270,281,42,57,74,145,145,145,145],"floor_reached":25,"playtime":3123,"items_purged":["Slimebound:Strike_Slimebound"],"score":217,"play_id":"1a17b3df-9e15-442a-8fd8-836793470a77","local_time":"20201223165046","is_ascension_mode":true,"campfire_choices":[{"floor":1,"key":"RECALL"},{"data":"Slimebound:Split","floor":9,"key":"SMITH"},{"data":"Slimebound:LeadByExample","floor":9,"key":"SMITH"},{"data":"Slimebound:LivingWall","floor":11,"key":"SMITH"},{"data":"Slimebound:Gluttony","floor":11,"key":"SMITH"},{"floor":13,"key":"REST"},{"data":"Slimebound:SlimeSlap","floor":18,"key":"SMITH"},{"data":"Slimebound:CorrosiveSpit","floor":18,"key":"SMITH"}],"circlet_count":0,"master_deck":["Slimebound:Strike_Slimebound","Slimebound:Strike_Slimebound","Slimebound:Tackle","Slimebound:Defend_Slimebound","Slimebound:Defend_Slimebound","Slimebound:Defend_Slimebound","Slimebound:Defend_Slimebound","Slimebound:Split+1","Slimebound:CorrosiveSpit+1","Slimebound:Gluttony+1","Slimebound:LeadByExample+1","Slimebound:GrowthPunch","Slimebound:LevelUp","Slimebound:PressTheAttack","Slimebound:LivingWall+1","Slimebound:RainOfGoop","Slimebound:RollThrough","Slimebound:SlimeSlap+1","Slimebound:LeechingTouch","Slimebound:ViciousTackle","Slimebound:SplitAcid"],"relics":["Slimebound:AbsorbEndCombat","downfall:HeartsMalice","Replay:Arrowhead","Replay:WaspNest","conspire:InfiniteJournal","energizedSpire:DeadBattery","ReplayTheSpireMod:TigerMarble","LugNut"],"acts_visited":["Exordium","TheCity"],"potions_floor_usage":[],"damage_taken":[{"damage":0,"enemies":"Jaw Worm","floor":2,"turns":1},{"damage":0,"enemies":"Cultist","floor":3,"turns":1},{"damage":0,"enemies":"2 Louse","floor":5,"turns":1},{"damage":4,"enemies":"downfall:FleeingMerchant","floor":6,"turns":4},{"damage":37,"enemies":"Lagavulin","floor":8,"turns":7},{"damage":28,"enemies":"3 Sentries","floor":10,"turns":5},{"damage":36,"enemies":"Gremlin Gang","floor":14,"turns":4},{"damage":10,"enemies":"3 Louse","floor":15,"turns":2},{"damage":48,"enemies":"downfall:Ironclad","floor":16,"turns":7},{"damage":12,"enemies":"3 Byrds","floor":19,"turns":3},{"damage":30,"enemies":"Snecko","floor":20,"turns":5},{"damage":18,"enemies":"downfall:FleeingMerchant","floor":21,"turns":4},{"damage":37,"enemies":"Snake Plant","floor":22,"turns":3},{"damage":42,"enemies":"Chosen and Byrds","floor":23,"turns":5},{"damage":4,"enemies":"Chosen and Byrds","floor":25,"turns":2}],"seed_played":"8079870561674025879","potions_obtained":[{"floor":4,"key":"DuplicationPotion"},{"floor":4,"key":"Adrenaline Potion"},{"floor":4,"key":"SkillPotion"},{"floor":16,"key":"Dexterity Potion"}],"is_trial":false,"path_per_floor":["R","M","M","?","M","$","T","E","R","E","R","T","R","M","M","B",null,"R","M","M","$","M","M","T","?"],"character_chosen":"SLIMEBOUND","items_purchased":["Slimebound:LevelUp","ReplayTheSpireMod:TigerMarble"],"campfire_rested":1,"item_purchase_floors":[6,21],"current_hp_per_floor":[60,60,60,60,60,60,60,56,56,36,36,36,54,34,36,20,60,60,52,42,48,23,1,1,0,0,0],"gold":145,"neow_bonus":"THREE_ENEMY_KILL","is_daily":false,"chose_seed":false,"campfire_upgraded":6,"win_rate":0.0,"timestamp":1608760246,"path_taken":["R","M","M","?","?","$","T","E","R","E","R","?","R","M","M","BOSS","R","M","M","$","M","M","T","?"],"items_purchased_type":["Card","Relic"],"build_version":"2020-12-22","purchased_purges":1,"victory":false,"max_hp_per_floor":[60,60,60,60,60,60,60,60,60,60,60,60,60,60,60,60,60,60,60,60,60,60,60,60,60,60,60],"relic_stats":{"counters":[15,51],"obtain_stats":[{"downfall:HeartsMalice":0,"Replay:WaspNest":8,"Slimebound:AbsorbEndCombat":0,"ReplayTheSpireMod:TigerMarble":21,"energizedSpire:DeadBattery":17,"Replay:Arrowhead":7,"LugNut":24,"conspire:InfiniteJournal":10},{"downfall:HeartsMalice":0,"Replay:WaspNest":5,"Slimebound:AbsorbEndCombat":0,"ReplayTheSpireMod:TigerMarble":12,"energizedSpire:DeadBattery":9,"Replay:Arrowhead":4,"LugNut":14,"conspire:InfiniteJournal":6},{"downfall:HeartsMalice":0,"Replay:WaspNest":11,"Slimebound:AbsorbEndCombat":0,"ReplayTheSpireMod:TigerMarble":41,"energizedSpire:DeadBattery":29,"Replay:Arrowhead":4,"LugNut":49,"conspire:InfiniteJournal":16}]},"card_choices":[{"not_picked":["Slimebound:LeechEnergy","Slimebound:LivingWall"],"picked":"Slimebound:Gluttony","floor":2},{"not_picked":["Slimebound:Replication","Slimebound:Repurpose"],"picked":"Slimebound:LeadByExample","floor":3},{"not_picked":["Slimebound:TongueLash","Slimebound:RainOfGoop"],"picked":"Slimebound:GrowthPunch","floor":5},{"not_picked":["Slimebound:SlimeTap","Slimebound:Replication","Slimebound:FlameTackle"],"picked":"SKIP","floor":6},{"not_picked":["Slimebound:ViciousTackle","Slimebound:Overexert"],"picked":"Slimebound:PressTheAttack","floor":8},{"not_picked":["Slimebound:LevelUp","Slimebound:WasteNot"],"picked":"Slimebound:LivingWall","floor":10},{"not_picked":["Slimebound:SlimeSpikes","Slimebound:BestDefense"],"picked":"Slimebound:RainOfGoop","floor":14},{"not_picked":["Slimebound:HauntingLick","Slimebound:FinishingTackle"],"picked":"Slimebound:RollThrough","floor":15},{"not_picked":["Slimebound:CheckThePlaybook","Slimebound:PrepareCrush"],"picked":"Slimebound:SlimeSlap","floor":16},{"not_picked":["Slimebound:Schlurp","Slimebound:RollThrough","Slimebound:TongueLash"],"picked":"SKIP","floor":19},{"not_picked":["Slimebound:SplitBruiser","Slimebound:SplitAcid"],"picked":"Slimebound:LeechingTouch","floor":20},{"not_picked":["Slimebound:MassFeed","Slimebound:RollThrough","Slimebound:Prepare+1"],"picked":"SKIP","floor":21},{"not_picked":["Slimebound:Repurpose","Slimebound:Grow"],"picked":"Slimebound:ViciousTackle","floor":22},{"not_picked":["Slimebound:ViciousTackle+1","Slimebound:LevelUp"],"picked":"Slimebound:SplitAcid","floor":23}],"player_experience":161749,"relics_obtained":[{"floor":7,"key":"Replay:Arrowhead"},{"floor":8,"key":"Replay:WaspNest"},{"floor":10,"key":"conspire:InfiniteJournal"},{"floor":24,"key":"LugNut"}],"event_choices":[{"damage_healed":0,"gold_gain":0,"player_choice":"Got Potions","damage_taken":0,"max_hp_gain":0,"max_hp_loss":0,"event_name":"Lab","floor":4,"gold_loss":0}],"is_beta":false,"boss_relics":[{"not_picked":["conspire:SlowCooker","energizedSpire:SpiderWeb"],"picked":"energizedSpire:DeadBattery"}],"items_purged_floors":[21],"is_endless":false,"potions_floor_spawned":[8,14,15,16,23],"killed_by":"Chosen and Byrds","ascension_level":1}}