{"host":"d61vkvf8c80cu18y","time":1608699938,"event":{"mods":["2.2 Compatiblity","AchievementEnabler","AlwaysNeverKeys","Aspiration","BaseMod","Better Altar","Better Note","Better Sensory Stone","Better Skull","Better Third Choice","BetterRewards","Challenge The Spire","Conspire","Custom Start","Downfall","Emptier Cage","Energized Spire","Force Act Four","GifTheSpireLib","Gremlin Mod","GungeonMod","Hermit","Highlight Path","Hubris","Infinite Spire","Ironclad Rager","Jess\u0027s Bottle","Marked Mod","Minty Spire (QoL Compilation)","Quick Restart","Rare Cards Sparkle","Relic Filter","Replay The Spire","Retaliation","Shade Mod","Shop Mod","Spicy Shops","Spikes Relics","StSLib","Stuff the Spire","Swap Starting Deck Mod","The Blue Laboratory","The Bug Knight","The Cursed","The Forsaken","The Marked","The Runesmith","The Sage","The Servant 0.9.4","TheVacant","Thieving Mod","Virulent Crown","thorton"],"gold_per_floor":[99,99,99,99,22,56,79,529,529,179,199,199,210,224,240,240,240,240],"floor_reached":16,"playtime":9550,"items_purged":[],"score":148,"play_id":"f52b9c0c-520a-4eb2-af16-23552c9d72aa","local_time":"20201222230538","is_ascension_mode":false,"campfire_choices":[{"data":"Guardian:TwinSlam","floor":1,"key":"SMITH"}],"circlet_count":0,"master_deck":["conspire:GhostlyStrike","conspire:GhostlyStrike","conspire:GhostlyStrike","conspire:GhostlyStrike","conspire:GhostlyDefend","conspire:GhostlyDefend","conspire:GhostlyDefend","conspire:GhostlyDefend","Guardian:CurlUp","Guardian:TwinSlam+1","Guardian:Harden","Guardian:RevengeProtocol","Injury","Guardian:Gem_Green","Guardian:EvasiveProtocol","Guardian:Gem_White","Slimebound:Icky","Slimebound:Icky","Slimebound:Icky","Guardian:BronzeOrb+1","Guardian:DonusPower","Guardian:SpikerProtocol","Guardian:Gem_Red","Guardian:RefractedBeam+1","Guardian:Preprogram","Guardian:WalkerClaw+1"],"relics":["Guardian:ModeShifter","downfall:HeartsMalice","Molten Egg 2","Art of War","Bag of Marbles","Guardian:PickAxe","infinitespire:WardingShard"],"acts_visited":["Exordium"],"potions_floor_usage":[13,16],"damage_taken":[{"damage":0,"enemies":"Cultist","floor":2,"turns":1},{"damage":0,"enemies":"Small Slimes","floor":3,"turns":1},{"damage":0,"enemies":"downfall:FleeingMerchant","floor":5,"turns":1},{"damage":39,"enemies":"Gremlin Nob","floor":6,"turns":5},{"damage":0,"enemies":"downfall:FleeingMerchant","floor":10,"turns":4},{"damage":0,"enemies":"2 Louse","floor":11,"turns":2},{"damage":19,"enemies":"Gremlin Gang","floor":13,"turns":5},{"damage":12,"enemies":"Exordium Thugs","floor":14,"turns":3},{"damage":0,"enemies":"Large Slime","floor":15,"turns":5},{"damage":18,"enemies":"downfall:Defect","floor":16,"turns":5}],"seed_played":"7875300651993287331","potions_obtained":[{"floor":6,"key":"blueLaboratory:LouseDecoction"},{"floor":11,"key":"Fruit Juice"},{"floor":13,"key":"Energy Potion"},{"floor":15,"key":"blueLaboratory:HorrorPotion"}],"is_trial":false,"path_per_floor":["R","M","M","?","$","E","T","?","?","$","M","T","M","M","M","B"],"character_chosen":"GUARDIAN","items_purchased":["Guardian:EvasiveProtocol","Guardian:DonusPower","Guardian:SpikerProtocol","Guardian:PickAxe"],"campfire_rested":0,"item_purchase_floors":[5,10,10,10],"current_hp_per_floor":[80,80,80,80,80,41,41,41,41,41,41,41,27,15,15,0,0,0],"gold":240,"neow_bonus":"THREE_ENEMY_KILL","is_daily":false,"chose_seed":false,"campfire_upgraded":1,"win_rate":0.0,"timestamp":1608699938,"path_taken":["R","M","M","?","$","E","T","?","?","$","M","?","?","M","M","BOSS"],"items_purchased_type":["Card","Card","Card","Relic"],"build_version":"2020-12-13","purchased_purges":0,"victory":false,"max_hp_per_floor":[80,80,80,80,80,80,80,80,80,80,80,80,85,85,85,85,85,85],"card_choices":[{"not_picked":["Guardian:PrimingBeam","Guardian:TemporalShield"],"picked":"Guardian:Harden","floor":2},{"not_picked":["Guardian:Reroute","Guardian:ChargeCore"],"picked":"Guardian:RevengeProtocol","floor":3},{"not_picked":["Guardian:Harden","Guardian:AncientConstruct"],"picked":"Guardian:Gem_Green","floor":5},{"not_picked":["Guardian:SphericShield","Guardian:EvasiveProtocol"],"picked":"Guardian:Gem_White","floor":6},{"not_picked":["Guardian:PrimingBeam+1","Guardian:Gem_Green"],"picked":"Guardian:BronzeOrb+1","floor":10},{"not_picked":["Guardian:Suspension","Guardian:BronzeArmor"],"picked":"Guardian:Gem_Red","floor":11},{"not_picked":["Guardian:Gem_White","Guardian:VentSteam"],"picked":"Guardian:RefractedBeam+1","floor":13},{"not_picked":["Guardian:CrystalBeam+1","Guardian:ShieldCharger"],"picked":"Guardian:Preprogram","floor":14},{"not_picked":["Guardian:CrystalBeam+1","Guardian:ArmoredProtocol"],"picked":"Guardian:WalkerClaw+1","floor":15}],"player_experience":397659,"relics_obtained":[{"floor":6,"key":"Art of War"},{"floor":7,"key":"Bag of Marbles"},{"floor":12,"key":"infinitespire:WardingShard"}],"event_choices":[{"damage_healed":0,"gold_gain":0,"player_choice":"Agree","damage_taken":0,"max_hp_gain":0,"max_hp_loss":0,"event_name":"conspire:LoneGhost","floor":9,"gold_loss":0}],"is_beta":false,"boss_relics":[],"items_purged_floors":[],"is_endless":false,"potions_floor_spawned":[6,11,13,15],"killed_by":"downfall:Defect","ascension_level":0}}