{"host":"6kpik4p6m02tzjjt","time":1608718409,"event":{"mods":["BaseMod","Colored Map","Minty Spire (QoL Compilation)","Quick Restart","Relic Stats"],"gold_per_floor":[114,132,132,132,147,178,178,193,193,223,223,176,276,288,288,386,386,400,400,400,420,13,43,43,58,83,83,83,83,83,101,101,203,203,223,273,287,287,306,306,341,341,366,391,416,416,450,69,69,69,69],"floor_reached":50,"playtime":3125,"items_purged":[],"score":679,"play_id":"ae50340e-1518-4aa9-8f96-531145b8eac7","local_time":"20201223051329","is_ascension_mode":false,"campfire_choices":[{"data":"Anger","floor":7,"key":"SMITH"},{"floor":15,"key":"REST"},{"floor":24,"key":"REST"},{"floor":27,"key":"REST"},{"data":"Armaments","floor":30,"key":"SMITH"},{"floor":32,"key":"REST"},{"data":"Flex","floor":40,"key":"SMITH"},{"data":"Barricade","floor":42,"key":"SMITH"},{"floor":49,"key":"REST"}],"circlet_count":0,"master_deck":["Strike_R","Strike_R+1","Strike_R","Strike_R","Strike_R+1","Defend_R","Defend_R","Defend_R","Defend_R+1","Bash+1","Clash","Metallicize+1","Anger+1","Rage","Flame Barrier","Cleave","Flex","Infernal Blade","Juggernaut+1","Infernal Blade","Shrug It Off","Body Slam","Armaments+1","Fire Breathing","Dark Embrace+1","Writhe","True Grit+1","Offering","Flex+1","Pommel Strike","Writhe","Sword Boomerang+1","Barricade+1","Double Tap","Dropkick+1","Perfected Strike+1"],"relics":["Philosopher\u0027s Stone","Nunchaku","Whetstone","Pantograph","Mummified Hand","Mark of Pain","MutagenicStrength","Pen Nib","HandDrill","Kunai","Happy Flower","Vajra","Runic Cube","Unceasing Top","Bag of Marbles","Blood Vial","Regal Pillow","Dream Catcher","Molten Egg 2","Centennial Puzzle","Strange Spoon"],"acts_visited":["Exordium","TheCity","TheBeyond"],"potions_floor_usage":[10,16,23,33,33,35,50,50,50],"damage_taken":[{"damage":2,"enemies":"Jaw Worm","floor":1,"turns":2},{"damage":0,"enemies":"2 Louse","floor":2,"turns":2},{"damage":0,"enemies":"Cultist","floor":5,"turns":2},{"damage":5,"enemies":"Lagavulin","floor":6,"turns":5},{"damage":9,"enemies":"Blue Slaver","floor":8,"turns":2},{"damage":0,"enemies":"Gremlin Nob","floor":10,"turns":3},{"damage":1,"enemies":"Lots of Slimes","floor":14,"turns":2},{"damage":13,"enemies":"Slime Boss","floor":16,"turns":10},{"damage":24,"enemies":"Chosen","floor":18,"turns":5},{"damage":24,"enemies":"Shell Parasite","floor":21,"turns":4},{"damage":20,"enemies":"Book of Stabbing","floor":23,"turns":4},{"damage":0,"enemies":"Snecko","floor":25,"turns":3},{"damage":18,"enemies":"Shelled Parasite and Fungi","floor":31,"turns":5},{"damage":71,"enemies":"Collector","floor":33,"turns":9},{"damage":24,"enemies":"3 Shapes","floor":35,"turns":3},{"damage":25,"enemies":"Mind Bloom Boss Battle","floor":36,"turns":4},{"damage":26,"enemies":"Orb Walker","floor":37,"turns":3},{"damage":10,"enemies":"Spire Growth","floor":39,"turns":4},{"damage":27,"enemies":"Giant Head","floor":41,"turns":6},{"damage":6,"enemies":"Nemesis","floor":44,"turns":5},{"damage":20,"enemies":"Giant Head","floor":47,"turns":7},{"damage":75,"enemies":"Time Eater","floor":50,"turns":6}],"seed_played":"2331590344449731140","potions_obtained":[{"floor":2,"key":"Strength Potion"},{"floor":8,"key":"SteroidPotion"},{"floor":14,"key":"Energy Potion"},{"floor":16,"key":"Swift Potion"},{"floor":23,"key":"LiquidMemories"},{"floor":31,"key":"Dexterity Potion"},{"floor":33,"key":"Strength Potion"},{"floor":37,"key":"GamblersBrew"},{"floor":39,"key":"DuplicationPotion"}],"is_trial":false,"path_per_floor":["M","M","?","?","M","E","R","M","T","E","?","$","?","M","R","B",null,"M","?","?","M","$","E","R","M","T","R","?","?","R","M","R","B",null,"M","?","M","?","M","R","E","R","T","E","T","?","E","$","R","B"],"character_chosen":"IRONCLAD","items_purchased":["Flex","Body Slam","Armaments","Pen Nib","HandDrill","Centennial Puzzle","Strange Spoon","Dropkick+1"],"campfire_rested":5,"item_purchase_floors":[12,22,22,22,22,48,48,48],"current_hp_per_floor":[78,78,62,62,62,57,57,48,48,48,36,36,36,35,59,67,80,56,56,56,32,32,12,36,36,36,60,60,45,45,27,52,6,85,61,60,34,55,45,45,18,18,18,14,14,74,54,54,74,0,0],"gold":69,"neow_bonus":"BOSS_RELIC","is_daily":false,"chose_seed":false,"campfire_upgraded":4,"win_rate":0.0,"timestamp":1608718409,"path_taken":["M","M","?","?","?","E","R","M","T","E","?","$","?","?","R","BOSS","M","?","?","M","$","E","R","?","T","R","?","?","R","M","R","BOSS","M","?","M","?","M","R","E","R","T","E","?","?","E","?","R","BOSS"],"items_purchased_type":["Card","Card","Card","Relic","Relic","Relic","Relic","Card"],"build_version":"2020-12-22","purchased_purges":0,"victory":false,"max_hp_per_floor":[80,80,80,80,80,80,80,80,80,80,80,80,80,80,80,80,80,80,80,80,80,80,80,80,80,80,80,80,85,85,85,85,85,85,85,85,85,85,85,85,85,85,85,85,85,74,74,74,74,74,74],"relic_stats":{"Regal Pillow":0,"Happy Flower":[17],"counters":[22,96],"Pen Nib":[13],"Whetstone":["Strike_R","Bash"],"Blood Vial":2,"Strange Spoon":[1],"Nunchaku":[19],"Dream Catcher":1,"Centennial Puzzle":[3],"Mummified Hand":[44],"Pantograph":70,"HandDrill":[12],"Kunai":[23],"obtain_stats":[{"Regal Pillow":44,"Happy Flower":26,"Vajra":28,"Pen Nib":22,"Whetstone":9,"Burning Blood":0,"Blood Vial":43,"Strange Spoon":48,"Nunchaku":6,"Dream Catcher":45,"Centennial Puzzle":48,"Mummified Hand":11,"Pantograph":10,"MutagenicStrength":19,"Philosopher\u0027s Stone":0,"Molten Egg 2":47,"Mark of Pain":17,"HandDrill":22,"Bag of Marbles":41,"Kunai":23,"Unceasing Top":36,"Runic Cube":34},{"Regal Pillow":20,"Happy Flower":12,"Vajra":12,"Pen Nib":10,"Whetstone":5,"Burning Blood":0,"Blood Vial":19,"Strange Spoon":21,"Nunchaku":4,"Dream Catcher":20,"Centennial Puzzle":21,"Mummified Hand":6,"Pantograph":6,"MutagenicStrength":9,"Philosopher\u0027s Stone":0,"Molten Egg 2":21,"Mark of Pain":8,"HandDrill":10,"Bag of Marbles":19,"Kunai":11,"Unceasing Top":16,"Runic Cube":14},{"Regal Pillow":83,"Happy Flower":44,"Vajra":44,"Pen Nib":37,"Whetstone":13,"Burning Blood":0,"Blood Vial":78,"Strange Spoon":90,"Nunchaku":11,"Dream Catcher":83,"Centennial Puzzle":90,"Mummified Hand":16,"Pantograph":16,"MutagenicStrength":33,"Philosopher\u0027s Stone":0,"Molten Egg 2":90,"Mark of Pain":28,"HandDrill":37,"Bag of Marbles":78,"Kunai":41,"Unceasing Top":65,"Runic Cube":58}],"Unceasing Top":[15],"Runic Cube":[26]},"card_choices":[{"not_picked":["Carnage","Flame Barrier"],"picked":"Clash","floor":1},{"not_picked":["Cleave","Body Slam"],"picked":"Metallicize","floor":2},{"not_picked":["Flex","Sever Soul"],"picked":"Anger","floor":5},{"not_picked":["Ghostly Armor","Armaments"],"picked":"Rage","floor":6},{"not_picked":["Warcry","Rupture"],"picked":"Flame Barrier","floor":8},{"not_picked":["Flame Barrier","Brutality"],"picked":"Cleave","floor":10},{"not_picked":["Flex","Armaments"],"picked":"Infernal Blade","floor":14},{"not_picked":["Double Tap","Barricade"],"picked":"Juggernaut","floor":16},{"not_picked":["Cleave","Sever Soul"],"picked":"Infernal Blade","floor":18},{"not_picked":["True Grit","Sever Soul"],"picked":"Shrug It Off","floor":21},{"not_picked":["Sword Boomerang","Feel No Pain"],"picked":"Fire Breathing","floor":23},{"not_picked":["Armaments","Flame Barrier"],"picked":"Dark Embrace+1","floor":25},{"not_picked":["Dropkick","Infernal Blade+1"],"picked":"True Grit+1","floor":31},{"not_picked":["Fiend Fire","Brutality"],"picked":"Offering","floor":33},{"not_picked":["Warcry+1","Clash+1","Shockwave+1"],"picked":"SKIP","floor":35},{"not_picked":["True Grit+1","Fire Breathing+1"],"picked":"Flex","floor":36},{"not_picked":["Warcry","Headbutt+1"],"picked":"Pommel Strike","floor":37},{"not_picked":["Shrug It Off+1","Flex"],"picked":"Sword Boomerang+1","floor":39},{"not_picked":["Feel No Pain+1","Flex+1"],"picked":"Barricade","floor":41},{"not_picked":["Dark Embrace","Clash+1"],"picked":"Double Tap","floor":44},{"not_picked":["Combust+1","Fire Breathing+1","Infernal Blade"],"picked":"SKIP","floor":47},{"not_picked":["True Grit","Clothesline+1"],"picked":"Perfected Strike+1","floor":49}],"player_experience":10215,"relics_obtained":[{"floor":6,"key":"Nunchaku"},{"floor":9,"key":"Whetstone"},{"floor":10,"key":"Pantograph"},{"floor":23,"key":"Kunai"},{"floor":26,"key":"Happy Flower"},{"floor":36,"key":"Unceasing Top"},{"floor":41,"key":"Bag of Marbles"},{"floor":43,"key":"Blood Vial"},{"floor":44,"key":"Regal Pillow"},{"floor":45,"key":"Dream Catcher"},{"floor":47,"key":"Molten Egg 2"}],"event_choices":[{"damage_healed":0,"gold_gain":0,"player_choice":"Entered Light","damage_taken":16,"max_hp_gain":0,"max_hp_loss":0,"event_name":"Shining Light","floor":3,"gold_loss":0,"cards_upgraded":["Strike_R","Defend_R"]},{"damage_healed":0,"gold_gain":0,"player_choice":"Upgraded","damage_taken":0,"max_hp_gain":0,"max_hp_loss":0,"event_name":"Upgrade Shrine","floor":4,"gold_loss":0,"cards_upgraded":["Metallicize"]},{"damage_healed":0,"gold_gain":0,"player_choice":"Success","damage_taken":12,"relics_obtained":["Mummified Hand"],"max_hp_gain":0,"max_hp_loss":0,"event_name":"Scrap Ooze","floor":11,"gold_loss":0},{"damage_healed":0,"gold_gain":100,"player_choice":"Pray","damage_taken":0,"max_hp_gain":0,"max_hp_loss":0,"event_name":"Golden Shrine","floor":13,"gold_loss":0},{"damage_healed":0,"gold_gain":0,"player_choice":"Inject Mutagens","damage_taken":0,"relics_obtained":["MutagenicStrength"],"max_hp_gain":0,"max_hp_loss":0,"event_name":"Drug Dealer","floor":19,"gold_loss":0},{"damage_healed":0,"gold_gain":0,"player_choice":"Forge","damage_taken":0,"max_hp_gain":0,"max_hp_loss":0,"event_name":"Accursed Blacksmith","floor":20,"gold_loss":0,"cards_upgraded":["Juggernaut"]},{"damage_healed":0,"gold_gain":0,"player_choice":"Opened","damage_taken":0,"relics_obtained":["Vajra"],"max_hp_gain":0,"max_hp_loss":0,"event_name":"The Mausoleum","floor":28,"gold_loss":0,"cards_obtained":["Writhe"]},{"damage_healed":0,"gold_gain":0,"player_choice":"Shed Blood","damage_taken":20,"max_hp_gain":5,"max_hp_loss":0,"event_name":"Forgotten Altar","floor":29,"gold_loss":0},{"damage_healed":0,"gold_gain":0,"player_choice":"Fight","damage_taken":0,"max_hp_gain":0,"max_hp_loss":0,"event_name":"MindBloom","floor":36,"gold_loss":0},{"damage_healed":21,"gold_gain":0,"player_choice":"Writhe","damage_taken":0,"max_hp_gain":0,"max_hp_loss":0,"event_name":"Winding Halls","floor":38,"gold_loss":0,"cards_obtained":["Writhe"]},{"damage_healed":74,"gold_gain":0,"player_choice":"Heal","damage_taken":0,"max_hp_gain":0,"max_hp_loss":11,"event_name":"The Moai Head","floor":46,"gold_loss":0}],"is_beta":false,"boss_relics":[{"not_picked":["Ectoplasm","Snecko Eye"],"picked":"Mark of Pain"},{"not_picked":["Velvet Choker","SacredBark"],"picked":"Runic Cube"}],"items_purged_floors":[],"is_endless":false,"potions_floor_spawned":[2,8,14,16,23,31,33,37,39,47],"killed_by":"Time Eater","ascension_level":0}}