{"host":"xkmvu47k9fdstweo","time":1608759178,"event":{"mods":["BaseMod","Colored Map","Conspire","Hubris","Minty Spire (QoL Compilation)","Quick Restart","Railgun Mod","Shop Mod","StSLib","The Alterego","The Servant 0.9.4","The Wild Card","TheBandit","WarShipGirlsR/??è≠èóR mod","vexMod"],"gold_per_floor":[119,119,44,44,44,44,69,103,103,103,124,124,147,167,167,167,167],"floor_reached":16,"playtime":321,"items_purged":["Injury"],"score":144,"play_id":"525a99e7-978d-45cd-a16e-c6bd65c5d9d2","local_time":"20201223163258","is_ascension_mode":true,"campfire_choices":[{"data":"Exchange","floor":6,"key":"SMITH"},{"data":"Alleviate","floor":10,"key":"SMITH"},{"data":"Ricochet","floor":12,"key":"SMITH"},{"data":"MoonPhase","floor":15,"key":"SMITH"}],"circlet_count":0,"master_deck":["Strike_S+1","Strike_S","Strike_S","Strike_S","Defend_S","Defend_S","Defend_S","Defend_S","KidneyShot+1","Exchange+1","BottledTime+1","Defy","Alleviate+1","Ricochet+1","Potential","MoonPhase+1"],"relics":["Uniform","NeowsBlessing","Golden Idol","Whetstone","Mummified Hand"],"acts_visited":["Exordium"],"potions_floor_usage":[16,16],"damage_taken":[{"damage":0,"enemies":"Cultist","floor":1,"turns":1},{"damage":0,"enemies":"Jaw Worm","floor":7,"turns":1},{"damage":0,"enemies":"3 Sentries","floor":8,"turns":2},{"damage":0,"enemies":"Small Slimes","floor":11,"turns":4},{"damage":0,"enemies":"Blue Slaver","floor":13,"turns":4},{"damage":0,"enemies":"Exordium Wildlife","floor":14,"turns":4},{"damage":66,"enemies":"Hexaghost","floor":16,"turns":16}],"seed_played":"-2712071298328110425","potions_obtained":[{"floor":1,"key":"Weak Potion"},{"floor":14,"key":"Dexterity Potion"}],"is_trial":false,"path_per_floor":["M","?","$","?","$","R","M","E","T","R","M","R","M","M","R","B"],"character_chosen":"THE_SERVANT","items_purchased":[],"campfire_rested":0,"item_purchase_floors":[],"current_hp_per_floor":[65,65,65,65,65,65,65,65,65,65,65,65,65,65,65,0,0],"gold":167,"neow_bonus":"THREE_ENEMY_KILL","is_daily":false,"chose_seed":false,"campfire_upgraded":4,"win_rate":0.0,"timestamp":1608759178,"path_taken":["M","?","$","?","$","R","M","E","T","R","M","R","M","M","R","BOSS"],"items_purchased_type":[],"build_version":"2020-12-22","purchased_purges":1,"victory":false,"max_hp_per_floor":[65,65,65,65,65,65,65,65,65,65,65,65,65,65,65,65,65],"card_choices":[{"not_picked":["FanOfKnives","DoubleEdge"],"picked":"BottledTime","floor":1},{"not_picked":["Alleviate","Revamp"],"picked":"Defy","floor":7},{"not_picked":["Unruled","TrueSight"],"picked":"Alleviate","floor":8},{"not_picked":["BottledTime","Defy"],"picked":"Ricochet","floor":11},{"not_picked":["Starlight","Rewind"],"picked":"Potential","floor":13},{"not_picked":["Misdirection","Gouge"],"picked":"MoonPhase","floor":14}],"player_experience":328522,"relics_obtained":[{"floor":8,"key":"Whetstone"},{"floor":9,"key":"Mummified Hand"}],"event_choices":[{"damage_healed":0,"gold_gain":0,"player_choice":"Take Wound","damage_taken":0,"relics_obtained":["Golden Idol"],"max_hp_gain":0,"max_hp_loss":0,"event_name":"Golden Idol","floor":2,"gold_loss":0,"cards_obtained":["Injury"]},{"damage_healed":0,"gold_gain":0,"player_choice":"Upgraded","damage_taken":0,"max_hp_gain":0,"max_hp_loss":0,"event_name":"Upgrade Shrine","floor":4,"gold_loss":0,"cards_upgraded":["BottledTime"]}],"is_beta":false,"boss_relics":[],"items_purged_floors":[3],"is_endless":false,"potions_floor_spawned":[1,14],"killed_by":"Hexaghost","ascension_level":3}}