{"host":"xhamcave7q47vrco","time":1608711901,"event":{"mods":["ATMod(°¢èªMod)","AchievementEnabler","BaseMod","BetterRewards","Card Forge","Colored Powertips","Minty Spire (QoL Compilation)","Permanent Neow","Quick Restart","Remove Card Discount Mod","Shop Mod","StSLib","¡¾ÒÅÎï¿¨ÅÆ¡¿REMEMod"],"gold_per_floor":[210,223,241,257,332,397,409,468,494,506,535,217,227,246,246,348,348,358,370,285,285,285,318,318,351,374,404,415,69,100,132,132,233,233,245,245,261,58,58,75,75,100,126,160,173,183,183,209,209,209,209,209,60,87,112],"floor_reached":56,"playtime":2451,"items_purged":["Strike_R","Strike_R","Strike_R","Bash","Defend_R","Defend_R","REME_SingleHolding","Spot Weakness"],"score":2018,"play_id":"f645070e-2626-499a-8d8e-1d82d2f3602e","local_time":"20201223162501","is_ascension_mode":true,"campfire_choices":[{"data":"AT_ShrugMaster","floor":15.0,"key":"SMITH"},{"data":"Limit Break","floor":24.0,"key":"SMITH"},{"floor":32,"key":"RECALL"},{"data":"AT_IchimonjiDouble","floor":41,"key":"SMITH"},{"data":"Power Through","floor":49,"key":"SMITH"},{"data":"REME_ACTH","floor":52,"key":"SMITH"}],"circlet_count":0,"master_deck":["AT_CaressingTears+1","Panacea+1","Inflame+1","AT_ChampionKick+1","Reaper+1","Berserk+1","Heavy Blade+1","AT_ShrugMaster+1","Limit Break+1","Power Through+1","Master of Strategy","REME_ACTH+1","Pummel+1","AT_IchimonjiDouble+1"],"relics":["Burning Blood","Hammer of Thor","Seething Fire","Anvil of the Gods","REME_ComplimentaryCards","AT_ATBox","Boot","Omamori","Juzu Bracelet","Red Skull","Whetstone","REME_DuelDisc","AT_BellDemon","Pen Nib","Strawberry","Happy Flower","ClockworkSouvenir","Red Mask","REME_PuzzleBoxRelic","Runic Dome","Chemical X","Nunchaku","Bag of Marbles","AT_BladeRuinedKing","Oddly Smooth Stone","Frozen Eye","AT_MibuBalloonWealth"],"acts_visited":["Exordium","TheCity","TheBeyond","TheEnding"],"potions_floor_usage":[],"damage_taken":[{"damage":3.0,"enemies":"2 Louse","floor":1.0,"turns":2.0},{"damage":10.0,"enemies":"Small Slimes","floor":2.0,"turns":2.0},{"damage":6.0,"enemies":"Cultist","floor":3.0,"turns":3.0},{"damage":10.0,"enemies":"Gremlin Gang","floor":4.0,"turns":2.0},{"damage":6.0,"enemies":"Gremlin Nob","floor":6.0,"turns":3.0},{"damage":10.0,"enemies":"Large Slime","floor":7.0,"turns":5.0},{"damage":10.0,"enemies":"3 Sentries","floor":8.0,"turns":2.0},{"damage":30.0,"enemies":"Exordium Wildlife","floor":10.0,"turns":4.0},{"damage":15.0,"enemies":"Lagavulin","floor":11.0,"turns":4.0},{"damage":22.0,"enemies":"Lots of Slimes","floor":13.0,"turns":2.0},{"damage":12.0,"enemies":"2 Fungi Beasts","floor":14.0,"turns":3.0},{"damage":38.0,"enemies":"Hexaghost","floor":16.0,"turns":5.0},{"damage":12.0,"enemies":"3 Byrds","floor":18.0,"turns":2.0},{"damage":3.0,"enemies":"Spheric Guardian","floor":19.0,"turns":3.0},{"damage":18.0,"enemies":"Gremlin Leader","floor":23.0,"turns":3.0},{"damage":14.0,"enemies":"Slavers","floor":25.0,"turns":2.0},{"damage":35.0,"enemies":"Gremlin Leader","floor":27.0,"turns":3.0},{"damage":33.0,"enemies":"Snake Plant","floor":28.0,"turns":4.0},{"damage":0,"enemies":"Masked Bandits","floor":30,"turns":2},{"damage":0,"enemies":"Book of Stabbing","floor":31,"turns":3},{"damage":0,"enemies":"Champ","floor":33,"turns":3},{"damage":0,"enemies":"3 Darklings","floor":35,"turns":2},{"damage":0,"enemies":"3 Shapes","floor":37,"turns":2},{"damage":0,"enemies":"Spire Growth","floor":40,"turns":2},{"damage":4,"enemies":"Reptomancer","floor":42,"turns":3},{"damage":0,"enemies":"Nemesis","floor":44,"turns":3},{"damage":0,"enemies":"Jaw Worm Horde","floor":45,"turns":2},{"damage":0,"enemies":"4 Shapes","floor":46,"turns":2},{"damage":0,"enemies":"Reptomancer","floor":48,"turns":2},{"damage":9,"enemies":"Donu and Deca","floor":50,"turns":2},{"damage":2,"enemies":"Shield and Spear","floor":54,"turns":2},{"damage":38,"enemies":"The Heart","floor":55,"turns":4}],"seed_played":"-5363574305514972313","potions_obtained":[{"floor":1.0,"key":"SkillPotion"},{"floor":2.0,"key":"Explosive Potion"},{"floor":4.0,"key":"REME_GoldPotion"},{"floor":7.0,"key":"REME_GoldPotion"},{"floor":11.0,"key":"Fire Potion"},{"floor":27.0,"key":"Regen Potion"}],"is_trial":false,"path_per_floor":["M","M","M","M","?","E","M","E","T","M","E","$","M","M","R","B",null,"M","M","?","?","?","E","R","E","T","E","M","$","?","E","R","B",null,"M","?","M","$","?","M","R","E","T","E","M","M","?","E","R","B",null,"R","$","E","B",null],"character_chosen":"IRONCLAD","items_purchased":["AT_ShrugMaster","Whetstone","LiquidBronze","Master of Strategy","ClockworkSouvenir","AT_IchimonjiDouble","Chemical X","Frozen Eye"],"campfire_rested":0,"item_purchase_floors":[12,12,12,29,29,38,38,53],"current_hp_per_floor":[75,71,78,74,63,72,80,76,76,74,76,76,80,80,80,64,76,70,77,77,77,77,80,80,79,79,63,75,75,85,87,87,87,87,87,87,87,87,87,87,87,87,87,87,87,87,87,87,87,87,87,87,87,89,65],"gold":112,"neow_bonus":"HUNDRED_GOLD","is_daily":false,"chose_seed":false,"campfire_upgraded":5,"win_rate":0.0,"timestamp":1608711901,"path_taken":["M","M","M","M","?","E","M","E","T","M","E","$","M","M","R","BOSS","M","M","?","?","?","E","R","E","T","E","M","$","?","E","R","BOSS","M","?","M","$","?","M","R","E","T","E","M","M","?","E","R","BOSS","R","$","E","BOSS"],"items_purchased_type":["Card","Relic","Potion","Card","Relic","Card","Relic","Relic"],"build_version":"2020-12-22","purchased_purges":8,"victory":true,"max_hp_per_floor":[80,80,80,80,80,80,80,80,80,80,80,80,80,80,80,80,80,80,80,80,80,80,80,80,87,87,87,87,87,87,87,87,87,87,87,87,87,87,87,87,87,87,87,87,87,87,87,87,87,87,87,87,87,89,89],"card_choices":[{"not_picked":["Iron Wave","Flame Barrier","Body Slam"],"picked":"SKIP","floor":1.0},{"not_picked":["Wild Strike","Cleave","Body Slam"],"picked":"SKIP","floor":2.0},{"not_picked":["Dual Wield","Wild Strike","Sword Boomerang"],"picked":"SKIP","floor":3.0},{"not_picked":["Anger","Dark Embrace","Pommel Strike"],"picked":"SKIP","floor":4.0},{"not_picked":["Double Tap","AT_ManFootWork","Headbutt"],"picked":"SKIP","floor":6.0},{"not_picked":["Cleave","Body Slam","Clash"],"picked":"SKIP","floor":7.0},{"not_picked":["Shrug It Off","AT_DiedThrough"],"picked":"Heavy Blade","floor":8.0},{"not_picked":["Havoc","True Grit","Iron Wave"],"picked":"SKIP","floor":10.0},{"not_picked":["Berserk","Perfected Strike"],"picked":"Spot Weakness","floor":11.0},{"not_picked":["Warcry","Pommel Strike","Rampage"],"picked":"SKIP","floor":13.0},{"not_picked":["Perfected Strike","Thunderclap","Headbutt"],"picked":"SKIP","floor":14.0},{"not_picked":["AT_Dispersion","Demon Form"],"picked":"Limit Break","floor":16.0},{"not_picked":["Iron Wave","Thunderclap","Sever Soul"],"picked":"SKIP","floor":18.0},{"not_picked":["Havoc+1","Cleave+1","Wild Strike+1"],"picked":"SKIP","floor":19.0},{"not_picked":["Shrug It Off+1","Flame Barrier","Clash"],"picked":"SKIP","floor":23.0},{"not_picked":["Flame Barrier+1","Fire Breathing"],"picked":"REME_SingleHolding","floor":25.0},{"not_picked":["Rupture","Combust","Exhume"],"picked":"SKIP","floor":27.0},{"not_picked":["True Grit","Anger","Cleave"],"picked":"SKIP","floor":28.0},{"not_picked":["REME_Fury","Evolve","True Grit"],"picked":"SKIP","floor":31},{"not_picked":["Feed","Exhume"],"picked":"REME_ACTH","floor":33},{"not_picked":["Flex","Body Slam","Havoc"],"picked":"SKIP","floor":35},{"not_picked":["Iron Wave+1","Perfected Strike"],"picked":"Pummel+1","floor":37},{"not_picked":["Battle Trance","AT_GerminateFire","Thunderclap"],"picked":"SKIP","floor":40},{"not_picked":["Reckless Charge","Demon Form","Infernal Blade+1"],"picked":"SKIP","floor":42},{"not_picked":["Sword Boomerang","Shrug It Off","Armaments"],"picked":"SKIP","floor":44},{"not_picked":["Sword Boomerang","Disarm","Iron Wave+1"],"picked":"SKIP","floor":45},{"not_picked":["Havoc+1","Warcry","Clothesline+1"],"picked":"SKIP","floor":46},{"not_picked":["Dropkick+1","AT_ManFootWork","Seeing Red+1"],"picked":"SKIP","floor":48},{"not_picked":["Clash","AT_DrawKnifeCut+1","Shrug It Off+1"],"picked":"SKIP","floor":54}],"player_experience":60578,"relics_obtained":[{"floor":6.0,"key":"Boot"},{"floor":8.0,"key":"Omamori"},{"floor":9.0,"key":"Juzu Bracelet"},{"floor":11.0,"key":"Red Skull"},{"floor":23.0,"key":"Pen Nib"},{"floor":25.0,"key":"Strawberry"},{"floor":27.0,"key":"Happy Flower"},{"floor":30,"key":"Red Mask"},{"floor":31,"key":"REME_PuzzleBoxRelic"},{"floor":42,"key":"Nunchaku"},{"floor":43,"key":"Bag of Marbles"},{"floor":44,"key":"AT_BladeRuinedKing"},{"floor":48,"key":"Oddly Smooth Stone"},{"floor":54,"key":"AT_MibuBalloonWealth"}],"event_choices":[{"damage_healed":0.0,"max_hp_gain":0.0,"max_hp_loss":0.0,"gold_gain":75.0,"event_name":"World of Goop","player_choice":"Gather Gold","floor":5.0,"gold_loss":0.0,"damage_taken":11.0},{"damage_healed":0.0,"max_hp_gain":0.0,"max_hp_loss":0.0,"gold_gain":0.0,"event_name":"Addict","player_choice":"Obtained Relic","floor":20.0,"gold_loss":85.0,"damage_taken":0.0,"relics_obtained":["AT_BellDemon"]},{"damage_healed":0.0,"max_hp_gain":0.0,"max_hp_loss":0.0,"gold_gain":0.0,"event_name":"Vampires","player_choice":"Ignored","floor":21.0,"gold_loss":0.0,"damage_taken":0.0},{"damage_healed":0.0,"max_hp_gain":0.0,"max_hp_loss":0.0,"gold_gain":0.0,"event_name":"The Library","player_choice":"Read","floor":22.0,"gold_loss":0.0,"damage_taken":0.0,"cards_obtained":["Power Through"]},{"damage_healed":0,"gold_gain":0,"player_choice":"Fought Bandits","damage_taken":0,"max_hp_gain":0,"max_hp_loss":0,"event_name":"Masked Bandits","floor":30,"gold_loss":0},{"damage_healed":0,"gold_gain":0,"player_choice":"Memory 1","damage_taken":0,"max_hp_gain":0,"max_hp_loss":0,"event_name":"SensoryStone","floor":36,"gold_loss":0},{"damage_healed":0,"gold_gain":0,"player_choice":"0 cards matched","damage_taken":0,"max_hp_gain":0,"max_hp_loss":0,"event_name":"Match and Keep!","floor":39,"gold_loss":0,"cards_obtained":[]},{"damage_healed":0,"gold_gain":0,"player_choice":"Bought 0 Potions","damage_taken":0,"max_hp_gain":0,"max_hp_loss":0,"event_name":"The Woman in Blue","floor":47,"gold_loss":0}],"is_beta":false,"boss_relics":[{"not_picked":["Tiny House","REME_LowDesire"],"picked":"REME_DuelDisc"},{"not_picked":["Empty Cage","Astrolabe"],"picked":"Runic Dome"}],"items_purged_floors":[12,12,12,12,12,12,38,38],"is_endless":false,"potions_floor_spawned":[1,2,4,7,11,14,18,19,27,40,45,46],"ascension_level":6}}