{"host":"ja297la2wpvv1dvv","time":1608736982,"event":{"mods":["AchievementEnabler","BaseMod","Bestiary","Colored Map","Colored Powertips","Curses Come First","Minty Spire (QoL Compilation)","StSLib"],"gold_per_floor":[116,133,133,150,160,187,3,3,84,142,142,6,25,44,44,145,145,157,157,157,167,167,199,199,210,261,13,31,31,49,64,64,163,163,178,192,192,219,235,235,235,235],"floor_reached":41,"playtime":5376,"items_purged":["Strike_P","Writhe"],"score":440,"play_id":"8d54ea70-9f5a-4172-b4ea-4dbe8158aece","local_time":"20201223092302","is_ascension_mode":false,"campfire_choices":[{"floor":8.0,"key":"REST"},{"floor":15.0,"key":"REST"},{"floor":24,"key":"REST"},{"floor":29,"key":"REST"},{"floor":32,"key":"REST"},{"floor":40,"key":"REST"}],"circlet_count":0,"master_deck":["Strike_P","Strike_P","Defend_P","Defend_P","Defend_P","Defend_P","Eruption+1","Vigilance","PathToVictory","Nirvana","FollowUp","Brilliance","BowlingBash","MentalFortress+1","ReachHeaven","Meditate","Halt","FlurryOfBlows","CutThroughFate","Brilliance","DeceiveReality+1","CutThroughFate","ThirdEye","LikeWater+1","Ragnarok","ReachHeaven+1","FollowUp+1","Protect","JustLucky","Weave","DeusExMachina","Crescendo","Tantrum","Master of Strategy","JustLucky","Pray+1","Parasite"],"relics":["HolyWater","TungstenRod","Membership Card","Shuriken","Juzu Bracelet","Question Card","Toy Ornithopter","Happy Flower","Dream Catcher","Ornamental Fan","Busted Crown","Oddly Smooth Stone"],"acts_visited":["Exordium","TheCity","TheBeyond"],"potions_floor_usage":[30,33,33],"damage_taken":[{"damage":2.0,"enemies":"2 Louse","floor":1.0,"turns":2.0},{"damage":10.0,"enemies":"Cultist","floor":2.0,"turns":4.0},{"damage":2.0,"enemies":"Small Slimes","floor":4.0,"turns":3.0},{"damage":5.0,"enemies":"Looter","floor":5.0,"turns":3.0},{"damage":16.0,"enemies":"Gremlin Nob","floor":6.0,"turns":3.0},{"damage":22.0,"enemies":"Lagavulin Event","floor":10.0,"turns":5.0},{"damage":0.0,"enemies":"3 Louse","floor":13.0,"turns":3.0},{"damage":3.0,"enemies":"Red Slaver","floor":14.0,"turns":2.0},{"damage":45.0,"enemies":"The Guardian","floor":16.0,"turns":8.0},{"damage":7.0,"enemies":"Shell Parasite","floor":18.0,"turns":2.0},{"damage":10,"enemies":"3 Byrds","floor":21,"turns":4},{"damage":25,"enemies":"Slavers","floor":23,"turns":7},{"damage":26,"enemies":"Snake Plant","floor":25,"turns":6},{"damage":0,"enemies":"Centurion and Healer","floor":28,"turns":4},{"damage":1,"enemies":"Shelled Parasite and Fungi","floor":30,"turns":2},{"damage":2,"enemies":"Snecko","floor":31,"turns":5},{"damage":1,"enemies":"Champ","floor":33,"turns":8},{"damage":16,"enemies":"Orb Walker","floor":35,"turns":5},{"damage":29,"enemies":"3 Darklings","floor":36,"turns":5},{"damage":6,"enemies":"Sphere and 2 Shapes","floor":39,"turns":3},{"damage":44,"enemies":"Writhing Mass","floor":41,"turns":5}],"seed_played":"5846332686746454034","potions_obtained":[{"floor":1.0,"key":"Fire Potion"},{"floor":6.0,"key":"FearPotion"},{"floor":10.0,"key":"SpeedPotion"},{"floor":23,"key":"SkillPotion"},{"floor":30,"key":"Weak Potion"},{"floor":31,"key":"EssenceOfSteel"},{"floor":33,"key":"BlessingOfTheForge"},{"floor":36,"key":"BlessingOfTheForge"},{"floor":39,"key":"BottledMiracle"}],"is_trial":false,"path_per_floor":["M","M","?","M","M","E","$","R","T","?","?","$","M","M","R","B",null,"M","?","?","M","?","E","R","M","T","$","M","R","M","M","R","B",null,"M","M","?","T","M","R","M"],"character_chosen":"WATCHER","items_purchased":["Membership Card","Question Card","Halt","Ornamental Fan","Ragnarok"],"campfire_rested":6,"item_purchase_floors":[7,12,12,27,27],"current_hp_per_floor":[70,60,60,58,53,37,37,58,58,36,36,36,36,33,54,9,72,65,65,65,55,55,30,51,25,25,25,25,46,50,48,69,71,72,56,27,27,27,21,42,0,0],"gold":235,"neow_bonus":"THREE_CARDS","is_daily":false,"chose_seed":false,"campfire_upgraded":0,"win_rate":0.0,"timestamp":1608736982,"path_taken":["M","M","?","M","M","E","?","R","T","?","?","$","M","M","R","BOSS","M","?","?","M","?","E","R","M","T","$","M","R","M","M","R","BOSS","M","M","?","?","M","R","M"],"items_purchased_type":["Relic","Relic","Card","Relic","Card"],"build_version":"2020-12-13","purchased_purges":2,"victory":false,"max_hp_per_floor":[72,72,72,72,72,72,72,72,72,72,72,72,72,72,72,72,72,72,72,72,72,72,72,72,72,72,72,72,72,72,72,72,72,72,72,72,72,72,72,72,72,72],"card_choices":[{"not_picked":["EmptyMind","FollowUp"],"picked":"PathToVictory","floor":0.0},{"not_picked":["WindmillStrike","Crescendo"],"picked":"Nirvana","floor":1.0},{"not_picked":["EmptyFist","JustLucky"],"picked":"FollowUp","floor":2.0},{"not_picked":["Adaptation","SashWhip"],"picked":"Brilliance","floor":4.0},{"not_picked":["ForeignInfluence","CrushJoints"],"picked":"BowlingBash","floor":5.0},{"not_picked":["FlurryOfBlows","Omniscience"],"picked":"MentalFortress","floor":6.0},{"not_picked":["FollowUp","EmptyFist"],"picked":"ReachHeaven","floor":10.0},{"not_picked":["Study","FlyingSleeves","EmptyFist"],"picked":"FlurryOfBlows","floor":13.0},{"not_picked":["Indignation","Halt","JustLucky"],"picked":"CutThroughFate","floor":14.0},{"not_picked":["Alpha","Establishment","Scrawl"],"picked":"Brilliance","floor":16.0},{"not_picked":["Halt","PathToVictory","EmptyFist+1"],"picked":"DeceiveReality+1","floor":18},{"not_picked":["FlurryOfBlows","PathToVictory","WheelKick+1"],"picked":"CutThroughFate","floor":21},{"not_picked":["FearNoEvil","SashWhip","EmptyMind"],"picked":"ThirdEye","floor":23},{"not_picked":["FlyingSleeves","FlurryOfBlows","EmptyMind+1"],"picked":"LikeWater+1","floor":25},{"not_picked":["Worship","CrushJoints","Wallop"],"picked":"ReachHeaven+1","floor":28},{"not_picked":["Fasting2+1","Perseverance","BattleHymn"],"picked":"FollowUp+1","floor":29},{"not_picked":["Study","EmptyFist","CarveReality"],"picked":"Protect","floor":30},{"not_picked":["Pray","FearNoEvil","MentalFortress"],"picked":"JustLucky","floor":31},{"not_picked":["ThirdEye","LikeWater","ConjureBlade"],"picked":"Weave","floor":32},{"not_picked":["Vault","Blasphemy","DevaForm"],"picked":"DeusExMachina","floor":33},{"not_picked":["SignatureMove"],"picked":"Crescendo","floor":35},{"not_picked":["Protect+1"],"picked":"Tantrum","floor":36},{"not_picked":["Forethought"],"picked":"Master of Strategy","floor":37},{"not_picked":["Nirvana"],"picked":"JustLucky","floor":39},{"not_picked":["BowlingBash"],"picked":"Pray+1","floor":40}],"player_experience":166494,"relics_obtained":[{"floor":6.0,"key":"TungstenRod"},{"floor":9.0,"key":"Shuriken"},{"floor":10.0,"key":"Juzu Bracelet"},{"floor":23,"key":"Happy Flower"},{"floor":26,"key":"Dream Catcher"},{"floor":38,"key":"Oddly Smooth Stone"}],"event_choices":[{"damage_healed":0.0,"max_hp_gain":0.0,"max_hp_loss":0.0,"gold_gain":0.0,"event_name":"Accursed Blacksmith","player_choice":"Forge","floor":3.0,"gold_loss":0.0,"damage_taken":0.0,"cards_upgraded":["Eruption"]},{"damage_healed":0.0,"max_hp_gain":0.0,"max_hp_loss":0.0,"gold_gain":0.0,"event_name":"Dead Adventurer","player_choice":"Searched \u00271\u0027 times","floor":10.0,"gold_loss":0.0,"damage_taken":0.0},{"damage_healed":0.0,"max_hp_gain":0.0,"max_hp_loss":0.0,"gold_gain":0.0,"cards_transformed":["Strike_P"],"event_name":"Living Wall","player_choice":"Change","floor":11.0,"gold_loss":0.0,"damage_taken":0.0,"cards_obtained":["Meditate"]},{"damage_healed":0,"gold_gain":0,"player_choice":"Upgraded","damage_taken":0,"max_hp_gain":0,"max_hp_loss":0,"event_name":"Upgrade Shrine","floor":19,"gold_loss":0,"cards_upgraded":["MentalFortress"]},{"damage_healed":0,"gold_gain":0,"player_choice":"Ignored","damage_taken":0,"max_hp_gain":0,"max_hp_loss":0,"event_name":"Cursed Tome","floor":20,"gold_loss":0},{"damage_healed":0,"gold_gain":0,"player_choice":"Opened","damage_taken":0,"relics_obtained":["Toy Ornithopter"],"max_hp_gain":0,"max_hp_loss":0,"event_name":"The Mausoleum","floor":22,"gold_loss":0,"cards_obtained":["Writhe"]},{"damage_healed":0,"gold_gain":0,"player_choice":"Memory 1","damage_taken":0,"max_hp_gain":0,"max_hp_loss":0,"event_name":"SensoryStone","floor":37,"gold_loss":0}],"is_beta":false,"boss_relics":[{"not_picked":["Tiny House","Fusion Hammer"],"picked":"HolyWater"},{"not_picked":["Cursed Key","Astrolabe"],"picked":"Busted Crown"}],"items_purged_floors":[7,27],"is_endless":false,"potions_floor_spawned":[1,6,10,23,30,31,33,36,39],"killed_by":"Writhing Mass","ascension_level":0}}