{"host":"8u7tvcybuv0u72fd","time":1608699226,"event":{"mods":["BaseMod","BetterRewards","Colored Map","Colored Powertips","Minty Spire (QoL Compilation)","Quick Restart","Shop Mod"],"gold_per_floor":[113,189,204,169,189,189,215,215,215,228,228,228,247,278,278,379,379,390,390,408,408,46,46,76,94,94,94,111,129,129,129,129,233,233,248,248,258,273,284,284,310,310,360,360,410,410,224,234,234,234,234,234,42,77,77],"floor_reached":56,"playtime":2457,"items_purged":["Strike_R","Strike_R"],"score":1630,"play_id":"3e7f7a39-82ee-4077-859e-97ef42845878","local_time":"20201222235345","is_ascension_mode":false,"campfire_choices":[{"data":"Bash","floor":6.0,"key":"SMITH"},{"data":"Defend_R","floor":8.0,"key":"SMITH"},{"data":"Defend_R","floor":11.0,"key":"SMITH"},{"data":"Defend_R","floor":15.0,"key":"SMITH"},{"data":"Inflame","floor":23.0,"key":"SMITH"},{"data":"Offering","floor":27.0,"key":"SMITH"},{"data":"Defend_R","floor":30.0,"key":"SMITH"},{"floor":32.0,"key":"RECALL"},{"data":"Strike_R","floor":40.0,"key":"SMITH"},{"data":"Battle Trance","floor":42,"key":"SMITH"},{"data":"Trip","floor":49,"key":"SMITH"},{"data":"Strike_R","floor":52,"key":"SMITH"}],"circlet_count":0,"master_deck":["Strike_R+1","Strike_R+1","Defend_R+1","Defend_R+1","Defend_R+1","Defend_R+1","Bash+1","Clash+1","Body Slam+1","Iron Wave+1","Headbutt+1","Offering+1","Flex+1","Dropkick+1","Inflame+1","RitualDagger+1","Battle Trance+1","Blood for Blood+1","Trip+1","Dramatic Entrance+1"],"relics":["Burning Blood","Molten Egg 2","Paper Frog","Sundial","Toy Ornithopter","Orichalcum","Busted Crown","WarpedTongs","Membership Card","Akabeko","Self Forming Clay","SacredBark","Bottled Lightning","Ginger","Pear","MerchantsRug","FossilizedHelix","Bag of Marbles"],"acts_visited":["TheCity","TheBeyond","TheEnding"],"potions_floor_usage":[54,55,55,55,55],"damage_taken":[{"damage":0.0,"enemies":"2 Louse","floor":1.0,"turns":2.0},{"damage":0.0,"enemies":"Cultist","floor":3.0,"turns":2.0},{"damage":1.0,"enemies":"Jaw Worm","floor":5.0,"turns":2.0},{"damage":23.0,"enemies":"Gremlin Nob","floor":7.0,"turns":4.0},{"damage":7.0,"enemies":"Looter","floor":10.0,"turns":3.0},{"damage":8.0,"enemies":"Red Slaver","floor":13.0,"turns":2.0},{"damage":5.0,"enemies":"Lagavulin","floor":14.0,"turns":3.0},{"damage":27.0,"enemies":"Hexaghost","floor":16.0,"turns":8.0},{"damage":6.0,"enemies":"Shell Parasite","floor":18.0,"turns":2.0},{"damage":8.0,"enemies":"Chosen","floor":20.0,"turns":2.0},{"damage":18.0,"enemies":"Slavers","floor":24.0,"turns":2.0},{"damage":6.0,"enemies":"Centurion and Healer","floor":25.0,"turns":3.0},{"damage":6.0,"enemies":"Chosen and Byrds","floor":28.0,"turns":3.0},{"damage":6.0,"enemies":"Snake Plant","floor":29.0,"turns":1.0},{"damage":73.0,"enemies":"Automaton","floor":33.0,"turns":10.0},{"damage":6.0,"enemies":"Orb Walker","floor":35.0,"turns":1.0},{"damage":13.0,"enemies":"3 Darklings","floor":37.0,"turns":4.0},{"damage":6.0,"enemies":"Transient","floor":38.0,"turns":5.0},{"damage":10.0,"enemies":"4 Shapes","floor":39.0,"turns":4.0},{"damage":6,"enemies":"Giant Head","floor":41,"turns":3},{"damage":6,"enemies":"Mind Bloom Boss Battle","floor":45,"turns":4},{"damage":6,"enemies":"Writhing Mass","floor":48,"turns":1},{"damage":78,"enemies":"Time Eater","floor":50,"turns":9},{"damage":0,"enemies":"Shield and Spear","floor":54,"turns":3},{"damage":76,"enemies":"The Heart","floor":55,"turns":8}],"seed_played":"-5553432358363519371","potions_obtained":[{"floor":5.0,"key":"BloodPotion"},{"floor":7.0,"key":"AttackPotion"},{"floor":13.0,"key":"FearPotion"},{"floor":14.0,"key":"GamblersBrew"},{"floor":16.0,"key":"Strength Potion"},{"floor":25.0,"key":"Strength Potion"},{"floor":28.0,"key":"Fruit Juice"},{"floor":29.0,"key":"AttackPotion"},{"floor":33.0,"key":"HeartOfIron"},{"floor":38.0,"key":"Fire Potion"},{"floor":41,"key":"EntropicBrew"}],"is_trial":false,"path_per_floor":["M","?","M","?","M","R","E","R","T","M","R","?","M","E","R","B",null,"M","?","M","?","$","R","E","M","T","R","M","M","R","?","R","B",null,"M","?","M","M","M","R","E","R","T","?","?","?","$","M","R","B",null,"R","$","E","B",null],"character_chosen":"IRONCLAD","items_purchased":["Molten Egg 2","Omamori","Paper Frog","Clash+1","Explosive Potion","Membership Card","Mango","Inflame","Pear","MerchantsRug","Trip","FossilizedHelix","Dramatic Entrance+1"],"campfire_rested":0,"item_purchase_floors":[0,0,0,0,0,22,22,22,47,47,47,53,53],"current_hp_per_floor":[52,52,58,78,80,80,63,63,63,62,62,62,80,80,80,59,80,80,80,78,78,92,92,82,82,82,82,92,92,92,86,86,19,99,99,99,92,92,88,88,88,88,88,99,99,99,109,109,109,37,109,109,109,109,84],"gold":77,"neow_bonus":"","is_daily":false,"chose_seed":false,"campfire_upgraded":11,"win_rate":0.0,"timestamp":1608699225,"path_taken":["M","?","M","?","M","R","E","R","T","M","R","?","?","E","R","BOSS","M","?","M","?","$","R","E","M","T","R","?","M","R","?","R","BOSS","M","?","M","?","M","R","E","R","T","?","?","?","$","?","R","BOSS","R","$","E","BOSS"],"items_purchased_type":["Relic","Relic","Relic","Card","Potion","Relic","Relic","Card","Relic","Relic","Card","Relic","Card"],"build_version":"2020-12-13","purchased_purges":2,"victory":true,"max_hp_per_floor":[80,80,80,80,80,80,80,80,80,80,80,80,80,80,80,80,80,80,80,80,80,94,94,94,94,94,94,99,99,99,99,99,99,99,99,99,99,99,99,99,99,99,99,99,99,99,109,109,109,109,109,109,109,109,109],"card_choices":[{"not_picked":["Uppercut+1","Cleave+1"],"picked":"Body Slam+1","floor":1.0},{"not_picked":["Flex","Perfected Strike+1","Clash+1"],"picked":"SKIP","floor":3.0},{"not_picked":["Ghostly Armor","Flex"],"picked":"Iron Wave+1","floor":5.0},{"not_picked":["Clothesline+1","Wild Strike+1","Clash+1"],"picked":"SKIP","floor":7.0},{"not_picked":["Reckless Charge+1","Pommel Strike+1"],"picked":"Headbutt+1","floor":10.0},{"not_picked":["Warcry","Pummel+1","Entrench"],"picked":"SKIP","floor":13.0},{"not_picked":["Dark Embrace","Carnage+1"],"picked":"Pommel Strike+1","floor":14.0},{"not_picked":["Limit Break","Berserk"],"picked":"Offering","floor":16.0},{"not_picked":[],"picked":"Flex+1","floor":18.0},{"not_picked":["Flex"],"picked":"SKIP","floor":20.0},{"not_picked":["Flex"],"picked":"SKIP","floor":24.0},{"not_picked":["Second Wind"],"picked":"SKIP","floor":25.0},{"not_picked":["Power Through"],"picked":"SKIP","floor":28.0},{"not_picked":["Flex"],"picked":"SKIP","floor":29.0},{"not_picked":["Iron Wave+1"],"picked":"SKIP","floor":35.0},{"not_picked":["Inflame"],"picked":"SKIP","floor":37.0},{"not_picked":["Spot Weakness"],"picked":"SKIP","floor":38.0},{"not_picked":["Anger+1"],"picked":"SKIP","floor":39.0},{"not_picked":[],"picked":"Battle Trance","floor":41},{"not_picked":[],"picked":"Blood for Blood+1","floor":45},{"not_picked":["Headbutt+1"],"picked":"SKIP","floor":48},{"not_picked":["Warcry+1"],"picked":"SKIP","floor":54}],"player_experience":1200026,"relics_obtained":[{"floor":7.0,"key":"Sundial"},{"floor":9.0,"key":"Toy Ornithopter"},{"floor":14.0,"key":"Orichalcum"},{"floor":24.0,"key":"Akabeko"},{"floor":26.0,"key":"Self Forming Clay"},{"floor":41,"key":"Bottled Lightning"},{"floor":45,"key":"Ginger"},{"floor":54,"key":"Bag of Marbles"}],"event_choices":[{"damage_healed":0.0,"max_hp_gain":0.0,"max_hp_loss":0.0,"gold_gain":76.0,"event_name":"Golden Wing","player_choice":"Gained Gold","floor":2.0,"gold_loss":0.0,"damage_taken":0.0},{"damage_healed":20.0,"max_hp_gain":0.0,"max_hp_loss":0.0,"gold_gain":0.0,"event_name":"The Cleric","player_choice":"Healed","floor":4.0,"gold_loss":35.0,"damage_taken":0.0},{"damage_healed":0.0,"max_hp_gain":0.0,"max_hp_loss":0.0,"gold_gain":0.0,"event_name":"Transmorgrifier","player_choice":"Ignored","floor":12.0,"gold_loss":0.0,"damage_taken":0.0},{"damage_healed":0.0,"max_hp_gain":0.0,"max_hp_loss":0.0,"gold_gain":0.0,"event_name":"The Library","player_choice":"Read","floor":19.0,"gold_loss":0.0,"damage_taken":0.0,"cards_obtained":["Dropkick"]},{"damage_healed":0.0,"max_hp_gain":0.0,"max_hp_loss":0.0,"gold_gain":0.0,"event_name":"Accursed Blacksmith","player_choice":"Rummage","floor":21.0,"gold_loss":0.0,"damage_taken":0.0,"relics_obtained":["WarpedTongs"],"cards_obtained":["Pain"]},{"damage_healed":0.0,"max_hp_gain":0.0,"max_hp_loss":0.0,"gold_gain":0.0,"event_name":"Nest","player_choice":"Joined the Cult","floor":31.0,"gold_loss":0.0,"damage_taken":6.0,"cards_obtained":["RitualDagger"]},{"cards_removed":["Strike_R"],"damage_healed":0.0,"max_hp_gain":0.0,"max_hp_loss":0.0,"gold_gain":0.0,"event_name":"Purifier","player_choice":"Purged","floor":36.0,"gold_loss":0.0,"damage_taken":0.0},{"damage_healed":25,"gold_gain":0,"player_choice":"Writhe","damage_taken":0,"max_hp_gain":0,"max_hp_loss":0,"event_name":"Winding Halls","floor":44,"gold_loss":0,"cards_obtained":["Writhe"]},{"damage_healed":0,"gold_gain":0,"player_choice":"Fight","damage_taken":0,"max_hp_gain":0,"max_hp_loss":0,"event_name":"MindBloom","floor":45,"gold_loss":0},{"cards_removed":["Pommel Strike"],"damage_healed":0,"gold_gain":0,"player_choice":"Removed Attack","damage_taken":0,"max_hp_gain":0,"max_hp_loss":0,"event_name":"Falling","floor":46,"gold_loss":0}],"is_beta":false,"boss_relics":[{"not_picked":["Black Blood","Fusion Hammer"],"picked":"Busted Crown"},{"not_picked":["SlaversCollar","Runic Pyramid"],"picked":"SacredBark"}],"items_purged_floors":[0,22],"is_endless":false,"potions_floor_spawned":[5,7,13,14,16,25,28,29,33,37,38,41,48],"ascension_level":0}}