{"host":"1q3j0ei39r3fhrcd","time":1608704553,"event":{"mods":["2.2 Compatiblity","Astrologer","Bard","Bartender","BaseMod","Beaked The Cultist","Better Note","Better Skull","Better Third Choice","BetterRewards","Challenge The Spire","Clockwork Mod","Conspire","Dio Mod","Downfall","Duelist Mod","Gremlin Mod","GungeonMod","Hermit","Hubris","Infinite Spire","Jorbs\u0027s Wanderer Trilogy","Marisa????????","Minty Spire (QoL Compilation)","Replay The Spire","Robot Space Explorer","SIMod","Shop Mod","Somnambulant","Spicy Shops","StSLib","The Blackbeard","The Bug Knight","The Clintock","The Construct","The Cursed","The Death Knight","The Disciple","The Dragon Tamer","The Druid","The Elementalist","The Forsaken","The Hierophant","The Judge","The Mystic","The Necromancer","The Runesmith","The Sage","The Servant 0.9.4","The Showman","The Valiant","The Vixen","The Wild Card","The Witch","TheFirefly","Yuri Mod","[IsaacMod]????","thorton","vexMod"],"gold_per_floor":[99,99,9,27,12,12,12,112,112,94,105,136,136,21,41,242,242,242,209,209,209,226,244,270,220,220,220],"floor_reached":25,"playtime":1532,"items_purged":["hexamod:Strike","hexamod:Strike"],"score":217,"play_id":"93aed63c-2728-47ad-b7bd-186bfafd0d7c","local_time":"20201223072233","is_ascension_mode":true,"campfire_choices":[{"data":"hexamod:ParanormalForm","floor":1,"key":"SMITH"},{"data":"hexamod:EtherealExpedition","floor":6,"key":"SMITH"},{"data":"hexamod:Hexaguard","floor":9,"key":"SMITH"},{"data":"hexamod:SearingWound","floor":13,"key":"SMITH"},{"data":"hexamod:SearingWound","floor":18,"key":"SMITH"}],"circlet_count":0,"master_deck":["hexamod:Strike","hexamod:Strike","hexamod:Defend","hexamod:Defend","hexamod:Defend","hexamod:Defend","hexamod:Sear","hexamod:Float","hexamod:ParanormalForm+1","hexamod:EtherealExpedition+1","hexamod:Firestarter","hexamod:Hexaguard+1","hexamod:ThirdSeal","hexamod:SearingWound+1","hexamod:EtherealExpedition","hexamod:Rewind","hexamod:NightmareStrike","hexamod:SearingWound+1","hexamod:FifthSeal","hexamod:UnleashSpirits","hexamod:NightmareGuise+1","hexamod:SecondSeal","infinitespire:Collect","hexamod:GhostLash","hexamod:FirstSeal","hexamod:Haunt+1"],"relics":["hexamod:SpiritBrand","HushsDoor","YumHeart","hubris:Icosahedron","ReplayTheSpireMod:Ninjato","infinitespire:FocusingShard","hubris:DeckOfHolding","Black Star","Juzu Bracelet"],"acts_visited":["Exordium","TheCity"],"potions_floor_usage":[16,23,25],"damage_taken":[{"damage":4,"enemies":"downfall:FleeingMerchant","floor":3,"turns":4},{"damage":6,"enemies":"Jaw Worm","floor":4,"turns":3},{"damage":0,"enemies":"downfall:FleeingMerchant","floor":5,"turns":4},{"damage":30,"enemies":"Gremlin Nob","floor":10,"turns":5},{"damage":0,"enemies":"Cultist","floor":11,"turns":3},{"damage":10,"enemies":"Lagavulin","floor":12,"turns":5},{"damage":0,"enemies":"downfall:FleeingMerchant","floor":14,"turns":4},{"damage":0,"enemies":"2 Louse","floor":15,"turns":3},{"damage":15,"enemies":"downfall:Silent","floor":16,"turns":8},{"damage":15,"enemies":"3 Byrds","floor":19,"turns":4},{"damage":10,"enemies":"Chosen","floor":22,"turns":3},{"damage":0,"enemies":"Snecko","floor":23,"turns":6},{"damage":60,"enemies":"Slavers","floor":25,"turns":5}],"seed_played":"-8549459872639689478","potions_obtained":[{"floor":15,"key":"Weak Potion"},{"floor":16,"key":"Milkshake"},{"floor":23,"key":"hexamod:EctoCoolerPotion"}],"is_trial":false,"path_per_floor":["R","?","$","M","$","R","T","?","R","E","M","E","R","$","M","B",null,"R","M","?","?","M","M","T","E"],"character_chosen":"THE_SPIRIT","items_purchased":[],"campfire_rested":0,"item_purchase_floors":[],"current_hp_per_floor":[70,70,66,60,70,70,70,70,70,40,40,30,30,55,55,40,70,70,55,38,38,53,53,53,0,0,0],"gold":220,"neow_bonus":"ONE_RANDOM_RARE_CARD","is_daily":false,"chose_seed":false,"campfire_upgraded":5,"win_rate":0.0,"timestamp":1608704553,"path_taken":["R","?","?","?","$","R","T","?","R","E","M","E","R","$","M","BOSS","R","M","?","?","M","?","T","E"],"items_purchased_type":[],"build_version":"2020-12-13","purchased_purges":2,"victory":false,"max_hp_per_floor":[70,70,70,70,70,70,70,70,70,70,70,70,70,70,70,70,70,70,70,70,70,70,70,70,70,70,70],"card_choices":[{"not_picked":["hexamod:ShieldOfDarkness","hexamod:GhostOfSpirePast"],"picked":"hexamod:EtherealExpedition","floor":3},{"not_picked":["hexamod:SwordOfDarkness","hexamod:HeatCrush"],"picked":"hexamod:Firestarter","floor":4},{"not_picked":["hexamod:SoulSteal","hexamod:ThermalTransfer"],"picked":"hexamod:Hexaguard","floor":5},{"not_picked":["hexamod:CatchUp","hexamod:HeatShield"],"picked":"hexamod:ThirdSeal","floor":10},{"not_picked":["hexamod:StepThrough","hexamod:ShieldOfDarkness"],"picked":"hexamod:SearingWound","floor":11},{"not_picked":["hexamod:Firestarter","hexamod:StepThrough","hexamod:InspiringFlames"],"picked":"SKIP","floor":11},{"not_picked":["hexamod:Firestarter","hexamod:StepThrough","hexamod:InspiringFlames"],"picked":"SKIP","floor":11},{"not_picked":["hexamod:GhostOfSpireFuture","hexamod:NightmareGuise"],"picked":"hexamod:EtherealExpedition","floor":12},{"not_picked":["hexamod:AdvancingGuard","hexamod:RadiantFlame"],"picked":"hexamod:Rewind","floor":12},{"not_picked":["hexamod:RainOfEmbers","hexamod:ChargedBarrage"],"picked":"hexamod:NightmareStrike","floor":14},{"not_picked":["hexamod:RainOfEmbers","hexamod:ChargedBarrage","hexamod:CatchUp"],"picked":"SKIP","floor":14},{"not_picked":["hexamod:BacktrackSmack","hexamod:AdvancingGuard"],"picked":"hexamod:SearingWound","floor":15},{"not_picked":["hexamod:SearingWound","hexamod:EmpoweringStance"],"picked":"hexamod:FifthSeal","floor":16},{"not_picked":["hexamod:TimeOfNeed","hexamod:TimeWarp"],"picked":"hexamod:UnleashSpirits","floor":16},{"not_picked":["hexamod:DynamicBlow","hexamod:FastForward"],"picked":"hexamod:NightmareGuise+1","floor":19},{"not_picked":["hexamod:HeatShield","hexamod:HeatMetal"],"picked":"hexamod:SecondSeal","floor":19},{"not_picked":["infinitespire:Gouge","infinitespire:DeathsTouch"],"picked":"infinitespire:Collect","floor":20},{"not_picked":["hexamod:ThermalTransfer","hexamod:AdvancingGuard+1"],"picked":"hexamod:GhostLash","floor":22},{"not_picked":["hexamod:StepThrough","hexamod:BacktrackSmack","hexamod:FastForward"],"picked":"SKIP","floor":22},{"not_picked":["hexamod:ThirdSeal","hexamod:FourthSeal"],"picked":"hexamod:FirstSeal","floor":23},{"not_picked":["hexamod:NightmareGuise","hexamod:ShieldOfDarkness"],"picked":"hexamod:Haunt+1","floor":23}],"player_experience":1766860,"relics_obtained":[{"floor":7,"key":"ReplayTheSpireMod:Ninjato"},{"floor":10,"key":"infinitespire:FocusingShard"},{"floor":12,"key":"hubris:DeckOfHolding"},{"floor":24,"key":"Juzu Bracelet"}],"event_choices":[],"is_beta":false,"boss_relics":[{"not_picked":["Painkiller Herb","Honey Jar"],"picked":"Black Star"},{"not_picked":[]}],"items_purged_floors":[3,14],"is_endless":false,"potions_floor_spawned":[15,16,23],"killed_by":"Slavers","ascension_level":1}}