{"host":"2461dio7vetlq1z3","time":1608698338,"event":{"mods":["2.2 Compatiblity","AchievementEnabler","BaseMod","Better Third Choice","Hermit","Marisa????????","Minty Spire (QoL Compilation)","Relic Stats","Replay The Spire","Spicy Shops","StSLib","The Runesmith","Waifu the Spire"],"gold_per_floor":[113,113,38,48,48,48,74,74,74,1,1,31,48,62,62,135,135,153,165,165,65,65,65,77,77,100,100,127,17,17,30,30,104,104,21,0,25,25,40,40,65,65,65,116,128,128,156,174,174,174,174],"floor_reached":52,"playtime":3358,"items_purged":["Pain","Strike_G","Pain"],"score":2443,"play_id":"4f645294-8adc-43d5-a7c9-cbbd49d0e254","local_time":"20201223053858","is_ascension_mode":true,"campfire_choices":[{"data":"Noxious Fumes","floor":6,"key":"SMITH"},{"data":"Dagger Spray","floor":8,"key":"SMITH"},{"data":"Poisoned Stab","floor":11,"key":"SMITH"},{"data":"Wraith Form v2","floor":15,"key":"SMITH"},{"data":"Night Terror","floor":23,"key":"SMITH"},{"data":"Doppelganger","floor":25,"key":"SMITH"},{"data":"Well Laid Plans","floor":30,"key":"SMITH"},{"floor":32,"key":"DIG"},{"floor":40,"key":"RECALL"},{"data":"1","floor":42,"key":"LIFT"},{"data":"2","floor":46,"key":"LIFT"},{"data":"3","floor":49,"key":"LIFT"}],"circlet_count":0,"master_deck":["AscendersBane","Strike_G","Defend_G+1","Defend_G+1","Defend_G+1","Defend_G+1","Defend_G+1","Survivor","Neutralize","Doppelganger+1","Slice","Noxious Fumes+1","Neutralize","Dagger Spray+1","Poisoned Stab+1","Deflect","Wraith Form v2+1","Dash","Night Terror+1","Backflip","Deadly Poison","Tools of the Trade","Tools of the Trade","Well Laid Plans+1","Acrobatics","ReplayTheSpireMod:Necrosis","Reflex+1","Replay:Sluggish","CommonCold","Flechettes+1","Blur"],"relics":["Ring of the Snake","WarpedTongs","Eternal Feather","Replay:Bottled Eggs","Calipers","Cursed Key","Potion Belt","Replay:Wax Seal","Durian","Ring of Chaos","Red Mask","Replay:Towering Pillar of Hats","Girya","Turnip","Anchor","Nunchaku"],"acts_visited":["Exordium","TheCity","TheBeyond"],"potions_floor_usage":[7,28,47,50,50,50,51],"damage_taken":[{"damage":4,"enemies":"2 Louse","floor":1,"turns":6},{"damage":0,"enemies":"Cultist","floor":4,"turns":4},{"damage":10,"enemies":"3 Sentries","floor":7,"turns":8},{"damage":14,"enemies":"Gremlin Nob","floor":12,"turns":4},{"damage":0,"enemies":"Small Slimes","floor":13,"turns":1},{"damage":0,"enemies":"Gremlin Gang","floor":14,"turns":2},{"damage":32,"enemies":"Slime Boss","floor":16,"turns":11},{"damage":6,"enemies":"3 Byrds","floor":18,"turns":5},{"damage":12,"enemies":"Shell Parasite","floor":19,"turns":7},{"damage":0,"enemies":"Centurion and Healer","floor":24,"turns":6},{"damage":8,"enemies":"Gremlin Leader","floor":28,"turns":7},{"damage":25,"enemies":"Snake Plant","floor":31,"turns":6},{"damage":12,"enemies":"Pondfish","floor":33,"turns":12},{"damage":3,"enemies":"3 Shapes","floor":35,"turns":4},{"damage":0,"enemies":"Mind Bloom Boss Battle","floor":37,"turns":8},{"damage":0,"enemies":"Orb Walker","floor":39,"turns":4},{"damage":4,"enemies":"Nemesis","floor":41,"turns":7},{"damage":0,"enemies":"Writhing Mass","floor":45,"turns":8},{"damage":23,"enemies":"Giant Head","floor":47,"turns":9},{"damage":0,"enemies":"4 Shapes","floor":48,"turns":6},{"damage":30,"enemies":"Awakened One","floor":50,"turns":13},{"damage":0,"enemies":"Donu and Deca","floor":51,"turns":10}],"seed_played":"8327497150359752392","potions_obtained":[{"floor":1,"key":"Block Potion"},{"floor":7,"key":"Strength Potion"},{"floor":14,"key":"Block Potion"},{"floor":31,"key":"Block Potion"},{"floor":33,"key":"AttackPotion"},{"floor":44,"key":"DistilledChaos"},{"floor":44,"key":"Languid Potion"},{"floor":47,"key":"Swift Potion"},{"floor":48,"key":"Toxic Potion"}],"is_trial":false,"path_per_floor":["M","?","$","M","?","R","E","R","T","$","R","E","M","M","R","B",null,"M","M","?","$","?","R","M","R","T","$","E","$","R","M","R","B",null,"M","?","?","?","M","R","E","R","T","?","M","R","E","M","R","B","B",null],"character_chosen":"THE_SILENT","items_purchased":["Poisoned Stab","Well Laid Plans"],"campfire_rested":0,"item_purchase_floors":[10,29],"current_hp_per_floor":[55,55,55,55,55,55,45,54,54,54,63,49,49,49,61,29,57,51,39,21,21,21,33,33,45,45,45,37,37,52,27,47,35,66,63,63,63,58,58,73,69,76,76,76,76,76,53,53,71,41,41],"gold":174,"neow_bonus":"TRANSFORM_CARD","is_daily":false,"chose_seed":false,"campfire_upgraded":7,"win_rate":0.0,"timestamp":1608698338,"path_taken":["M","?","?","M","?","R","E","R","T","$","R","E","?","M","R","BOSS","M","M","?","$","?","R","M","R","T","?","E","$","R","M","R","BOSS","M","?","?","?","M","R","E","R","T","?","M","R","E","M","R","BOSS","BOSS"],"items_purchased_type":["Card","Card"],"build_version":"2020-12-13","purchased_purges":3,"victory":true,"max_hp_per_floor":[66,66,66,66,66,66,66,66,66,66,66,66,66,66,66,66,66,66,66,71,71,71,71,71,71,71,71,71,71,71,71,76,76,76,76,76,76,76,76,76,76,76,76,76,76,76,76,76,76,76,76],"relic_stats":{"Nunchaku":[5],"counters":[22,148],"Eternal Feather":124,"Turnip":[0],"Cursed Key":2,"obtain_stats":[{"Potion Belt":26,"Girya":41,"Calipers":12,"Replay:Towering Pillar of Hats":37,"Eternal Feather":7,"Ring of Chaos":34,"Cursed Key":17,"WarpedTongs":2,"Anchor":44,"Nunchaku":47,"Turnip":43,"Durian":32,"Red Mask":36,"Replay:Bottled Eggs":9,"Replay:Wax Seal":28,"Ring of the Snake":0},{"Potion Belt":10,"Girya":17,"Calipers":4,"Replay:Towering Pillar of Hats":15,"Eternal Feather":3,"Ring of Chaos":13,"Cursed Key":7,"WarpedTongs":1,"Anchor":17,"Nunchaku":19,"Turnip":17,"Durian":12,"Red Mask":14,"Replay:Bottled Eggs":3,"Replay:Wax Seal":11,"Ring of the Snake":0},{"Potion Belt":54,"Girya":102,"Calipers":22,"Replay:Towering Pillar of Hats":91,"Eternal Feather":18,"Ring of Chaos":79,"Cursed Key":36,"WarpedTongs":6,"Anchor":102,"Nunchaku":119,"Turnip":102,"Durian":67,"Red Mask":83,"Replay:Bottled Eggs":18,"Replay:Wax Seal":61,"Ring of the Snake":0}],"Ring of the Snake":[44],"WarpedTongs":[130]},"card_choices":[{"not_picked":["ReplayTheSpireMod:Speed Training","Hidden Blade"],"picked":"Slice","floor":1},{"not_picked":["Outmaneuver","Cloak And Dagger"],"picked":"Noxious Fumes","floor":4},{"not_picked":["ReplayTheSpireMod:Shiv Toss","Concentrate"],"picked":"Dagger Spray","floor":7},{"not_picked":["Choke","Backflip"],"picked":"Deflect","floor":12},{"not_picked":["Sneak Up","Flying Knee"],"picked":"Wraith Form v2","floor":13},{"not_picked":["Flechettes","Catalyst"],"picked":"Dash","floor":14},{"not_picked":["Corpse Explosion","Venomology"],"picked":"Night Terror","floor":16},{"not_picked":["Quick Slash","Cloak And Dagger"],"picked":"Backflip","floor":18},{"not_picked":["Sucker Punch","Dagger Spray"],"picked":"Deadly Poison","floor":19},{"not_picked":["Toxin Wave","Outmaneuver","Heel Hook+1"],"picked":"SKIP","floor":24},{"not_picked":["ReplayTheSpireMod:The Works","Dagger Spray+1","ReplayTheSpireMod:Exploit Weakness+1"],"picked":"SKIP","floor":28},{"not_picked":["Distraction+1","Poisoned Stab"],"picked":"Acrobatics","floor":31},{"not_picked":["Bullet Time","Adrenaline"],"picked":"ReplayTheSpireMod:Necrosis","floor":33},{"not_picked":["Dash+1","Bane","Slice"],"picked":"SKIP","floor":35},{"not_picked":["Slice+1","Dodge and Roll"],"picked":"Reflex+1","floor":39},{"not_picked":["Draining Mist","Prepared","Reflex"],"picked":"SKIP","floor":41},{"not_picked":["Bane","Flying Knee","Underhanded Strike"],"picked":"SKIP","floor":45},{"not_picked":["Poison Darts","Outmaneuver"],"picked":"Flechettes+1","floor":47},{"not_picked":["Dagger Throw","Sucker Punch"],"picked":"Blur","floor":48}],"player_experience":960182,"relics_obtained":[{"floor":7,"key":"Eternal Feather"},{"floor":9,"key":"Replay:Bottled Eggs"},{"floor":12,"key":"Calipers"},{"floor":26,"key":"Potion Belt"},{"floor":28,"key":"Replay:Wax Seal"},{"floor":32,"key":"Durian"},{"floor":37,"key":"Replay:Towering Pillar of Hats"},{"floor":41,"key":"Girya"},{"floor":43,"key":"Turnip"},{"floor":44,"key":"Anchor"},{"floor":47,"key":"Nunchaku"}],"event_choices":[{"damage_healed":0,"gold_gain":0,"player_choice":"Rummage","damage_taken":0,"relics_obtained":["WarpedTongs"],"max_hp_gain":0,"max_hp_loss":0,"event_name":"Accursed Blacksmith","floor":2,"gold_loss":0,"cards_obtained":["Pain"]},{"damage_healed":0,"gold_gain":0,"player_choice":"1 cards matched","damage_taken":0,"max_hp_gain":0,"max_hp_loss":0,"event_name":"Match and Keep!","floor":5,"gold_loss":0,"cards_obtained":["Neutralize"]},{"damage_healed":0,"gold_gain":0,"player_choice":"Shed Blood","damage_taken":23,"max_hp_gain":5,"max_hp_loss":0,"event_name":"Forgotten Altar","floor":20,"gold_loss":0},{"damage_healed":0,"gold_gain":0,"cards_transformed":["Strike_G","Strike_G"],"player_choice":"Became Test Subject","damage_taken":0,"max_hp_gain":0,"max_hp_loss":0,"event_name":"Drug Dealer","floor":22,"gold_loss":0,"cards_obtained":["Tools of the Trade","Tools of the Trade"]},{"damage_healed":0,"gold_gain":0,"player_choice":"Paid","damage_taken":0,"relics_obtained":["Red Mask"],"max_hp_gain":0,"max_hp_loss":0,"event_name":"Tomb of Lord Red Mask","floor":36,"gold_loss":21},{"damage_healed":0,"gold_gain":0,"player_choice":"Fight","damage_taken":0,"max_hp_gain":0,"max_hp_loss":0,"event_name":"MindBloom","floor":37,"gold_loss":0},{"damage_healed":0,"gold_gain":0,"player_choice":"Memory 2","damage_taken":5,"max_hp_gain":0,"max_hp_loss":0,"event_name":"SensoryStone","floor":38,"gold_loss":0}],"is_beta":false,"boss_relics":[{"not_picked":["Painkiller Herb","Fusion Hammer"],"picked":"Cursed Key"},{"not_picked":["ReplayTheSpireMod:DimensionalGlitch","Runic Dome"],"picked":"Ring of Chaos"}],"items_purged_floors":[3,21,29],"is_endless":false,"potions_floor_spawned":[1,7,14,16,24,31,33,45,47,48],"ascension_level":20}}