{"host":"c2og1cp357bgjv9b","time":1608728929,"event":{"mods":["BaseMod","Colored Map","Minty Spire (QoL Compilation)","Replay The Spire","StSLib"],"gold_per_floor":[112,127,127,202,17,47,47,59,83,94,42,42,42,69,69,172,172,183,108,74,74,84,118,118,208,235,235,246,246,261,79,79,180,180,190,203,203,216,230,230,249,249,249,269,269,269,269,269,269],"floor_reached":48,"playtime":2595,"items_purged":["Strike_B","Defend_B"],"score":633,"play_id":"1386e96b-3172-4f2a-ac71-a3217bf759e5","local_time":"20201223210849","is_ascension_mode":false,"campfire_choices":[{"data":"Dualcast","floor":7,"key":"SMITH"},{"data":"Consume","floor":24,"key":"SMITH"},{"floor":27,"key":"REST"},{"floor":29,"key":"REST"},{"floor":32,"key":"DIG"},{"data":"Enlightenment","floor":40,"key":"SMITH"},{"data":"Rainbow","floor":42,"key":"SMITH"},{"data":"Double Energy","floor":45,"key":"SMITH"}],"circlet_count":0,"master_deck":["Defend_B","Zap+1","Dualcast+1","Cold Snap","FIFO Queue","Defragment+1","Time Bomb+1","Barrage+1","Panic Button","Ball Lightning+1","BasicCrystalCard","Rainbow+1","Static Discharge+1","Ball Lightning+1","Consume+1","Time Bomb","Fission","Enlightenment+1","Mirror Shield","Redo+1","Parasite","Redo+1","Coolheaded","Double Energy+1","Looming Evil"],"relics":["Cracked Core","NeowsBlessing","War Paint","Pen Nib","Meat on the Bone","Empty Cage","Garlic","Bronze Scales","Strawberry","Runic Pyramid","Bag of Marbles","ReplayTheSpireMod:Ring of Exchange","Ring of Panic"],"acts_visited":["Exordium","TheCity","TheBeyond"],"potions_floor_usage":[22,33],"damage_taken":[{"damage":0,"enemies":"Jaw Worm","floor":1,"turns":1},{"damage":0,"enemies":"2 Louse","floor":2,"turns":1},{"damage":0,"enemies":"Gremlin Nob","floor":6,"turns":1},{"damage":6,"enemies":"Cultist","floor":8,"turns":3},{"damage":7,"enemies":"Blue Slaver","floor":10,"turns":3},{"damage":15,"enemies":"Lagavulin","floor":14,"turns":5},{"damage":32,"enemies":"The Guardian","floor":16,"turns":11},{"damage":8,"enemies":"Chosen","floor":18,"turns":2},{"damage":20,"enemies":"2 Thieves","floor":22,"turns":3},{"damage":30,"enemies":"Replay:Snechameleon","floor":23,"turns":3},{"damage":17,"enemies":"Shelled Parasite and Fungi","floor":28,"turns":4},{"damage":4,"enemies":"Cultist and Chosen","floor":30,"turns":3},{"damage":16,"enemies":"Pondfish","floor":33,"turns":7},{"damage":13,"enemies":"3 Shapes","floor":35,"turns":4},{"damage":7,"enemies":"Orb Walker","floor":36,"turns":3},{"damage":14,"enemies":"Maw","floor":38,"turns":5},{"damage":7,"enemies":"Writhing Mass","floor":39,"turns":4},{"damage":22,"enemies":"Spire Growth","floor":41,"turns":4},{"damage":32,"enemies":"Jaw Worm Horde","floor":44,"turns":4},{"damage":43,"enemies":"Nemesis","floor":48,"turns":2}],"seed_played":"2988715757372056371","potions_obtained":[{"floor":2,"key":"LifebloodPotion"},{"floor":6,"key":"SteroidPotion"},{"floor":14,"key":"GamblersBrew"},{"floor":22,"key":"Explosive Potion"},{"floor":30,"key":"FocusPotion"},{"floor":35,"key":"Ancient Potion"},{"floor":44,"key":"Block Potion"}],"is_trial":false,"path_per_floor":["M","M","?","?","$","E","R","M","T","M","$","?","?","E","R_BF","B",null,"M","?","$","?","M","E","R","?","T","R","M","R","M","$","R_BF","B",null,"M","M","?","M","M","R","M","R","T","M","R","?","?","E"],"character_chosen":"DEFECT","items_purchased":["Defragment","Time Bomb","Ball Lightning","Ball Lightning+1","Enlightenment"],"campfire_rested":2,"item_purchase_floors":[5,5,11,20,31],"current_hp_per_floor":[75,75,68,57,57,57,57,51,51,44,44,44,29,14,36,16,75,67,67,67,67,47,29,29,17,17,39,34,56,52,52,59,43,82,69,62,62,48,53,53,43,43,43,23,23,23,23,0,0],"gold":269,"neow_bonus":"THREE_ENEMY_KILL","is_daily":false,"chose_seed":false,"campfire_upgraded":5,"win_rate":0.0,"timestamp":1608728929,"path_taken":["M","M","?","?","?","E","R","M","T","?","$","?","?","E","R_BF","BOSS","M","?","$","?","M","E","R","?","T","R","?","R","M","$","R_BF","BOSS","M","M","?","M","M","R","M","R","T","M","R","?","?","E"],"items_purchased_type":["Card","Card","Card","Card","Card"],"build_version":"2020-12-22","purchased_purges":2,"victory":false,"max_hp_per_floor":[75,75,75,75,75,75,75,75,75,75,75,75,75,75,75,75,75,75,75,75,75,75,75,75,75,75,75,75,75,75,75,82,82,82,82,82,82,82,82,82,82,82,82,82,82,82,82,82,82],"card_choices":[{"not_picked":["Ball Lightning","Force Field"],"picked":"Cold Snap","floor":1},{"not_picked":["FTL","Gash"],"picked":"FIFO Queue","floor":2},{"not_picked":["Rebound","Buffer","Beam Cell"],"picked":"SKIP","floor":6},{"not_picked":["FIFO Queue","Undo"],"picked":"Barrage","floor":8},{"not_picked":["Ball Lightning","Loop"],"picked":"Panic Button","floor":10},{"not_picked":["Leap","Steam Power"],"picked":"BasicCrystalCard","floor":14},{"not_picked":["Echo Form","Reboot"],"picked":"Rainbow","floor":16},{"not_picked":["Tempest","Go for the Eyes"],"picked":"Static Discharge+1","floor":18},{"not_picked":["Doom and Gloom","Conserve Battery+1"],"picked":"Consume","floor":22},{"not_picked":["Beam Cell","Leap","Gash"],"picked":"SKIP","floor":23},{"not_picked":["Compile Driver","Steam"],"picked":"Time Bomb","floor":28},{"not_picked":["Streamline","Go for the Eyes"],"picked":"Fission","floor":30},{"not_picked":["Fission","Echo Form"],"picked":"Mirror Shield","floor":33},{"not_picked":["Leap+1","Hologram+1","Auto Shields+1"],"picked":"SKIP","floor":35},{"not_picked":["Sunder+1","Steam+1"],"picked":"Redo+1","floor":36},{"not_picked":["Panic Button+1","BasicCrystalCard","Streamline+1"],"picked":"SKIP","floor":38},{"not_picked":["Turbo","Sunder+1"],"picked":"Redo+1","floor":39},{"not_picked":["Streamline+1","Turbo+1"],"picked":"Coolheaded","floor":41},{"not_picked":["Auto Shields+1","Streamline+1"],"picked":"Double Energy","floor":44}],"player_experience":100701,"relics_obtained":[{"floor":6,"key":"War Paint"},{"floor":9,"key":"Pen Nib"},{"floor":14,"key":"Meat on the Bone"},{"floor":23,"key":"Garlic"},{"floor":26,"key":"Bronze Scales"},{"floor":32,"key":"Strawberry"},{"floor":43,"key":"Bag of Marbles"},{"floor":46,"key":"ReplayTheSpireMod:Ring of Exchange"},{"floor":46,"key":"Ring of Panic"}],"event_choices":[{"cards_removed":["Strike_B"],"damage_healed":0,"gold_gain":0,"player_choice":"Card Removal","damage_taken":7,"max_hp_gain":0,"max_hp_loss":0,"event_name":"Golden Wing","floor":3,"gold_loss":0},{"damage_healed":0,"gold_gain":75,"player_choice":"Gather Gold","damage_taken":11,"max_hp_gain":0,"max_hp_loss":0,"event_name":"World of Goop","floor":4,"gold_loss":0},{"cards_removed":["Strike_B"],"damage_healed":0,"gold_gain":0,"player_choice":"Forget","damage_taken":0,"max_hp_gain":0,"max_hp_loss":0,"event_name":"Living Wall","floor":12,"gold_loss":0},{"damage_healed":0,"gold_gain":0,"player_choice":"Entered Light","damage_taken":15,"max_hp_gain":0,"max_hp_loss":0,"event_name":"Shining Light","floor":13,"gold_loss":0,"cards_upgraded":["Barrage","Defragment"]},{"cards_removed":["Defend_B"],"damage_healed":0,"gold_gain":0,"player_choice":"Gave Gold","damage_taken":0,"max_hp_gain":0,"max_hp_loss":0,"event_name":"Beggar","floor":19,"gold_loss":75},{"damage_healed":0,"gold_gain":0,"player_choice":"Ignored","damage_taken":0,"max_hp_gain":0,"max_hp_loss":0,"event_name":"Vampires","floor":21,"gold_loss":0},{"damage_healed":0,"gold_gain":90,"player_choice":"GOLD ","damage_taken":12,"max_hp_gain":0,"max_hp_loss":0,"event_name":"Knowing Skull","floor":25,"potions_obtained":[],"gold_loss":0,"cards_obtained":[]},{"damage_healed":0,"gold_gain":0,"player_choice":"Ignored","damage_taken":0,"max_hp_gain":0,"max_hp_loss":0,"event_name":"Tomb of Lord Red Mask","floor":37,"gold_loss":0},{"damage_healed":0,"gold_gain":0,"player_choice":"Ignored","damage_taken":0,"max_hp_gain":0,"max_hp_loss":0,"event_name":"Mysterious Sphere","floor":47,"gold_loss":0}],"is_beta":false,"boss_relics":[{"not_picked":["Pandora\u0027s Box","ChewingGum"],"picked":"Empty Cage"},{"not_picked":["Astrolabe","Kintsugi"],"picked":"Runic Pyramid"}],"items_purged_floors":[5,31],"is_endless":false,"potions_floor_spawned":[2,6,14,22,30,35,44],"killed_by":"Nemesis","ascension_level":0}}