{"host":"vb6wt0mawj2xz8v4","time":1608754810,"event":{"mods":["AchievementEnabler","Aspiration","BaseMod","Hermit","Highlight Path","Hubris","Jorbs\u0027s Wanderer Trilogy","Minty Spire (QoL Compilation)","Quick Restart","Replay The Spire","Shop Mod","StSLib","SuperFastMode","The Cursed","The Disciple","The Hierophant","The Jungle"],"gold_per_floor":[117,136,149,162,79,109,109,147,228,262,285,315,337,356,356,462,462,490,490,560,584,131,131,153,174,198,198,123,73,110,137,137,250,250,279,309,334,334,334],"floor_reached":38,"playtime":2023,"items_purged":["TheCursedMod:Strike_TheCursed"],"score":605,"play_id":"64c42d1d-2fd9-4b1a-9fd9-50677bf68ceb","local_time":"20201223152010","is_ascension_mode":false,"campfire_choices":[{"data":"TheCursedMod:CollectTribute","floor":7.0,"key":"SMITH"},{"floor":15,"key":"REST"},{"data":"TheCursedMod:Neurasthenia","floor":23,"key":"SMITH"},{"data":"TheCursedMod:SpitefulPlan","floor":32,"key":"SMITH"},{"data":"TheCursedMod:Evocation","floor":32,"key":"SMITH"}],"circlet_count":0,"master_deck":["TheCursedMod:Strike_TheCursed","TheCursedMod:Strike_TheCursed","TheCursedMod:Strike_TheCursed","TheCursedMod:Defend_TheCursed","TheCursedMod:Defend_TheCursed","TheCursedMod:Defend_TheCursed","TheCursedMod:Defend_TheCursed","TheCursedMod:CursedWand","TheCursedMod:CleanUpWorkshop","TheCursedMod:Dregs","SwitchThreat","TheCursedMod:CollectTribute+1","TheCursedMod:SmokeScreen","TheCursedMod:SoulCrush","TheCursedMod:WearCloak","TheCursedMod:SpitefulStrike","TheCursedMod:SpitefulPlan+1","TheCursedMod:RapidMovement","hubris:Greed","TheCursedMod:Wield","TheCursedMod:CircleOfAbyss","TheCursedMod:WearCloak","TheCursedMod:SpitefulPray","TheCursedMod:AshesToAshes","TheCursedMod:Evocation+1","TheCursedMod:CursedMace","TheCursedMod:Neurasthenia+1","hubris:Greed","TheCursedMod:SpreadPlague+1","TheCursedMod:RapidMovement","TheCursedMod:CursedShiv","Shame","TheCursedMod:CircleOfFocus+1","TheCursedMod:SpitefulStrike","TheCursedMod:CollectTribute","TheCursedMod:FleshFromBone+1","TheCursedMod:Stretching+1","TheCursedMod:CursedAmulet+1"],"relics":["TheCursedMod:BlackMagic101","Strawberry","Replay:WaspNest","Mirror","Replay:Mystery Machine","Happy Flower","Ring of Chaos","ReplayTheSpireMod:Ring of Exchange","Ring of Panic","HornCleat","PreservedInsect","Centennial Puzzle","Strange Spoon","TheCursedMod:Tack","theJungle:SneckoAutograph","aspiration:SeaSaltIceCream","aspiration:Nostalgia","hierophant:PropheticMaskRelic","aspiration:DSix","Replay:Arrowhead","ReplayTheSpireMod:DimensionalGlitch"],"acts_visited":["Exordium","Exordium","TheBeyond"],"potions_floor_usage":[16,33],"damage_taken":[{"damage":1.0,"enemies":"Cultist","floor":1.0,"turns":4.0},{"damage":0.0,"enemies":"Jaw Worm","floor":2.0,"turns":5.0},{"damage":5.0,"enemies":"Small Slimes","floor":3.0,"turns":3.0},{"damage":0.0,"enemies":"2 Fungi Beasts","floor":4.0,"turns":4.0},{"damage":5.0,"enemies":"3 Sentries","floor":6.0,"turns":10.0},{"damage":0.0,"enemies":"Lagavulin","floor":8.0,"turns":5.0},{"damage":11.0,"enemies":"3 Sentries","floor":10.0,"turns":8.0},{"damage":9.0,"enemies":"Blue Slaver","floor":11.0,"turns":3.0},{"damage":4.0,"enemies":"Lagavulin","floor":12.0,"turns":10.0},{"damage":0.0,"enemies":"Looter","floor":13.0,"turns":3.0},{"damage":11.0,"enemies":"Exordium Thugs","floor":14.0,"turns":6.0},{"damage":17,"enemies":"Fading Forest","floor":16,"turns":11},{"damage":5,"enemies":"theJungle:GiantWrat","floor":18,"turns":6},{"damage":0,"enemies":"theJungle:MUSHROOMGANG","floor":21,"turns":4},{"damage":0,"enemies":"theJungle:JungleHuntersEncounter","floor":24,"turns":5},{"damage":1,"enemies":"theJungle:Lyon","floor":25,"turns":5},{"damage":0,"enemies":"theJungle:MamaSnecko","floor":30,"turns":4},{"damage":2,"enemies":"theJungle:SlimyTreeVines","floor":31,"turns":7},{"damage":36,"enemies":"theJungle:TotemBoss","floor":33,"turns":6},{"damage":22,"enemies":"3 Darklings","floor":35,"turns":5},{"damage":31,"enemies":"3 Shapes","floor":36,"turns":6},{"damage":12,"enemies":"Maw","floor":37,"turns":7},{"damage":25,"enemies":"3 Darklings","floor":38,"turns":1}],"seed_played":"7762521347053457612","potions_obtained":[{"floor":2.0,"key":"SpeedPotion"},{"floor":3.0,"key":"SmokeBomb"},{"floor":8.0,"key":"SkillPotion"},{"floor":11.0,"key":"Elixir"},{"floor":14.0,"key":"Explosive Potion"},{"floor":16,"key":"Strength Potion"},{"floor":18,"key":"Death Potion"},{"floor":33,"key":"SmokeBomb"}],"is_trial":false,"path_per_floor":["M","M","M","M","$","E","R","E","T","E","M","E","M","M","R","B",null,"M","?","T","M","$","R","M","M","T","?","$","?","E","M","R","B",null,"M","M","M","M"],"character_chosen":"THE_CURSED","items_purchased":["TheCursedMod:SpitefulPlan","TheCursedMod:RapidMovement","PreservedInsect","Centennial Puzzle","Strange Spoon"],"campfire_rested":1,"item_purchase_floors":[5,5,22,22,22],"current_hp_per_floor":[74,74,69,69,69,71,71,71,71,60,51,47,47,36,60,57,82,77,77,77,77,77,77,77,76,76,76,76,76,76,80,80,44,82,60,29,17,0,0],"gold":334,"neow_bonus":"THREE_RARE_CARDS","is_daily":false,"chose_seed":false,"campfire_upgraded":4,"win_rate":0.0,"timestamp":1608754810,"path_taken":["M","?","M","M","$","E","R","E","T","E","M","E","M","M","R","BOSS","M","?","?","?","$","R","M","M","T","?","$","?","E","?","R","BOSS","M","M","M","M"],"items_purchased_type":["Card","Card","Relic","Relic","Relic"],"build_version":"2020-12-22","purchased_purges":1,"victory":false,"max_hp_per_floor":[75,75,75,75,75,82,82,82,82,82,82,82,82,82,82,82,82,82,82,82,82,82,82,82,82,82,82,82,82,82,82,82,82,82,82,82,82,82,82],"card_choices":[{"not_picked":["TheCursedMod:ShockAndAwe","TheCursedMod:ManaCirculation"],"picked":"TheCursedMod:CollectTribute","floor":0.0},{"not_picked":["TheCursedMod:EmpowerCircles","TheCursedMod:CircleOfCorruption"],"picked":"TheCursedMod:SmokeScreen","floor":1.0},{"not_picked":["TheCursedMod:Wield","TheCursedMod:CursedArmor"],"picked":"TheCursedMod:SoulCrush","floor":2.0},{"not_picked":["TheCursedMod:Stretching","TheCursedMod:LuckyCharm"],"picked":"TheCursedMod:WearCloak","floor":3.0},{"not_picked":["TheCursedMod:CursedShiv","TheCursedMod:Hemoplague"],"picked":"TheCursedMod:SpitefulStrike","floor":4.0},{"not_picked":["TheCursedMod:Stigma","TheCursedMod:CircleOfFlame"],"picked":"TheCursedMod:Wield","floor":6.0},{"not_picked":["TheCursedMod:Stretching","TheCursedMod:SmokeScreen"],"picked":"TheCursedMod:CircleOfAbyss","floor":8.0},{"not_picked":["TheCursedMod:OutForBlood","TheCursedMod:CircleOfCorruption"],"picked":"TheCursedMod:WearCloak","floor":10.0},{"not_picked":["TheCursedMod:Grudge","TheCursedMod:CircleOfFlame"],"picked":"TheCursedMod:SpitefulPray","floor":11.0},{"not_picked":["TheCursedMod:RavingStaff","TheCursedMod:Grudge"],"picked":"TheCursedMod:AshesToAshes","floor":12.0},{"not_picked":["TheCursedMod:CircleOfCorruption","TheCursedMod:Stigma"],"picked":"TheCursedMod:Evocation","floor":13.0},{"not_picked":["TheCursedMod:CircleOfBlood","TheCursedMod:FleshFromBone"],"picked":"TheCursedMod:CursedMace","floor":14.0},{"not_picked":["TheCursedMod:StunningStrike","TheCursedMod:DemonSword"],"picked":"TheCursedMod:Neurasthenia","floor":16},{"not_picked":["TheCursedMod:RavingStaff","TheCursedMod:SpitefulStrike"],"picked":"TheCursedMod:SpreadPlague+1","floor":18},{"not_picked":["TheCursedMod:RavingStaff","TheCursedMod:CursedMace"],"picked":"TheCursedMod:RapidMovement","floor":21},{"not_picked":["TheCursedMod:HellsGateOpen+1","TheCursedMod:CircleOfAmplification+1","TheCursedMod:CircleOfCorruption"],"picked":"SKIP","floor":24},{"not_picked":["TheCursedMod:CircleOfCorruption","TheCursedMod:CircleOfBlood+1"],"picked":"TheCursedMod:CursedShiv","floor":25},{"not_picked":["TheCursedMod:SpitefulPray","TheCursedMod:HellsGateOpen+1"],"picked":"TheCursedMod:CircleOfFocus+1","floor":30},{"not_picked":["TheCursedMod:CircleOfWindfury","TheCursedMod:Torture"],"picked":"TheCursedMod:SpitefulStrike","floor":31},{"not_picked":["TheCursedMod:Neurasthenia","TheCursedMod:DemonSword"],"picked":"TheCursedMod:CollectTribute","floor":33},{"not_picked":["TheCursedMod:TacticalStrike","TheCursedMod:SpitefulStrike+1"],"picked":"TheCursedMod:FleshFromBone+1","floor":35},{"not_picked":["TheCursedMod:UltimatePain","TheCursedMod:RapidMovement"],"picked":"TheCursedMod:Stretching+1","floor":36},{"not_picked":["TheCursedMod:RavingStaff+1","TheCursedMod:CursedBlade+1"],"picked":"TheCursedMod:CursedAmulet+1","floor":37}],"player_experience":448566,"relics_obtained":[{"floor":6.0,"key":"Strawberry"},{"floor":8.0,"key":"Replay:WaspNest"},{"floor":9.0,"key":"Mirror"},{"floor":10.0,"key":"Replay:Mystery Machine"},{"floor":12.0,"key":"Happy Flower"},{"floor":19,"key":"ReplayTheSpireMod:Ring of Exchange"},{"floor":19,"key":"Ring of Panic"},{"floor":20,"key":"HornCleat"},{"floor":26,"key":"TheCursedMod:Tack"},{"floor":30,"key":"Replay:Arrowhead"}],"event_choices":[{"damage_healed":0,"gold_gain":0,"player_choice":"Paid Gold","damage_taken":0,"relics_obtained":["aspiration:DSix"],"max_hp_gain":0,"max_hp_loss":0,"event_name":"WeMeetAgain","floor":29,"gold_loss":50}],"is_beta":false,"boss_relics":[{"not_picked":["Velvet Choker","hubris:HollowSoul"],"picked":"Ring of Chaos"},{"not_picked":["Medical Kit","Tiny House"],"picked":"ReplayTheSpireMod:DimensionalGlitch"}],"items_purged_floors":[28],"is_endless":false,"potions_floor_spawned":[2,3,8,11,14,16,18,30,33,35],"killed_by":"3 Darklings","ascension_level":0}}