{"host":"z60ck2mpr6goyib8","time":1608725699,"event":{"mods":["BaseMod","Best Route Mod","Bestiary","Better Third Choice","Block Reminder","Colored Map","Colored Powertips","Googly Eyes","Minty Spire (QoL Compilation)","Quick Restart","Relic Stats","Slay-I","StSLib","everything is the same but u backflip on backflip"],"gold_per_floor":[115,131,131,131,306,306,350,23,23,23,1,1,21,55,55,185,185,201,214,214,233,252,252,291,291,291,291,24,24,24],"floor_reached":29,"playtime":850,"items_purged":["Doubt","Shame"],"score":411,"play_id":"ed46d3f1-9210-46d2-8b69-a546b35a04a9","local_time":"20201223121459","is_ascension_mode":true,"campfire_choices":[{"data":"Armaments","floor":6.0,"key":"SMITH"},{"data":"Spot Weakness","floor":10.0,"key":"SMITH"},{"data":"Sever Soul","floor":12.0,"key":"SMITH"},{"data":"True Grit","floor":15.0,"key":"SMITH"},{"floor":23.0,"key":"RECALL"}],"circlet_count":0,"master_deck":["AscendersBane","Strike_R","Strike_R","Strike_R","Strike_R","Strike_R","Defend_R","Defend_R","Defend_R","Bash","Armaments+1","True Grit+1","Sever Soul+1","Spot Weakness+1","Swift Strike","Dropkick","Pommel Strike","Shrug It Off","Sword Boomerang","Barricade","Ghostly Armor+1","Heavy Blade","Writhe","Inflame","Offering","Metallicize"],"relics":["Burning Blood","NeowsBlessing","Golden Idol","Gambling Chip","Mercury Hourglass","Paper Frog","Fusion Hammer","Eternal Feather","Boot","Bottled Lightning","Pantograph"],"acts_visited":["Exordium","TheCity"],"potions_floor_usage":[29,29],"damage_taken":[{"damage":0.0,"enemies":"2 Louse","floor":1.0,"turns":1.0},{"damage":0.0,"enemies":"Small Slimes","floor":2.0,"turns":1.0},{"damage":0.0,"enemies":"Gremlin Nob","floor":7.0,"turns":1.0},{"damage":0.0,"enemies":"Jaw Worm","floor":13.0,"turns":3.0},{"damage":27.0,"enemies":"Lagavulin","floor":14.0,"turns":5.0},{"damage":34.0,"enemies":"Slime Boss","floor":16.0,"turns":8.0},{"damage":14.0,"enemies":"Chosen","floor":18.0,"turns":5.0},{"damage":11.0,"enemies":"3 Byrds","floor":19.0,"turns":5.0},{"damage":4.0,"enemies":"Cultist and Chosen","floor":21.0,"turns":6.0},{"damage":27.0,"enemies":"Snake Plant","floor":22.0,"turns":3.0},{"damage":45.0,"enemies":"Gremlin Leader","floor":24.0,"turns":6.0},{"damage":20,"enemies":"Slavers","floor":29,"turns":2}],"seed_played":"9002457748194195645","potions_obtained":[{"floor":7.0,"key":"GamblersBrew"},{"floor":13.0,"key":"Strength Potion"},{"floor":22.0,"key":"BlessingOfTheForge"}],"is_trial":false,"path_per_floor":["M","M","?","?","?","R","E","$","T","R","$","R","M","E","R","B",null,"M","M","?","M","M","R","E","?","T","?","$","E"],"character_chosen":"IRONCLAD","items_purchased":["Spot Weakness","Swift Strike","Dropkick","Pommel Strike","Metallicize","SkillPotion","Fire Potion"],"campfire_rested":0,"item_purchase_floors":[8,8,8,11,28,28,28],"current_hp_per_floor":[78,80,73,53,53,53,59,59,59,59,59,59,65,44,44,16,64,56,51,51,53,32,47,8,8,8,8,8,0,0],"gold":24,"neow_bonus":"THREE_ENEMY_KILL","is_daily":false,"chose_seed":false,"campfire_upgraded":4,"win_rate":0.0,"timestamp":1608725699,"path_taken":["M","M","?","?","?","R","E","$","T","R","?","R","M","E","R","BOSS","BOSS","M","M","?","M","M","R","E","?","T","?","$","E"],"items_purchased_type":["Card","Card","Card","Card","Card","Potion","Potion"],"build_version":"2020-12-22","purchased_purges":2,"victory":false,"max_hp_per_floor":[80,80,80,80,80,80,80,80,80,80,80,80,80,80,80,80,80,80,80,80,80,80,80,80,80,80,80,80,80,80],"relic_stats":{"counters":[12,46],"Golden Idol":94,"Gambling Chip":[23],"Pantograph":0,"Eternal Feather":15,"Boot":[0],"obtain_stats":[{"NeowsBlessing":0,"Golden Idol":4,"Gambling Chip":7,"Pantograph":27,"Eternal Feather":20,"Fusion Hammer":17,"Bottled Lightning":26,"Boot":24,"Burning Blood":0,"Mercury Hourglass":9,"Paper Frog":14},{"NeowsBlessing":0,"Golden Idol":2,"Gambling Chip":3,"Pantograph":11,"Eternal Feather":8,"Fusion Hammer":6,"Bottled Lightning":11,"Boot":11,"Burning Blood":0,"Mercury Hourglass":3,"Paper Frog":5},{"NeowsBlessing":0,"Golden Idol":2,"Gambling Chip":3,"Pantograph":44,"Eternal Feather":29,"Fusion Hammer":19,"Bottled Lightning":44,"Boot":44,"Burning Blood":0,"Mercury Hourglass":3,"Paper Frog":11}],"Burning Blood":62,"Mercury Hourglass":[200]},"card_choices":[{"not_picked":["Havoc","Pommel Strike"],"picked":"Armaments","floor":1.0},{"not_picked":["Clothesline","Corruption"],"picked":"True Grit","floor":2.0},{"not_picked":["Searing Blow","Thunderclap"],"picked":"Sever Soul","floor":7.0},{"not_picked":["Headbutt","Heavy Blade"],"picked":"Shrug It Off","floor":13.0},{"not_picked":["Blood for Blood","Thunderclap"],"picked":"Sword Boomerang","floor":14.0},{"not_picked":["Bludgeon","Reaper"],"picked":"Barricade","floor":16.0},{"not_picked":["Armaments","Sword Boomerang+1"],"picked":"Ghostly Armor+1","floor":18.0},{"not_picked":["Sword Boomerang","Anger"],"picked":"Heavy Blade","floor":19.0},{"not_picked":["Perfected Strike","Cleave"],"picked":"Inflame","floor":21.0},{"not_picked":["Headbutt","Warcry"],"picked":"Offering","floor":22.0},{"not_picked":["Clash","Intimidate","Heavy Blade"],"picked":"SKIP","floor":24.0}],"player_experience":509203,"relics_obtained":[{"floor":7.0,"key":"Gambling Chip"},{"floor":9.0,"key":"Mercury Hourglass"},{"floor":14.0,"key":"Paper Frog"},{"floor":24.0,"key":"Boot"},{"floor":26.0,"key":"Bottled Lightning"}],"event_choices":[{"cards_removed":["Defend_R"],"damage_healed":0.0,"max_hp_gain":0.0,"max_hp_loss":0.0,"gold_gain":0.0,"event_name":"Golden Wing","player_choice":"Card Removal","floor":3.0,"gold_loss":0.0,"damage_taken":7.0},{"damage_healed":0.0,"max_hp_gain":0.0,"max_hp_loss":0.0,"gold_gain":0.0,"event_name":"Golden Idol","player_choice":"Take Damage","floor":4.0,"gold_loss":0.0,"damage_taken":20.0,"relics_obtained":["Golden Idol"]},{"damage_healed":0.0,"max_hp_gain":0.0,"max_hp_loss":0.0,"gold_gain":175.0,"event_name":"betterThird:BetterSerpent","player_choice":"AGREE","floor":5.0,"gold_loss":0.0,"damage_taken":131.0},{"damage_healed":0.0,"max_hp_gain":0.0,"max_hp_loss":0.0,"gold_gain":0.0,"event_name":"The Mausoleum","player_choice":"Opened","floor":20.0,"gold_loss":0.0,"damage_taken":0.0,"relics_obtained":["Eternal Feather"],"cards_obtained":["Writhe"]},{"damage_healed":0.0,"max_hp_gain":0.0,"max_hp_loss":0.0,"gold_gain":0.0,"event_name":"Cursed Tome","player_choice":"Ignored","floor":25.0,"gold_loss":0.0,"damage_taken":0.0},{"damage_healed":0.0,"max_hp_gain":0.0,"max_hp_loss":0.0,"gold_gain":0.0,"event_name":"Addict","player_choice":"Stole Relic","floor":27.0,"gold_loss":0.0,"damage_taken":0.0,"relics_obtained":["Pantograph"],"cards_obtained":["Shame"]}],"is_beta":false,"boss_relics":[{"not_picked":["Calling Bell","Runic Cube"],"picked":"Fusion Hammer"}],"items_purged_floors":[8,28],"is_endless":false,"potions_floor_spawned":[7,13,22],"killed_by":"Slavers","ascension_level":10}}