{"host":"2e3z4r48quhw80cc","time":1608736334,"event":{"mods":["BaseMod","Minty Spire (QoL Compilation)","Quick Restart","StSLib","SuperFastMode"],"gold_per_floor":[111,61,61,75,75,107,107,135,135,135,135,173,196,219,219,338,338,363,363,175,191,215,215,238,125,173,189,189,189,223,244,244,365,365,386,386,404,431,449,449,467,467,493,506,506,546,879,352,352,352],"floor_reached":51,"playtime":1414,"items_purged":["Strike_B","Strike_B"],"score":1258,"play_id":"dfc84e9a-f050-49f4-b4a7-15ac5751a726","local_time":"20201224001214","is_ascension_mode":true,"campfire_choices":[{"data":"Buffer","floor":7.0,"key":"SMITH"},{"data":"Capacitor","floor":15.0,"key":"SMITH"},{"data":"Fission","floor":23.0,"key":"SMITH"},{"data":"Chaos","floor":28.0,"key":"SMITH"},{"floor":32.0,"key":"REST"},{"data":"Creative AI","floor":40.0,"key":"SMITH"},{"floor":42.0,"key":"REST"},{"floor":45.0,"key":"REST"},{"data":"Apotheosis","floor":49.0,"key":"SMITH"}],"circlet_count":0,"master_deck":["AscendersBane","Defend_B","Defend_B","Defend_B","Defend_B","Zap","Dualcast","Chaos+1","Recycle","Buffer+1","Ball Lightning","Thunder Strike+1","Doom and Gloom+1","Consume","Capacitor+1","Fission+1","Barrage+1","Capacitor","Buffer+1","Conserve Battery","Defragment","Rainbow","Creative AI+1","Force Field+1","Self Repair+1","Glacier+1","Apotheosis+1","Panacea","Seek"],"relics":["Cracked Core","NeowsBlessing","Molten Egg 2","Mummified Hand","Tiny Chest","Anchor","Nuclear Battery","Dream Catcher","DollysMirror","Orichalcum","Potion Belt","The Courier","Sozu","Juzu Bracelet","Pen Nib","Art of War","Runic Capacitor"],"acts_visited":["Exordium","TheCity","TheBeyond"],"potions_floor_usage":[],"damage_taken":[{"damage":0.0,"enemies":"Small Slimes","floor":1.0,"turns":1.0},{"damage":0.0,"enemies":"2 Louse","floor":4.0,"turns":1.0},{"damage":0.0,"enemies":"Gremlin Nob","floor":6.0,"turns":1.0},{"damage":0.0,"enemies":"Lagavulin","floor":8.0,"turns":5.0},{"damage":0.0,"enemies":"Gremlin Nob","floor":12.0,"turns":4.0},{"damage":0.0,"enemies":"Cultist","floor":13.0,"turns":4.0},{"damage":0.0,"enemies":"Exordium Wildlife","floor":14.0,"turns":2.0},{"damage":24.0,"enemies":"Hexaghost","floor":16.0,"turns":9.0},{"damage":0.0,"enemies":"Chosen","floor":18.0,"turns":4.0},{"damage":0.0,"enemies":"Shell Parasite","floor":21.0,"turns":4.0},{"damage":16.0,"enemies":"Snake Plant","floor":24.0,"turns":5.0},{"damage":6.0,"enemies":"3 Cultists","floor":27.0,"turns":5.0},{"damage":3.0,"enemies":"Gremlin Leader","floor":30.0,"turns":8.0},{"damage":0.0,"enemies":"Snecko","floor":31.0,"turns":4.0},{"damage":46.0,"enemies":"Automaton","floor":33.0,"turns":8.0},{"damage":7.0,"enemies":"3 Shapes","floor":35.0,"turns":2.0},{"damage":0.0,"enemies":"Orb Walker","floor":37.0,"turns":4.0},{"damage":9.0,"enemies":"3 Darklings","floor":39.0,"turns":8.0},{"damage":16.0,"enemies":"Writhing Mass","floor":41.0,"turns":5.0},{"damage":43.0,"enemies":"Spire Growth","floor":44.0,"turns":5.0},{"damage":0.0,"enemies":"Reptomancer","floor":46.0,"turns":8.0},{"damage":14.0,"enemies":"Time Eater","floor":50.0,"turns":7.0}],"seed_played":"-6864863260723426397","potions_obtained":[{"floor":1.0,"key":"Fire Potion"},{"floor":14.0,"key":"ColorlessPotion"},{"floor":16.0,"key":"SkillPotion"},{"floor":21.0,"key":"Energy Potion"},{"floor":30.0,"key":"LiquidMemories"},{"floor":31.0,"key":"FearPotion"}],"is_trial":false,"path_per_floor":["M","?","?","M","?","E","R","E","T","?","$","E","M","M","R","B",null,"M","?","$","M","T","R","M","$","T","M","R","?","E","M","R","B",null,"M","?","M","T","M","R","M","R","T","M","R","E","?","$","R","B",null],"character_chosen":"DEFECT","items_purchased":["Capacitor","DollysMirror","Defragment","Apotheosis","Runic Capacitor","Panacea","Seek"],"campfire_rested":3,"item_purchase_floors":[20,20,25,48,48,48,48],"current_hp_per_floor":[68,68,68,68,68,68,68,68,68,50,50,50,50,50,50,26,63,63,63,63,63,63,63,47,47,47,41,41,41,38,38,60,14,60,53,53,53,53,44,44,28,50,50,7,29,39,39,39,39,35],"gold":352,"neow_bonus":"THREE_ENEMY_KILL","is_daily":false,"chose_seed":false,"campfire_upgraded":6,"win_rate":0.0,"timestamp":1608736334,"path_taken":["M","?","?","?","?","E","R","E","T","?","$","E","M","M","R","BOSS","M","?","$","?","?","R","M","$","T","M","R","?","E","M","R","BOSS","M","?","?","?","M","R","M","R","T","M","R","E","?","?","R","BOSS"],"items_purchased_type":["Card","Relic","Card","Card","Relic","Card","Card"],"build_version":"2020-12-22","purchased_purges":2,"victory":true,"max_hp_per_floor":[75,75,75,75,75,75,75,75,75,75,75,75,75,75,75,75,75,75,75,75,75,75,75,75,75,75,75,75,75,75,75,75,75,75,75,75,75,75,75,75,75,75,75,75,75,75,75,75,75,75],"card_choices":[{"not_picked":["Stack","Barrage"],"picked":"Chaos","floor":1.0},{"not_picked":["Conserve Battery","Cold Snap"],"picked":"Ball Lightning","floor":4.0},{"not_picked":["Gash+1","Chill"],"picked":"Thunder Strike+1","floor":6.0},{"not_picked":["Rip and Tear+1","Auto Shields"],"picked":"Doom and Gloom+1","floor":8.0},{"not_picked":["Gash+1","Consume","Beam Cell+1"],"picked":"SKIP","floor":12.0},{"not_picked":["Gash+1","Beam Cell+1"],"picked":"Consume","floor":12.0},{"not_picked":["Turbo","Reinforced Body","BootSequence"],"picked":"SKIP","floor":13.0},{"not_picked":["Sweeping Beam+1","Coolheaded"],"picked":"Capacitor","floor":14.0},{"not_picked":["Hyperbeam+1","All For One+1"],"picked":"Fission","floor":16.0},{"not_picked":["Doom and Gloom+1","Heatsinks"],"picked":"Barrage+1","floor":18.0},{"not_picked":["Hello World","Stack"],"picked":"Conserve Battery","floor":21.0},{"not_picked":["Beam Cell+1","Ball Lightning+1","Hologram"],"picked":"SKIP","floor":24.0},{"not_picked":["Reprogram","Stack","Gash+1"],"picked":"SKIP","floor":27.0},{"not_picked":["Sunder+1","Sweeping Beam+1","Melter+1"],"picked":"SKIP","floor":30.0},{"not_picked":["Hologram","Ball Lightning+1","Doom and Gloom+1"],"picked":"SKIP","floor":31.0},{"not_picked":["Coolheaded","Heatsinks"],"picked":"Rainbow","floor":32.0},{"not_picked":["All For One+1","Buffer"],"picked":"Creative AI","floor":33.0},{"not_picked":["Go for the Eyes+1","Redo","Rebound+1"],"picked":"SKIP","floor":35.0},{"not_picked":["Sunder+1","Ball Lightning+1","Turbo"],"picked":"SKIP","floor":37.0},{"not_picked":["Melter+1","Tempest","Consume"],"picked":"SKIP","floor":39.0},{"not_picked":["Go for the Eyes+1","Fusion"],"picked":"Force Field+1","floor":41.0},{"not_picked":["Tempest+1","Go for the Eyes+1"],"picked":"Self Repair+1","floor":44.0},{"not_picked":["Reprogram+1","Sunder+1"],"picked":"Glacier+1","floor":45.0},{"not_picked":["Conserve Battery","Gash+1","Go for the Eyes+1"],"picked":"SKIP","floor":46.0}],"player_experience":77689,"relics_obtained":[{"floor":6.0,"key":"Molten Egg 2"},{"floor":8.0,"key":"Mummified Hand"},{"floor":9.0,"key":"Tiny Chest"},{"floor":12.0,"key":"Anchor"},{"floor":22.0,"key":"Orichalcum"},{"floor":26.0,"key":"Potion Belt"},{"floor":30.0,"key":"The Courier"},{"floor":38.0,"key":"Juzu Bracelet"},{"floor":43.0,"key":"Pen Nib"},{"floor":46.0,"key":"Art of War"}],"event_choices":[{"cards_removed":["Strike_B"],"damage_healed":0.0,"max_hp_gain":0.0,"max_hp_loss":0.0,"gold_gain":0.0,"event_name":"The Cleric","player_choice":"Card Removal","floor":2.0,"gold_loss":50.0,"damage_taken":0.0},{"damage_healed":0.0,"max_hp_gain":0.0,"max_hp_loss":0.0,"gold_gain":0.0,"event_name":"Match and Keep!","player_choice":"2 cards matched","floor":3.0,"gold_loss":0.0,"damage_taken":0.0,"cards_obtained":["Recycle","Buffer"]},{"cards_removed":["Strike_B"],"damage_healed":0.0,"max_hp_gain":0.0,"max_hp_loss":0.0,"gold_gain":0.0,"event_name":"Living Wall","player_choice":"Forget","floor":5.0,"gold_loss":0.0,"damage_taken":0.0},{"damage_healed":0.0,"max_hp_gain":0.0,"max_hp_loss":0.0,"gold_gain":0.0,"event_name":"Golden Idol","player_choice":"Take Damage","floor":10.0,"gold_loss":0.0,"damage_taken":18.0,"relics_obtained":["Golden Idol"]},{"damage_healed":0.0,"max_hp_gain":0.0,"max_hp_loss":0.0,"gold_gain":0.0,"event_name":"WeMeetAgain","player_choice":"Gave Potion","floor":19.0,"gold_loss":0.0,"damage_taken":0.0,"relics_obtained":["Dream Catcher"]},{"damage_healed":0.0,"max_hp_gain":0.0,"max_hp_loss":0.0,"gold_gain":0.0,"event_name":"Ghosts","player_choice":"Ignored","floor":29.0,"gold_loss":0.0,"damage_taken":0.0},{"damage_healed":0.0,"max_hp_gain":0.0,"max_hp_loss":0.0,"gold_gain":0.0,"event_name":"Lab","player_choice":"Got Potions","floor":36.0,"gold_loss":0.0,"damage_taken":0.0},{"damage_healed":0.0,"max_hp_gain":0.0,"max_hp_loss":0.0,"gold_gain":333.0,"event_name":"The Moai Head","player_choice":"Gave Idol","floor":47.0,"relics_lost":["Golden Idol"],"gold_loss":0.0,"damage_taken":0.0}],"is_beta":false,"boss_relics":[{"not_picked":["Black Star","Empty Cage"],"picked":"Nuclear Battery"},{"not_picked":["SacredBark","SlaversCollar"],"picked":"Sozu"}],"items_purged_floors":[25,48],"is_endless":false,"potions_floor_spawned":[1,14,16,18,21,30,31,39,44,46],"ascension_level":11}}