{"host":"nox","time":1608685175,"event":{"mods":["Aspiration","BaseMod","Better Third Choice","Colored Powertips","Conspire","Hubris","Infinite Spire","Minty Spire (QoL Compilation)","Quick Restart","Rare Cards Sparkle","Replay The Spire","Shop Mod","Spikes Relics","StSLib","SuperFastMode","The Alterego","vexMod"],"gold_per_floor":[119,119,133,133,152,186,202,236,236,236,251,284,301,301,301],"floor_reached":14,"playtime":427,"items_purged":[],"score":134,"play_id":"09f9b0a0-cab2-49d2-91ea-70701351a2d0","local_time":"20201223075935","is_ascension_mode":true,"campfire_choices":[],"circlet_count":0,"master_deck":["Strike_G","Strike_G","Strike_G","Strike_G","Strike_G","Defend_G","Defend_G","Defend_G","Defend_G","Defend_G","Survivor","Neutralize","Blade Dance+1","Tactician","Backstab","Die Die Die","Flying Knee","hubris:Sniper","Dagger Throw","Concentrate"],"relics":["alterego_mod:MasochisticConstitution","aspiration:Nostalgia","Replay:M_StaffOfTheSnake","hubris:CrystalStatue","SpikesRelics:ToyHorsey","Chameleon Ring","infinitespire:Cubic Diamond","hubris:OldNail"],"acts_visited":["Exordium"],"potions_floor_usage":[12],"damage_taken":[{"damage":0.0,"enemies":"2 Louse","floor":1.0,"turns":2.0},{"damage":1.0,"enemies":"conspire:RoseBush","floor":3.0,"turns":4.0},{"damage":0.0,"enemies":"Cultist","floor":5.0,"turns":3.0},{"damage":12.0,"enemies":"Gremlin Nob","floor":6.0,"turns":3.0},{"damage":0.0,"enemies":"Looter","floor":7.0,"turns":2.0},{"damage":10.0,"enemies":"Lagavulin","floor":8.0,"turns":5.0},{"damage":0.0,"enemies":"2 Fungi Beasts","floor":11.0,"turns":2.0},{"damage":38,"enemies":"Gremlin Nob","floor":12,"turns":4},{"damage":0,"enemies":"3 Louse","floor":13,"turns":2},{"damage":14,"enemies":"Lagavulin","floor":14,"turns":2}],"seed_played":"-7834161369155567197","potions_obtained":[{"floor":1.0,"key":"DuplicationPotion"},{"floor":7.0,"key":"BlessingOfTheForge"},{"floor":8.0,"key":"Explosive Potion"},{"floor":11.0,"key":"Explosive Potion"}],"is_trial":false,"path_per_floor":["M","$","M","?","M","E","M","E","T","?","M","E","M","E"],"character_chosen":"THE_SILENT","items_purchased":[],"campfire_rested":0,"item_purchase_floors":[],"current_hp_per_floor":[70,70,69,69,69,57,57,47,47,47,47,10,10,0,0],"gold":301,"neow_bonus":"NOSTALGIA","is_daily":false,"chose_seed":false,"campfire_upgraded":0,"win_rate":0.0,"timestamp":1608685175,"path_taken":["M","$","M","?","M","E","M","E","T","?","M","E","M","E"],"items_purchased_type":[],"build_version":"2020-11-17","purchased_purges":0,"victory":false,"max_hp_per_floor":[70,70,70,70,70,70,70,70,70,70,70,71,71,71,71],"card_choices":[{"not_picked":["Hidden Blade","Deadly Poison"],"picked":"Blade Dance","floor":1.0},{"not_picked":["TalkToTheHand","PiercingWail"],"picked":"Tactician","floor":3.0},{"not_picked":["Replay:Poison Smokescreen","Dagger Spray"],"picked":"Backstab","floor":5.0},{"not_picked":["Cloak And Dagger","Hidden Blade"],"picked":"Die Die Die","floor":6.0},{"not_picked":["Weave","All Out Attack"],"picked":"Flying Knee","floor":7.0},{"not_picked":["ReplayTheSpireMod:Speed Training","ThirdEye"],"picked":"hubris:Sniper","floor":8.0},{"not_picked":["EmptyMind","ClearTheMind"],"picked":"Dagger Throw","floor":11.0},{"not_picked":["Poisoned Stab","Bane","Deadly Poison"],"picked":"SKIP","floor":12},{"not_picked":["Deadly Poison","Hidden Blade"],"picked":"Concentrate","floor":13}],"player_experience":226067,"relics_obtained":[{"floor":6.0,"key":"hubris:CrystalStatue"},{"floor":8.0,"key":"SpikesRelics:ToyHorsey"},{"floor":9.0,"key":"Chameleon Ring"},{"floor":12,"key":"hubris:OldNail"}],"event_choices":[],"is_beta":true,"boss_relics":[],"items_purged_floors":[],"is_endless":false,"potions_floor_spawned":[1,7,8,11],"killed_by":"Lagavulin","ascension_level":4}}