{"host":"zig6x0mxqzam82fb","time":1608762435,"event":{"mods":["BaseMod","Block Reminder","Colored Map","Colored Powertips","Minty Spire (QoL Compilation)","Relic Stats"],"gold_per_floor":[117,117,82,101,115,115,149,149,149,149,8,0,0,42,42,151,151,170,179,206,28,28,28,28,28,37,78,87,7,31,44,53,166,166,185,214,53,53,0,9,46,73,82,82,170,198,218,238,247,247,247],"floor_reached":50,"playtime":2930,"items_purged":["Shame","Doubt","Writhe"],"score":728,"play_id":"7de574c8-3273-4dc5-b15e-bfedb24a2683","local_time":"20201223172715","is_ascension_mode":true,"campfire_choices":[{"data":"Coolheaded","floor":6,"key":"SMITH"},{"floor":10,"key":"REST"},{"floor":15,"key":"REST"},{"floor":23,"key":"REST"},{"floor":32,"key":"REST"},{"floor":40,"key":"REST"},{"floor":44,"key":"REST"},{"floor":49,"key":"REST"}],"circlet_count":0,"master_deck":["Strike_B+1","Strike_B","Strike_B","Defend_B","Defend_B","Defend_B","Zap","Dualcast","Coolheaded+1","Rebound","Ball Lightning","FTL","Loop","BootSequence","Hyperbeam","Streamline+1","Coolheaded+1","Consume","Go for the Eyes","Injury","Conserve Battery+1","Turbo+1","Consume+1","Buffer","Ball Lightning","Chill","Reinforced Body+1","Turbo+1","Reboot","Regret","Normality","Parasite","Hologram+1","BootSequence","Coolheaded"],"relics":["Cursed Key","Tiny Chest","White Beast Statue","CeramicFish","Inserter","Cables","Enchiridion","The Courier","Dream Catcher","Centennial Puzzle","Busted Crown","Red Mask","Ornamental Fan","Whetstone","Shuriken"],"acts_visited":["Exordium","TheCity","TheBeyond"],"potions_floor_usage":[14,14,16,16,27,27,30,30,30,30,30,30,30,31,31,33,41,42,42,46,47,48,50,50],"damage_taken":[{"damage":7,"enemies":"2 Louse","floor":1,"turns":4},{"damage":10,"enemies":"Jaw Worm","floor":4,"turns":3},{"damage":0,"enemies":"Small Slimes","floor":5,"turns":3},{"damage":32,"enemies":"3 Sentries","floor":7,"turns":6},{"damage":1,"enemies":"Gremlin Nob","floor":14,"turns":3},{"damage":25,"enemies":"The Guardian","floor":16,"turns":10},{"damage":21,"enemies":"Spheric Guardian","floor":18,"turns":5},{"damage":12,"enemies":"Chosen","floor":20,"turns":5},{"damage":26,"enemies":"Gremlin Leader","floor":27,"turns":5},{"damage":14,"enemies":"Snake Plant","floor":30,"turns":3},{"damage":0,"enemies":"Centurion and Healer","floor":31,"turns":4},{"damage":19,"enemies":"Champ","floor":33,"turns":13},{"damage":25,"enemies":"3 Darklings","floor":35,"turns":3},{"damage":5,"enemies":"Orb Walker","floor":36,"turns":5},{"damage":0,"enemies":"Nemesis","floor":41,"turns":11},{"damage":8,"enemies":"Transient","floor":42,"turns":5},{"damage":8,"enemies":"Writhing Mass","floor":46,"turns":8},{"damage":27,"enemies":"Maw","floor":47,"turns":11},{"damage":4,"enemies":"3 Darklings","floor":48,"turns":4},{"damage":87,"enemies":"Donu and Deca","floor":50,"turns":8}],"seed_played":"19326031769259276","potions_obtained":[{"floor":4,"key":"Swift Potion"},{"floor":7,"key":"FocusPotion"},{"floor":14,"key":"FocusPotion"},{"floor":16,"key":"FearPotion"},{"floor":18,"key":"BlessingOfTheForge"},{"floor":20,"key":"Energy Potion"},{"floor":27,"key":"EntropicBrew"},{"floor":30,"key":"SneckoOil"},{"floor":31,"key":"SpeedPotion"},{"floor":33,"key":"SpeedPotion"},{"floor":35,"key":"DistilledChaos"},{"floor":36,"key":"Dexterity Potion"},{"floor":41,"key":"Weak Potion"},{"floor":42,"key":"PowerPotion"},{"floor":46,"key":"Block Potion"},{"floor":47,"key":"Explosive Potion"},{"floor":48,"key":"Regen Potion"}],"is_trial":false,"path_per_floor":["M","?","?","M","M","R","E","?","T","R","$","?","$","E","R","B",null,"M","T","M","$","?","R","?","?","T","E","T","$","M","M","R","B",null,"M","M","$","?","?","R","E","M","T","R","T","M","M","M","R","B"],"character_chosen":"DEFECT","items_purchased":["Loop","Fruit Juice","Consume","Go for the Eyes","Chill","FocusPotion"],"campfire_rested":7,"item_purchase_floors":[11,11,21,21,37,37],"current_hp_per_floor":[61,54,72,62,62,62,30,30,30,52,52,52,52,56,80,55,74,53,53,41,41,25,49,49,49,49,23,23,23,9,9,33,14,64,39,34,34,34,34,58,58,50,50,74,74,66,39,35,59,0,0],"gold":247,"neow_bonus":"BOSS_RELIC","is_daily":false,"chose_seed":false,"campfire_upgraded":1,"win_rate":0.0,"timestamp":1608762435,"path_taken":["M","?","?","M","M","R","E","?","T","R","$","?","?","E","R","BOSS","M","?","M","$","?","R","?","?","T","E","?","$","?","M","R","BOSS","M","M","$","?","?","R","E","M","T","R","?","M","M","M","R","BOSS"],"items_purchased_type":["Card","Potion","Card","Card","Card","Potion"],"build_version":"2020-12-22","purchased_purges":3,"victory":false,"max_hp_per_floor":[75,75,75,75,75,75,75,75,75,75,75,75,75,80,80,80,80,80,80,80,80,80,80,80,80,80,80,80,80,80,80,80,80,80,80,80,80,80,80,80,80,80,80,80,80,80,80,80,80,80,80],"relic_stats":{"Inserter":[45],"counters":[20,117],"CeramicFish":216,"Whetstone":["Strike_B","Streamline"],"Cursed Key":6,"Cables":[71,22,49,0,0],"Dream Catcher":4,"Centennial Puzzle":[27],"Busted Crown":20,"Ornamental Fan":[24],"Shuriken":[5],"Tiny Chest":3,"obtain_stats":[{"Inserter":17,"CeramicFish":14,"Enchiridion":22,"The Courier":26,"Whetstone":43,"Cursed Key":0,"White Beast Statue":9,"Cables":19,"Dream Catcher":27,"Centennial Puzzle":28,"Busted Crown":34,"Ornamental Fan":41,"Shuriken":45,"Tiny Chest":7,"Red Mask":39,"Cracked Core":0},{"Inserter":6,"CeramicFish":5,"Enchiridion":8,"The Courier":8,"Whetstone":16,"Cursed Key":0,"White Beast Statue":4,"Cables":7,"Dream Catcher":9,"Centennial Puzzle":9,"Busted Crown":12,"Ornamental Fan":15,"Shuriken":16,"Tiny Chest":4,"Red Mask":14,"Cracked Core":0},{"Inserter":29,"CeramicFish":19,"Enchiridion":39,"The Courier":39,"Whetstone":87,"Cursed Key":0,"White Beast Statue":16,"Cables":34,"Dream Catcher":44,"Centennial Puzzle":44,"Busted Crown":64,"Ornamental Fan":82,"Shuriken":87,"Tiny Chest":16,"Red Mask":72,"Cracked Core":0}]},"card_choices":[{"not_picked":["Compile Driver","Barrage"],"picked":"Coolheaded","floor":1},{"not_picked":["Steam Power","Thunder Strike"],"picked":"Rebound","floor":4},{"not_picked":["Barrage","Loop"],"picked":"Ball Lightning","floor":5},{"not_picked":["Skim","Steam"],"picked":"FTL","floor":7},{"not_picked":["Rebound","Conserve Battery"],"picked":"BootSequence","floor":14},{"not_picked":["Meteor Strike","All For One"],"picked":"Hyperbeam","floor":16},{"not_picked":["Steam","Compile Driver"],"picked":"Streamline","floor":18},{"not_picked":["Rebound","Conserve Battery"],"picked":"Coolheaded+1","floor":20},{"not_picked":["Recycle","Beam Cell"],"picked":"Conserve Battery+1","floor":27},{"not_picked":["Redo","Fusion"],"picked":"Turbo+1","floor":30},{"not_picked":["Sunder","Rebound","Heatsinks+1"],"picked":"SKIP","floor":31},{"not_picked":["Double Energy","Gash"],"picked":"Consume+1","floor":32},{"not_picked":["Hyperbeam","Electrodynamics"],"picked":"Buffer","floor":33},{"not_picked":["Redo+1"],"picked":"SKIP","floor":35},{"not_picked":[],"picked":"Ball Lightning","floor":36},{"not_picked":[],"picked":"Reinforced Body+1","floor":40},{"not_picked":[],"picked":"Turbo+1","floor":41},{"not_picked":[],"picked":"Reboot","floor":42},{"not_picked":[],"picked":"Hologram+1","floor":46},{"not_picked":["Barrage+1"],"picked":"SKIP","floor":47},{"not_picked":[],"picked":"BootSequence","floor":48},{"not_picked":[],"picked":"Coolheaded","floor":49}],"player_experience":309242,"relics_obtained":[{"floor":7,"key":"Tiny Chest"},{"floor":9,"key":"White Beast Statue"},{"floor":14,"key":"CeramicFish"},{"floor":19,"key":"Cables"},{"floor":22,"key":"Enchiridion"},{"floor":26,"key":"The Courier"},{"floor":27,"key":"Dream Catcher"},{"floor":28,"key":"Centennial Puzzle"},{"floor":41,"key":"Ornamental Fan"},{"floor":43,"key":"Whetstone"},{"floor":45,"key":"Shuriken"}],"event_choices":[{"cards_removed":["Defend_B"],"damage_healed":0,"gold_gain":0,"player_choice":"Card Removal","damage_taken":7,"max_hp_gain":0,"max_hp_loss":0,"event_name":"Golden Wing","floor":2,"gold_loss":0},{"damage_healed":18,"gold_gain":0,"player_choice":"Healed","damage_taken":0,"max_hp_gain":0,"max_hp_loss":0,"event_name":"The Cleric","floor":3,"gold_loss":35},{"damage_healed":0,"gold_gain":0,"player_choice":"Ignored","damage_taken":0,"max_hp_gain":0,"max_hp_loss":0,"event_name":"Shining Light","floor":8,"gold_loss":0},{"damage_healed":0,"gold_gain":0,"player_choice":"Left Gold","damage_taken":0,"max_hp_gain":0,"max_hp_loss":0,"event_name":"World of Goop","floor":12,"gold_loss":8},{"damage_healed":0,"gold_gain":0,"player_choice":"Obtained Book","damage_taken":16,"max_hp_gain":0,"max_hp_loss":0,"event_name":"Cursed Tome","floor":22,"gold_loss":0},{"damage_healed":0,"gold_gain":0,"player_choice":"Ignored","damage_taken":0,"max_hp_gain":0,"max_hp_loss":0,"event_name":"Ghosts","floor":24,"gold_loss":0},{"damage_healed":0,"gold_gain":0,"player_choice":"Ignored","damage_taken":0,"max_hp_gain":0,"max_hp_loss":0,"event_name":"The Mausoleum","floor":25,"gold_loss":0},{"cards_removed":["Strike_B"],"damage_healed":0,"gold_gain":0,"player_choice":"Removed Attack","damage_taken":0,"max_hp_gain":0,"max_hp_loss":0,"event_name":"Falling","floor":38,"gold_loss":0},{"damage_healed":0,"gold_gain":0,"player_choice":"Paid","damage_taken":0,"relics_obtained":["Red Mask"],"max_hp_gain":0,"max_hp_loss":0,"event_name":"Tomb of Lord Red Mask","floor":39,"gold_loss":53}],"is_beta":false,"boss_relics":[{"not_picked":["Astrolabe","Empty Cage"],"picked":"Inserter"},{"not_picked":["Pandora\u0027s Box","Runic Pyramid"],"picked":"Busted Crown"}],"items_purged_floors":[21,29,37],"is_endless":false,"potions_floor_spawned":[4,7,14,16,18,20,27,30,31,33,35,36,41,42,46,47,48],"killed_by":"Donu and Deca","ascension_level":7}}