{"host":"fbjkyf8096sobcph","time":1608756151,"event":{"mods":["2.2 Compatiblity","AchievementEnabler","Aspiration","BaseMod","Better Altar","Better Match","Better Note","Better Sensory Stone","Better Skull","Better Third Choice","BetterRewards","CCEM","Clawfect","Colored Map","Conspire","Downfall","GifTheSpireLib","Halation","Highlight Path","Hubris","Infinite Spire","Mimic Mod","Minty Spire (QoL Compilation)","Permanent Neow","Replay The Spire","Shop Mod","Spicy Shops","StSLib","Stuff the Spire","Unceasing Turn Reminder","Waifu the Spire","everything is the same but u backflip on backflip","slay the spire mod where everything is the same but ironclad has a cowboy hat"],"gold_per_floor":[99,124,27,27,27,90,90,15,190,115,245,245,355,406,461,598,598,598,666,716,766,766],"floor_reached":21,"playtime":4272,"items_purged":[],"score":300,"play_id":"a6e4a5f7-309d-42a8-89ab-1eadc51bb71e","local_time":"20201223214231","is_ascension_mode":false,"campfire_choices":[{"floor":1,"key":"RECALL"},{"data":"Envenom","floor":8,"key":"SMITH"},{"data":"sneckomod:UnknownClassEV_BLUE_COLOR","floor":10,"key":"SMITH"},{"floor":12,"key":"REST"},{"data":"sneckomod:UnknownRareSkill","floor":18,"key":"SMITH"}],"circlet_count":0,"master_deck":["sneckomod:Strike","sneckomod:Strike","sneckomod:Defend","sneckomod:Defend","sneckomod:TailWhip+1","sneckomod:SnekBite","sneckomod:Unknown","sneckomod:Unknown","hubris:Greed","sneckomod:TrashToTreasure+1","sneckomod:UnknownEthereal","hubris:Greed","sneckomod:UnknownClassGREEN+1","hubris:Greed","hubris:Greed","hubris:Greed","hubris:Greed","sneckomod:UnknownUncommonPower","sneckomod:UnknownUncommonPower+1","Envenom+1","Regret","sneckomod:UnknownClassEV_BLUE_COLOR+1","Doubt","hubris:Greed","hubris:Greed","sneckomod:SlitherStrike","sneckomod:UnknownRareSkill+1","sneckomod:UnknownEthereal","sneckomod:Cheat","sneckomod:SerpentIdol","sneckomod:SoulDraw+1"],"relics":["sneckomod:SneckoSoul","PreservedInsect","CCEMRelics:JestersCrown","hubris:Potato","downfall:HeartBlessingGreen","downfall:HeartBlessingRed","downfall:CloakOfManyFaces","CultistMask","FaceOfCleric","NlothsMask","GremlinMask","SsserpentHead","conspire:SpecialSausage"],"acts_visited":["Exordium","TheCity"],"potions_floor_usage":[16,19],"damage_taken":[{"damage":0,"enemies":"Small Slimes","floor":2,"turns":3},{"damage":5,"enemies":"downfall:FleeingMerchant","floor":3,"turns":4},{"damage":23,"enemies":"Gremlin Nob","floor":6,"turns":5},{"damage":29,"enemies":"downfall:FaceTrader","floor":11,"turns":5},{"damage":5,"enemies":"2 Louse","floor":13,"turns":5},{"damage":19,"enemies":"Cultist","floor":14,"turns":6},{"damage":10,"enemies":"3 Louse","floor":15,"turns":4},{"damage":38,"enemies":"downfall:Silent","floor":16,"turns":7},{"damage":81,"enemies":"3 Byrds","floor":19,"turns":6},{"damage":51,"enemies":"Shell Parasite","floor":21,"turns":6}],"seed_played":"-2669829221196590036","potions_obtained":[{"floor":6,"key":"FairyPotion"},{"floor":13,"key":"conspire:TimeTravelPotion"},{"floor":15,"key":"Flashbang"}],"is_trial":false,"path_per_floor":["R","M","$","?","?","E","T","R","?","R","?","R","M","M","M","B",null,"R","M","?","M"],"character_chosen":"THE_SNECKO","items_purchased":["sneckomod:UnknownUncommonPower+1"],"campfire_rested":1,"item_purchase_floors":[3],"current_hp_per_floor":[91,92,89,81,81,59,59,59,59,59,30,58,54,37,29,35,101,101,40,40,0,0],"gold":766,"neow_bonus":"TRANSFORM_TWO_CARDS","is_daily":false,"chose_seed":false,"campfire_upgraded":3,"win_rate":0.0,"timestamp":1608756151,"path_taken":["R","M","$","?","?","E","T","R","?","R","?","R","?","M","M","BOSS","R","M","?","?"],"items_purchased_type":["Card"],"build_version":"2020-12-22","purchased_purges":0,"victory":false,"max_hp_per_floor":[91,92,94,94,94,95,95,95,95,95,95,95,96,98,100,101,101,101,102,102,102,102],"card_choices":[{"not_picked":["sneckomod:UnknownWeak","sneckomod:UnknownClassSLIMEBOUND"],"picked":"sneckomod:UnknownClassGREEN","floor":2},{"not_picked":["sneckomod:SerpentIdol","sneckomod:UnknownExhaust"],"picked":"sneckomod:UnknownUncommonPower","floor":3},{"not_picked":["sneckomod:UnknownCommonSkill","sneckomod:UnknownCommonAttack"],"picked":"sneckomod:UnknownClassEV_BLUE_COLOR","floor":6},{"not_picked":["sneckomod:Unknown2Cost","sneckomod:DiceBlock"],"picked":"sneckomod:SlitherStrike","floor":13},{"not_picked":["sneckomod:UnknownBlock","sneckomod:UnknownClassINFINITE_BLACK"],"picked":"sneckomod:UnknownRareSkill","floor":14},{"not_picked":["sneckomod:UnknownCommonAttack","sneckomod:UnknownExhaust"],"picked":"sneckomod:UnknownEthereal","floor":15},{"not_picked":["sneckomod:Restock","sneckomod:UnknownRareAttack"],"picked":"sneckomod:Cheat","floor":16},{"not_picked":["sneckomod:UnknownStrike","sneckomod:UnknownBlock"],"picked":"sneckomod:SerpentIdol","floor":19},{"not_picked":["sneckomod:SoulRoll","sneckomod:WideSting"],"picked":"sneckomod:SoulDraw+1","floor":19}],"player_experience":186847,"relics_obtained":[{"floor":6,"key":"CCEMRelics:JestersCrown"},{"floor":7,"key":"hubris:Potato"},{"floor":11,"key":"downfall:CloakOfManyFaces"}],"event_choices":[{"cards_removed":["Doubt"],"damage_healed":0,"gold_gain":0,"player_choice":"Give","damage_taken":0,"max_hp_gain":0,"max_hp_loss":0,"event_name":"betterNote:BetterNote","floor":20,"gold_loss":0,"cards_obtained":["Regret"]}],"is_beta":false,"boss_relics":[{"not_picked":["halation:MonkeysPaw","Kintsugi"],"picked":"conspire:SpecialSausage"}],"items_purged_floors":[],"is_endless":false,"potions_floor_spawned":[6,13,15],"killed_by":"Shell Parasite","ascension_level":0}}