{"host":"xkmvu47k9fdstweo","time":1608758856,"event":{"mods":["BaseMod","Colored Map","Conspire","Hubris","Minty Spire (QoL Compilation)","Quick Restart","Railgun Mod","Shop Mod","StSLib","The Alterego","The Servant 0.9.4","The Wild Card","TheBandit","WarShipGirlsR/??è≠èóR mod","vexMod"],"gold_per_floor":[18,0,15,15,15,50,50,61,87,114,114,114,114],"floor_reached":12,"playtime":295,"items_purged":[],"score":87,"play_id":"7f1c66c4-05c5-459b-b814-ed2976166180","local_time":"20201223162736","is_ascension_mode":true,"campfire_choices":[{"data":"ReturningBlade","floor":7,"key":"SMITH"},{"floor":11,"key":"REST"}],"circlet_count":0,"master_deck":["Strike_S","Strike_S","Strike_S","Strike_S","Defend_S","Defend_S","Defend_S","Defend_S","KidneyShot","Exchange","Comet","ReturningBlade+1","Starlight","TrueSight"],"relics":["Uniform","conspire:Boomerang","Pear","Anchor","Bronze Scales"],"acts_visited":["Exordium"],"potions_floor_usage":[],"damage_taken":[{"damage":2,"enemies":"Small Slimes","floor":1,"turns":4},{"damage":0,"enemies":"2 Louse","floor":3,"turns":3},{"damage":40,"enemies":"3 Sentries","floor":6,"turns":6},{"damage":15,"enemies":"conspire:RoseBush","floor":8,"turns":3},{"damage":29,"enemies":"Lagavulin","floor":12,"turns":10}],"seed_played":"-2764498222041456744","potions_obtained":[],"is_trial":false,"path_per_floor":["M","?","M","$","?","E","R","M","T","T","R","E"],"character_chosen":"THE_SERVANT","items_purchased":[],"campfire_rested":1,"item_purchase_floors":[],"current_hp_per_floor":[63,63,63,63,63,33,33,18,18,18,40,11,11],"gold":114,"neow_bonus":"ONE_RARE_RELIC","is_daily":false,"chose_seed":false,"campfire_upgraded":1,"win_rate":0.0,"timestamp":1608758856,"path_taken":["M","?","M","$","?","E","R","M","T","?","R","E"],"items_purchased_type":[],"build_version":"2020-12-22","purchased_purges":0,"victory":false,"max_hp_per_floor":[65,65,65,65,65,75,75,75,75,75,75,75,75],"card_choices":[{"not_picked":["DoubleEdge","Rearm"],"picked":"Comet","floor":1},{"not_picked":["Unruled","Starlight"],"picked":"ReturningBlade","floor":3},{"not_picked":["Collapse","Unruled"],"picked":"Starlight","floor":6},{"not_picked":["Potential","DoubleEdge"],"picked":"TrueSight","floor":8}],"player_experience":328522,"relics_obtained":[{"floor":6,"key":"Pear"},{"floor":9,"key":"Anchor"},{"floor":10,"key":"Bronze Scales"}],"event_choices":[{"damage_healed":0,"gold_gain":0,"player_choice":"Ignored","damage_taken":0,"max_hp_gain":0,"max_hp_loss":0,"event_name":"Liars Game","floor":5,"gold_loss":0}],"is_beta":false,"boss_relics":[],"items_purged_floors":[],"is_endless":false,"potions_floor_spawned":[],"killed_by":"Lagavulin","ascension_level":3}}