{"host":"dcj2yvrgcvh5dl2s","time":1608717307,"event":{"mods":["BaseMod","Better Note","Block Reminder","Colored Powertips","DeckTracker","Minty Spire (QoL Compilation)","Quick Restart","Rare Cards Sparkle","Relic Stats","StSLib"],"gold_per_floor":[117,117,117,44,61,94,94,125,150,166,177,209,209,229,229,306,306,317,317,65,75,95,95,95,95],"floor_reached":24,"playtime":624,"items_purged":[],"score":410,"play_id":"da6c5794-0bc6-435f-810b-0b3cfad0ec7f","local_time":"20201223195507","is_ascension_mode":true,"campfire_choices":[{"data":"Body Slam","floor":7,"key":"SMITH"},{"floor":15,"key":"REST"},{"floor":23,"key":"REST"}],"circlet_count":0,"master_deck":["AscendersBane","Strike_R","Strike_R","Strike_R","Defend_R","Defend_R","Defend_R","Sword Boomerang","Immolate+1","Body Slam+1","Limit Break","Metallicize","Thunderclap","Feed","Flex","Offering","Seeing Red+1","Anger","Body Slam","Body Slam"],"relics":["Burning Blood","NeowsBlessing","Nunchaku","Blood Vial","Strawberry","Anchor","Ginger","Empty Cage","Matryoshka"],"acts_visited":["Exordium","TheCity"],"potions_floor_usage":[16,18,22,24],"damage_taken":[{"damage":0,"enemies":"2 Louse","floor":1,"turns":1},{"damage":0,"enemies":"Jaw Worm","floor":5,"turns":1},{"damage":0,"enemies":"Lagavulin","floor":6,"turns":1},{"damage":30,"enemies":"Gremlin Nob","floor":8,"turns":4},{"damage":0,"enemies":"Cultist","floor":10,"turns":3},{"damage":0,"enemies":"2 Fungi Beasts","floor":11,"turns":2},{"damage":26,"enemies":"3 Sentries","floor":12,"turns":6},{"damage":10,"enemies":"Red Slaver","floor":14,"turns":3},{"damage":19,"enemies":"Slime Boss","floor":16,"turns":8},{"damage":50,"enemies":"Shell Parasite","floor":18,"turns":6},{"damage":15,"enemies":"3 Byrds","floor":21,"turns":3},{"damage":6,"enemies":"Snecko","floor":22,"turns":2},{"damage":58,"enemies":"Book of Stabbing","floor":24,"turns":4}],"seed_played":"70316022846441816","potions_obtained":[{"floor":1,"key":"Regen Potion"},{"floor":5,"key":"Swift Potion"},{"floor":16,"key":"ElixirPotion"},{"floor":21,"key":"SkillPotion"},{"floor":22,"key":"EssenceOfSteel"}],"is_trial":false,"path_per_floor":["M","?","?","$","M","E","R","E","T","M","M","E","?","M","R","B",null,"M","?","$","M","M","R","E"],"character_chosen":"IRONCLAD","items_purchased":["Immolate","Matryoshka"],"campfire_rested":2,"item_purchase_floors":[4,20],"current_hp_per_floor":[74,49,49,49,55,61,61,46,46,54,62,44,28,26,50,54,75,33,33,33,26,28,52,0,0],"gold":95,"neow_bonus":"THREE_ENEMY_KILL","is_daily":false,"chose_seed":false,"campfire_upgraded":1,"win_rate":0.0,"timestamp":1608717307,"path_taken":["M","?","?","$","?","E","R","E","T","M","M","E","?","M","R","BOSS","M","?","$","M","?","R","E"],"items_purchased_type":["Card","Relic"],"build_version":"2020-12-22","purchased_purges":0,"victory":false,"max_hp_per_floor":[75,75,75,75,75,75,75,82,82,82,82,82,82,82,82,82,82,82,82,82,82,82,82,82,82],"relic_stats":{"Blood Vial":20,"Nunchaku":[8],"counters":[13,44],"Ginger":[2],"obtain_stats":[{"Blood Vial":6,"Nunchaku":2,"Anchor":9,"Matryoshka":20,"NeowsBlessing":0,"Strawberry":8,"Ginger":12,"Empty Cage":17,"Burning Blood":0},{"Blood Vial":3,"Nunchaku":1,"Anchor":4,"Matryoshka":10,"NeowsBlessing":0,"Strawberry":4,"Ginger":7,"Empty Cage":9,"Burning Blood":0},{"Blood Vial":3,"Nunchaku":1,"Anchor":7,"Matryoshka":35,"NeowsBlessing":0,"Strawberry":7,"Ginger":18,"Empty Cage":29,"Burning Blood":0}],"Burning Blood":72},"card_choices":[{"not_picked":["Burning Pact","Clothesline"],"picked":"Sword Boomerang","floor":1},{"not_picked":["Reckless Charge","Sword Boomerang"],"picked":"Body Slam","floor":5},{"not_picked":["Perfected Strike","Twin Strike"],"picked":"Limit Break","floor":6},{"not_picked":["Iron Wave","Combust"],"picked":"Metallicize","floor":8},{"not_picked":["Cleave","Iron Wave"],"picked":"Thunderclap","floor":10},{"not_picked":["Clash","Clothesline","Anger"],"picked":"SKIP","floor":11},{"not_picked":["Pommel Strike","Searing Blow"],"picked":"Feed","floor":12},{"not_picked":["Sword Boomerang","Havoc"],"picked":"Flex","floor":14},{"not_picked":["Reaper","Bludgeon"],"picked":"Offering","floor":16},{"not_picked":["Anger","Twin Strike"],"picked":"Seeing Red+1","floor":18},{"not_picked":["Clash","Wild Strike"],"picked":"Body Slam","floor":21},{"not_picked":["Heavy Blade","Second Wind"],"picked":"Body Slam","floor":22}],"player_experience":2017222,"relics_obtained":[{"floor":6,"key":"Blood Vial"},{"floor":8,"key":"Strawberry"},{"floor":9,"key":"Anchor"},{"floor":12,"key":"Ginger"}],"event_choices":[{"damage_healed":0,"gold_gain":0,"player_choice":"Success","damage_taken":25,"relics_obtained":["Nunchaku"],"max_hp_gain":0,"max_hp_loss":0,"event_name":"Scrap Ooze","floor":2,"gold_loss":0},{"cards_removed":["Strike_R"],"damage_healed":0,"gold_gain":0,"player_choice":"Purged","damage_taken":0,"max_hp_gain":0,"max_hp_loss":0,"event_name":"Purifier","floor":3,"gold_loss":0},{"damage_healed":0,"gold_gain":0,"player_choice":"Entered Light","damage_taken":16,"max_hp_gain":0,"max_hp_loss":0,"event_name":"Shining Light","floor":13,"gold_loss":0,"cards_upgraded":["Bash","Immolate"]},{"damage_healed":0,"gold_gain":0,"cards_transformed":["Defend_R"],"player_choice":"Transformed","damage_taken":0,"max_hp_gain":0,"max_hp_loss":0,"event_name":"Transmorgrifier","floor":19,"gold_loss":0,"cards_obtained":["Anger"]}],"is_beta":false,"boss_relics":[{"not_picked":["Tiny House","SacredBark"],"picked":"Empty Cage"}],"items_purged_floors":[],"is_endless":false,"potions_floor_spawned":[1,5,11,16,21,22],"killed_by":"Book of Stabbing","ascension_level":14}}