{"host":"gk5m6v7zec9neb0j","time":1608710449,"event":{"mods":["AchievementEnabler","AlwaysNeverKeys","BaseMod","BetterRewards","Block Reminder","Minty Spire (QoL Compilation)","Rare Cards Sparkle","Relic Stats","StSLib"],"gold_per_floor":[25,25,25,40,52,52,84,84,84,113,113,113,141,157,157,254,254,273,198,198,198,218,250,100,100,100,100,119,133,133,145,145,248,248,265,276,288,163,181,181,59,75,144,160,189,189,189,205,205,205,205,205,153,188,188],"floor_reached":56,"playtime":2018,"items_purged":["Strike_R","Strike_R","Defend_R"],"score":1492,"play_id":"f5ad20f5-57c9-411c-8b7a-eae2e1569020","local_time":"20201223030049","is_ascension_mode":false,"campfire_choices":[{"data":"Entrench","floor":6.0,"key":"SMITH"},{"floor":8.0,"key":"REST"},{"data":"Entrench","floor":11.0,"key":"SMITH"},{"data":"Rampage","floor":15.0,"key":"SMITH"},{"data":"Double Tap","floor":30,"key":"SMITH"},{"data":"Whirlwind","floor":32,"key":"SMITH"},{"data":"Bash","floor":40,"key":"SMITH"},{"data":"Berserk","floor":46,"key":"SMITH"},{"floor":49,"key":"REST"},{"data":"Double Tap","floor":52,"key":"SMITH"}],"circlet_count":0,"master_deck":["Defend_R","Defend_R","Bash+1","Entrench+1","Entrench+1","Shrug It Off","Rampage+1","Whirlwind+1","Shrug It Off+1","Double Tap+1","Double Tap+1","Battle Trance","Headbutt","Berserk+1","Flame Barrier+1"],"relics":["Burning Blood","FossilizedHelix","DollysMirror","TungstenRod","Chemical X","Torii","Lizard Tail","Blue Candle","Bottled Flame","Meat on the Bone","Runic Cube","Lantern","MutagenicStrength","Singing Bowl","SlaversCollar","Bottled Lightning","Pen Nib","Toy Ornithopter"],"acts_visited":["Exordium","TheCity","TheBeyond","TheEnding"],"potions_floor_usage":[23,23,31,33,37,50,55],"damage_taken":[{"damage":5.0,"enemies":"Jaw Worm","floor":1.0,"turns":4.0},{"damage":0.0,"enemies":"2 Louse","floor":4.0,"turns":2.0},{"damage":0.0,"enemies":"Small Slimes","floor":5.0,"turns":6.0},{"damage":22.0,"enemies":"3 Sentries","floor":7.0,"turns":19.0},{"damage":9.0,"enemies":"Lagavulin","floor":10.0,"turns":9.0},{"damage":11.0,"enemies":"Gremlin Nob","floor":13.0,"turns":5.0},{"damage":0.0,"enemies":"Exordium Wildlife","floor":14.0,"turns":3.0},{"damage":6.0,"enemies":"Hexaghost","floor":16.0,"turns":12.0},{"damage":0.0,"enemies":"Chosen","floor":18.0,"turns":6.0},{"damage":0.0,"enemies":"3 Byrds","floor":22.0,"turns":3.0},{"damage":42,"enemies":"Slavers","floor":23,"turns":7},{"damage":8,"enemies":"Shelled Parasite and Fungi","floor":28,"turns":6},{"damage":0,"enemies":"Snake Plant","floor":29,"turns":4},{"damage":0,"enemies":"Snecko","floor":31,"turns":3},{"damage":42,"enemies":"Automaton","floor":33,"turns":8},{"damage":0,"enemies":"3 Darklings","floor":35,"turns":1},{"damage":0,"enemies":"Orb Walker","floor":36,"turns":3},{"damage":17,"enemies":"Writhing Mass","floor":37,"turns":8},{"damage":0,"enemies":"Jaw Worm Horde","floor":39,"turns":2},{"damage":0,"enemies":"4 Shapes","floor":42,"turns":4},{"damage":0,"enemies":"Transient","floor":44,"turns":5},{"damage":44,"enemies":"Nemesis","floor":45,"turns":7},{"damage":0,"enemies":"Spire Growth","floor":48,"turns":3},{"damage":53,"enemies":"Time Eater","floor":50,"turns":7},{"damage":6,"enemies":"Shield and Spear","floor":54,"turns":5},{"damage":141,"enemies":"The Heart","floor":55,"turns":9}],"seed_played":"-4605904930821032486","potions_obtained":[{"floor":5.0,"key":"Block Potion"},{"floor":7.0,"key":"Fruit Juice"},{"floor":16.0,"key":"Fire Potion"},{"floor":18.0,"key":"PowerPotion"},{"floor":29,"key":"Block Potion"},{"floor":35,"key":"ColorlessPotion"},{"floor":37,"key":"PowerPotion"}],"is_trial":false,"path_per_floor":["M","?","$","M","M","R","E","R","T","E","R","?","E","M","R","B",null,"M","?","?","?","M","E","$","?","T","$","M","M","R","M","R","B",null,"M","M","M","$","M","R","$","M","T","M","E","R","?","M","R","B",null,"R","$","E","B",null],"character_chosen":"IRONCLAD","items_purchased":["Entrench","DollysMirror","Chemical X","Shrug It Off","PowerPotion","Battle Trance","Headbutt","BloodPotion"],"campfire_rested":2,"item_purchase_floors":[0,0,0,0,24,41,41,53],"current_hp_per_floor":[33,27,27,33,39,39,28,53,53,50,50,50,45,51,51,51,85,85,85,85,85,85,49,49,49,49,49,59,67,67,75,75,51,89,91,93,84,84,92,92,92,97,97,99,63,63,63,71,98,63,98,98,98,98,51],"gold":188,"neow_bonus":"","is_daily":false,"chose_seed":false,"campfire_upgraded":8,"win_rate":0.0,"timestamp":1608710449,"path_taken":["M","?","$","M","M","R","E","R","T","E","R","?","E","M","R","BOSS","M","?","?","?","M","E","$","?","T","$","?","M","R","M","R","BOSS","M","M","M","$","M","R","$","?","T","M","E","R","?","M","R","BOSS","R","$","E","BOSS"],"items_purchased_type":["Card","Relic","Relic","Card","Potion","Card","Card","Potion"],"build_version":"2020-12-22","purchased_purges":3,"victory":true,"max_hp_per_floor":[80,80,80,80,80,80,85,85,85,85,85,85,85,85,85,85,85,85,85,85,85,85,85,85,85,85,85,85,87,87,89,89,89,89,91,93,95,95,97,97,97,97,97,99,101,101,96,98,98,98,98,98,98,98,98],"relic_stats":{"Torii":138,"Singing Bowl":18,"counters":[457,2324],"Blue Candle":[0],"Pen Nib":[5],"Burning Blood":2486,"Lizard Tail":49,"Chemical X":[93],"obtain_stats":[{"Whetstone":45,"Ginger":48,"Bottled Tornado":12,"Boot":40,"Old Coin":9,"Blood Vial":54,"Sundial":43,"Fusion Hammer":34,"Kunai":3,"Runic Cube":34,"Pear":6,"Blue Candle":9,"Eternal Feather":6,"Pen Nib":9,"Akabeko":37,"SlaversCollar":17,"Runic Dome":17,"Bird Faced Urn":0,"MutagenicStrength":27,"Mark of Pain":34,"StrikeDummy":47,"Unceasing Top":0,"Regal Pillow":9,"Lantern":23,"Singing Bowl":42,"Torii":44,"Magic Flower":34,"StoneCalendar":0,"Bag of Preparation":41,"Ancient Tea Set":6,"Smiling Mask":9,"Burning Blood":0,"Matryoshka":27,"WingedGreaves":11,"Chemical X":0,"Paper Frog":9,"Potion Belt":43,"Lee\u0027s Waffle":0,"Golden Idol":4,"Self Forming Clay":25,"Thread and Needle":0,"The Courier":13,"Omamori":13,"Frozen Egg 2":8,"MawBank":9,"Ornamental Fan":12,"Orrery":0,"Turnip":13,"Art of War":26,"Champion Belt":23,"Bottled Lightning":43,"Toy Ornithopter":9,"Ice Cream":0,"Calipers":0,"Gremlin Horn":24,"CeramicFish":11,"Vajra":19,"Sozu":17,"Lizard Tail":25,"Centennial Puzzle":26,"HornCleat":54,"DollysMirror":37,"Strawberry":43,"Toxic Egg 2":25,"Girya":0,"Happy Flower":0,"Dead Branch":13,"Oddly Smooth Stone":54,"Charon\u0027s Ashes":0,"Letter Opener":26,"War Paint":55,"Question Card":9,"Du-Vu Doll":43,"OrangePellets":0,"Bottled Flame":54,"Shuriken":0,"Bronze Scales":0,"Molten Egg 2":26,"Nloth\u0027s Gift":20,"Pocketwatch":47,"Meat on the Bone":28,"Darkstone Periapt":26,"SacredBark":34,"Black Blood":17,"Enchiridion":21,"Mango":26,"Juzu Bracelet":3,"Incense Burner":0,"Empty Cage":17,"PrismaticShard":0,"ClockworkSouvenir":0,"Nunchaku":36,"Dream Catcher":25,"TheAbacus":37,"Mummified Hand":0,"Gambling Chip":13,"Tiny Chest":24,"Red Mask":41,"Red Skull":4,"Runic Pyramid":34,"Orichalcum":20,"Odd Mushroom":14,"Medical Kit":36,"White Beast Statue":2,"Mercury Hourglass":30,"Peace Pipe":0,"Calling Bell":34,"Anchor":12,"Bag of Marbles":0,"Coffee Dripper":34,"Membership Card":0,"FossilizedHelix":0,"TungstenRod":36},{"Whetstone":46,"Ginger":104,"Bottled Tornado":137,"Boot":102,"Old Coin":4,"Blood Vial":49,"Sundial":149,"Fusion Hammer":98,"Kunai":2,"Runic Cube":296,"Pear":111,"Blue Candle":112,"Eternal Feather":25,"Pen Nib":56,"Akabeko":221,"SlaversCollar":36,"Runic Dome":61,"Bird Faced Urn":129,"MutagenicStrength":292,"Mark of Pain":70,"StrikeDummy":47,"Unceasing Top":0,"Regal Pillow":157,"Lantern":442,"Singing Bowl":102,"Torii":398,"Magic Flower":367,"StoneCalendar":80,"Bag of Preparation":196,"Ancient Tea Set":84,"Smiling Mask":407,"Burning Blood":0,"Matryoshka":118,"WingedGreaves":26,"Chemical X":50,"Paper Frog":33,"Potion Belt":102,"Lee\u0027s Waffle":231,"Golden Idol":2,"Self Forming Clay":265,"Thread and Needle":154,"The Courier":15,"Omamori":27,"Frozen Egg 2":25,"MawBank":13,"Ornamental Fan":381,"Orrery":9,"Turnip":59,"Art of War":117,"Champion Belt":66,"Bottled Lightning":451,"Toy Ornithopter":181,"Ice Cream":80,"Calipers":80,"Gremlin Horn":39,"CeramicFish":33,"Vajra":140,"Sozu":306,"Lizard Tail":39,"Centennial Puzzle":39,"HornCleat":174,"DollysMirror":395,"Strawberry":124,"Toxic Egg 2":117,"Girya":50,"Happy Flower":80,"Dead Branch":88,"Oddly Smooth Stone":326,"Charon\u0027s Ashes":50,"Letter Opener":67,"War Paint":79,"Question Card":135,"Du-Vu Doll":149,"OrangePellets":19,"Bottled Flame":106,"Shuriken":0,"Bronze Scales":29,"Molten Egg 2":165,"Nloth\u0027s Gift":115,"Pocketwatch":172,"Meat on the Bone":216,"Darkstone Periapt":93,"SacredBark":219,"Black Blood":16,"Enchiridion":413,"Mango":141,"Juzu Bracelet":10,"Incense Burner":107,"Empty Cage":160,"PrismaticShard":327,"ClockworkSouvenir":0,"Nunchaku":42,"Dream Catcher":141,"TheAbacus":99,"Mummified Hand":50,"Gambling Chip":34,"Tiny Chest":92,"Red Mask":148,"Red Skull":32,"Runic Pyramid":41,"Orichalcum":17,"Odd Mushroom":28,"Medical Kit":421,"White Beast Statue":10,"Mercury Hourglass":69,"Peace Pipe":0,"Calling Bell":367,"Anchor":59,"Bag of Marbles":50,"Coffee Dripper":420,"Membership Card":0,"FossilizedHelix":129,"TungstenRod":193},{"Whetstone":235,"Ginger":445,"Bottled Tornado":578,"Boot":443,"Old Coin":20,"Blood Vial":254,"Sundial":607,"Fusion Hammer":434,"Kunai":11,"Runic Cube":1471,"Pear":468,"Blue Candle":470,"Eternal Feather":132,"Pen Nib":288,"Akabeko":1053,"SlaversCollar":194,"Runic Dome":314,"Bird Faced Urn":552,"MutagenicStrength":1449,"Mark of Pain":351,"StrikeDummy":240,"Unceasing Top":0,"Regal Pillow":630,"Lantern":2249,"Singing Bowl":443,"Torii":2056,"Magic Flower":1869,"StoneCalendar":388,"Bag of Preparation":876,"Ancient Tea Set":396,"Smiling Mask":2125,"Burning Blood":0,"Matryoshka":499,"WingedGreaves":139,"Chemical X":262,"Paper Frog":177,"Potion Belt":443,"Lee\u0027s Waffle":1104,"Golden Idol":11,"Self Forming Clay":1293,"Thread and Needle":621,"The Courier":70,"Omamori":150,"Frozen Egg 2":132,"MawBank":57,"Ornamental Fan":1932,"Orrery":48,"Turnip":301,"Art of War":496,"Champion Belt":329,"Bottled Lightning":2288,"Toy Ornithopter":757,"Ice Cream":388,"Calipers":388,"Gremlin Horn":203,"CeramicFish":177,"Vajra":586,"Sozu":1538,"Lizard Tail":203,"Centennial Puzzle":203,"HornCleat":729,"DollysMirror":2030,"Strawberry":538,"Toxic Egg 2":496,"Girya":262,"Happy Flower":388,"Dead Branch":406,"Oddly Smooth Stone":1624,"Charon\u0027s Ashes":262,"Letter Opener":332,"War Paint":381,"Question Card":574,"Du-Vu Doll":607,"OrangePellets":106,"Bottled Flame":448,"Shuriken":0,"Bronze Scales":164,"Molten Egg 2":671,"Nloth\u0027s Gift":488,"Pocketwatch":718,"Meat on the Bone":1028,"Darkstone Periapt":419,"SacredBark":1044,"Black Blood":80,"Enchiridion":2151,"Mango":587,"Juzu Bracelet":50,"Incense Burner":454,"Empty Cage":646,"PrismaticShard":1631,"ClockworkSouvenir":0,"Nunchaku":221,"Dream Catcher":587,"TheAbacus":436,"Mummified Hand":262,"Gambling Chip":183,"Tiny Chest":417,"Red Mask":605,"Red Skull":173,"Runic Pyramid":217,"Orichalcum":95,"Odd Mushroom":152,"Medical Kit":2161,"White Beast Statue":50,"Mercury Hourglass":341,"Peace Pipe":0,"Calling Bell":1869,"Anchor":301,"Bag of Marbles":262,"Coffee Dripper":2160,"Membership Card":0,"FossilizedHelix":552,"TungstenRod":854}],"TungstenRod":105,"Toy Ornithopter":5,"Meat on the Bone":48,"Runic Cube":[31]},"card_choices":[{"not_picked":["Body Slam","Sentinel","Sword Boomerang"],"picked":"SKIP","floor":1.0},{"not_picked":["Perfected Strike","Sever Soul","Pummel"],"picked":"SKIP","floor":4.0},{"not_picked":["Perfected Strike","Pommel Strike","Headbutt"],"picked":"SKIP","floor":5.0},{"not_picked":["Heavy Blade","Shockwave"],"picked":"Rampage","floor":7.0},{"not_picked":["Clash","Wild Strike"],"picked":"Whirlwind","floor":10.0},{"not_picked":["Clash","Metallicize","Immolate"],"picked":"SKIP","floor":13.0},{"not_picked":["Reckless Charge","Uppercut","Pummel"],"picked":"SKIP","floor":14.0},{"not_picked":["Flex","Body Slam"],"picked":"Shrug It Off+1","floor":18.0},{"not_picked":["Headbutt","Warcry","Pommel Strike+1"],"picked":"SKIP","floor":22.0},{"not_picked":["Perfected Strike","Burning Pact","Warcry"],"picked":"SKIP","floor":23},{"not_picked":["Sword Boomerang","Power Through"],"picked":"Double Tap","floor":28},{"not_picked":["Uppercut","Flex","Second Wind+1"],"picked":"Singing Bowl","floor":29},{"not_picked":["Sword Boomerang+1","Burning Pact","Rupture"],"picked":"Singing Bowl","floor":31},{"not_picked":["Reaper","Berserk"],"picked":"Double Tap","floor":33},{"not_picked":["True Grit+1","Flex+1","Ghostly Armor"],"picked":"Singing Bowl","floor":35},{"not_picked":["Dropkick+1","Armaments+1","Body Slam+1"],"picked":"Singing Bowl","floor":36},{"not_picked":["Armaments+1","Cleave","Fire Breathing+1"],"picked":"Singing Bowl","floor":37},{"not_picked":["Searing Blow","Power Through+1","Iron Wave+1"],"picked":"Singing Bowl","floor":39},{"not_picked":["Armaments","Perfected Strike"],"picked":"Berserk","floor":42},{"not_picked":["Body Slam","Sentinel+1","True Grit+1"],"picked":"Singing Bowl","floor":44},{"not_picked":["Havoc","Clash+1","Heavy Blade"],"picked":"Singing Bowl","floor":45},{"not_picked":["Havoc+1","Armaments+1","Iron Wave"],"picked":"Singing Bowl","floor":48},{"not_picked":["Feed","Hemokinesis+1"],"picked":"Flame Barrier+1","floor":54}],"player_experience":708397,"relics_obtained":[{"floor":7.0,"key":"Lizard Tail"},{"floor":9.0,"key":"Blue Candle"},{"floor":10.0,"key":"Bottled Flame"},{"floor":13.0,"key":"Meat on the Bone"},{"floor":23,"key":"Lantern"},{"floor":26,"key":"Singing Bowl"},{"floor":43,"key":"Bottled Lightning"},{"floor":45,"key":"Pen Nib"},{"floor":54,"key":"Toy Ornithopter"}],"event_choices":[{"cards_removed":["Strike_R"],"damage_healed":0.0,"max_hp_gain":0.0,"max_hp_loss":0.0,"gold_gain":0.0,"event_name":"Golden Wing","player_choice":"Card Removal","floor":2.0,"gold_loss":0.0,"damage_taken":7.0},{"cards_removed":["Strike_R"],"damage_healed":0.0,"max_hp_gain":0.0,"max_hp_loss":0.0,"gold_gain":0.0,"event_name":"Living Wall","player_choice":"Forget","floor":12.0,"gold_loss":0.0,"damage_taken":0.0},{"cards_removed":["Strike_R"],"damage_healed":0.0,"max_hp_gain":0.0,"max_hp_loss":0.0,"gold_gain":0.0,"event_name":"Beggar","player_choice":"Gave Gold","floor":19.0,"gold_loss":75.0,"damage_taken":0.0},{"damage_healed":0.0,"max_hp_gain":0.0,"max_hp_loss":0.0,"gold_gain":0.0,"event_name":"Vampires","player_choice":"Ignored","floor":20.0,"gold_loss":0.0,"damage_taken":0.0},{"cards_removed":["Defend_R"],"damage_healed":0.0,"max_hp_gain":0.0,"max_hp_loss":0.0,"gold_gain":0.0,"event_name":"Back to Basics","player_choice":"Elegance","floor":21.0,"gold_loss":0.0,"damage_taken":0.0},{"damage_healed":0,"gold_gain":0,"player_choice":"Inject Mutagens","damage_taken":0,"relics_obtained":["MutagenicStrength"],"max_hp_gain":0,"max_hp_loss":0,"event_name":"Drug Dealer","floor":25,"gold_loss":0},{"damage_healed":0,"gold_gain":0,"player_choice":"Max HP","damage_taken":0,"max_hp_gain":0,"max_hp_loss":5,"event_name":"Winding Halls","floor":47,"gold_loss":0}],"is_beta":false,"boss_relics":[{"not_picked":["Runic Pyramid","Cursed Key"],"picked":"Runic Cube"},{"not_picked":["Astrolabe","Sozu"],"picked":"SlaversCollar"}],"items_purged_floors":[0,24,38],"is_endless":false,"potions_floor_spawned":[4,5,7,16,18,29,31,35,37,44,48],"ascension_level":0}}