{"host":"cyiefo55v5hz1ih5","time":1608687799,"event":{"mods":["2.2 Compatiblity","AchievementEnabler","BaseMod","Downfall","GifTheSpireLib","Hubris","Minty Spire (QoL Compilation)","Replay The Spire","Robot Space Explorer","Spicy Shops","StSLib"],"gold_per_floor":[99,118,135,135,145,351,351,370,370,397,422,439,364,36,51,51,51],"floor_reached":16,"playtime":1142,"items_purged":["Regret"],"score":107,"play_id":"967ee160-dd1d-4acc-9133-ebd447c26067","local_time":"20201222204319","is_ascension_mode":true,"campfire_choices":[{"data":"champ:Taunt","floor":1,"key":"SMITH"},{"floor":13,"key":"REST"}],"circlet_count":0,"master_deck":["champ:Strike+1","champ:Strike","champ:Strike+1","champ:Strike","champ:Defend","champ:Defend","champ:Defend","champ:Defend+1","champ:Execute","champ:Taunt+1","ReplayTheSpireMod:Brewmster","champ:BerserkerStyle","champ:Shatter+1","champ:FaceSlap","champ:IronFortress","champ:ViciousMockery","champ:MurderStrike"],"relics":["champ:ChampionCrown","Replay:Mystery Machine","hubris:ToyBattleship","downfall:HeartBlessingBlue","Kunai"],"acts_visited":["Exordium"],"potions_floor_usage":[11,11,14,16,16],"damage_taken":[{"damage":8,"enemies":"Small Slimes","floor":2,"turns":4},{"damage":21,"enemies":"Jaw Worm","floor":3,"turns":4},{"damage":11,"enemies":"2 Louse","floor":5,"turns":3},{"damage":31,"enemies":"Exordium Wildlife","floor":8,"turns":5},{"damage":57,"enemies":"3 Sentries","floor":11,"turns":8},{"damage":14,"enemies":"2 Fungi Beasts","floor":12,"turns":3},{"damage":6,"enemies":"downfall:FleeingMerchant","floor":14,"turns":4},{"damage":8,"enemies":"Blue Slaver","floor":15,"turns":4},{"damage":42,"enemies":"downfall:Silent","floor":16,"turns":6}],"seed_played":"3303463095161821626","potions_obtained":[{"floor":5,"key":"Swift Potion"},{"floor":8,"key":"champ:OpenerPotion"},{"floor":15,"key":"Adrenaline Potion"}],"is_trial":false,"path_per_floor":["R","M","M","?","M","?","T","M","?","T","E","M","R","$","M","B"],"character_chosen":"THE_CHAMP","items_purchased":["Kunai"],"campfire_rested":1,"item_purchase_floors":[14],"current_hp_per_floor":[81,78,72,72,71,71,71,55,55,55,17,8,45,39,31,0,0],"gold":51,"neow_bonus":"RANDOM_COLORLESS_2","is_daily":false,"chose_seed":false,"campfire_upgraded":1,"win_rate":0.0,"timestamp":1608687799,"path_taken":["R","M","M","?","M","?","T","M","?","?","E","?","R","$","M","BOSS"],"items_purchased_type":["Relic"],"build_version":"2020-12-13","purchased_purges":1,"victory":false,"max_hp_per_floor":[81,81,81,81,81,81,81,81,81,81,81,81,91,91,91,91,91],"card_choices":[{"not_picked":["Magnetism","Midas Touch"],"picked":"ReplayTheSpireMod:Brewmster","floor":0},{"not_picked":["champ:Encircle","champ:ShieldSigil"],"picked":"champ:BerserkerStyle","floor":2},{"not_picked":["champ:CrookedStrike","champ:GladiatorsShout"],"picked":"champ:Shatter","floor":3},{"not_picked":["champ:Haymaker","champ:DefensiveStyle"],"picked":"champ:FaceSlap","floor":5},{"not_picked":["champ:FanOfKnives","champ:EnchantCrown"],"picked":"champ:IronFortress","floor":6},{"not_picked":["champ:Control","champ:FanOfKnives","champ:Haymaker"],"picked":"SKIP","floor":8},{"not_picked":["champ:PerfectedStrike","champ:Haymaker","champ:RapidStrikes"],"picked":"SKIP","floor":11},{"not_picked":["champ:DeathBlow","champ:CrookedStrike"],"picked":"champ:ViciousMockery","floor":12},{"not_picked":["champ:Circumvent","champ:FanOfKnives","champ:Control"],"picked":"SKIP","floor":14},{"not_picked":["champ:BladeFlurry","champ:FocusedBerserking"],"picked":"champ:MurderStrike","floor":15}],"player_experience":799773,"relics_obtained":[{"floor":10,"key":"Replay:Mystery Machine"},{"floor":11,"key":"hubris:ToyBattleship"}],"event_choices":[],"is_beta":false,"boss_relics":[],"items_purged_floors":[14],"is_endless":false,"potions_floor_spawned":[5,8,12,15],"killed_by":"downfall:Silent","ascension_level":1}}