{"host":"vumwfieg2b2mnrfl","time":1608751443,"event":{"mods":["AchievementEnabler","BaseMod","Minty Spire (QoL Compilation)","Rare Cards Sparkle","Relic Stats"],"gold_per_floor":[113,129,140,140,153,153,172,206,206,206,206,136,150,167,167,264,264,277,292,292,292,327,327,358,358,358,372,275,295,295,295,295],"floor_reached":31,"playtime":957,"items_purged":[],"score":257,"play_id":"0b8f9289-f3e3-4739-a78f-e08a7322e4a0","local_time":"20201223132403","is_ascension_mode":false,"campfire_choices":[{"data":"Armaments","floor":6.0,"key":"SMITH"},{"data":"Bash","floor":11,"key":"SMITH"},{"data":"Clothesline","floor":15,"key":"SMITH"},{"floor":23,"key":"REST"},{"floor":25,"key":"REST"}],"circlet_count":0,"master_deck":["Strike_R","Strike_R","Strike_R","Strike_R","Defend_R","Defend_R","Defend_R","Defend_R","Bash+1","Inflame","Clothesline+1","Shrug It Off","Armaments+1","Battle Trance","Anger","Rampage","Battle Trance","Shrug It Off","Barricade","Uppercut","Spot Weakness","Cleave"],"relics":["Cursed Key"],"acts_visited":["Exordium","TheCity"],"potions_floor_usage":[22,24,31],"damage_taken":[{"damage":0.0,"enemies":"Small Slimes","floor":1.0,"turns":3.0},{"damage":0.0,"enemies":"Cultist","floor":2.0,"turns":2.0},{"damage":11.0,"enemies":"Jaw Worm","floor":3.0,"turns":2.0},{"damage":3.0,"enemies":"Large Slime","floor":5.0,"turns":6.0},{"damage":2.0,"enemies":"Blue Slaver","floor":7.0,"turns":3.0},{"damage":13.0,"enemies":"Lagavulin","floor":8.0,"turns":6.0},{"damage":0,"enemies":"Looter","floor":13,"turns":2},{"damage":2,"enemies":"Exordium Wildlife","floor":14,"turns":3},{"damage":13,"enemies":"Slime Boss","floor":16,"turns":10},{"damage":6,"enemies":"2 Thieves","floor":18,"turns":4},{"damage":0,"enemies":"Chosen","floor":19,"turns":4},{"damage":33,"enemies":"Masked Bandits","floor":22,"turns":6},{"damage":26,"enemies":"Gremlin Leader","floor":24,"turns":9},{"damage":27,"enemies":"3 Cultists","floor":27,"turns":5},{"damage":26,"enemies":"Shelled Parasite and Fungi","floor":29,"turns":6},{"damage":46,"enemies":"Sentry and Sphere","floor":31,"turns":4}],"seed_played":"4979907049125723475","potions_obtained":[{"floor":1.0,"key":"EssenceOfSteel"},{"floor":7.0,"key":"BlessingOfTheForge"},{"floor":8,"key":"LiquidBronze"},{"floor":19,"key":"Energy Potion"},{"floor":24,"key":"ElixirPotion"},{"floor":27,"key":"Explosive Potion"}],"is_trial":false,"path_per_floor":["M","M","M","?","M","R","M","E","T","?","R","$","M","M","R","B",null,"M","M","?","?","?","R","E","R","T","M","$","M","?","M"],"character_chosen":"IRONCLAD","items_purchased":["Rampage","FairyPotion"],"campfire_rested":2,"item_purchase_floors":[12,28],"current_hp_per_floor":[80,80,69,69,66,66,64,51,51,51,51,51,51,49,49,36,80,74,74,74,74,41,65,39,63,63,36,36,10,10,0,0],"gold":295,"neow_bonus":"BOSS_RELIC","is_daily":false,"chose_seed":false,"campfire_upgraded":3,"win_rate":0.0,"timestamp":1608751443,"path_taken":["M","M","M","?","M","R","?","E","T","?","R","$","M","M","R","BOSS","M","M","?","?","?","R","E","R","T","M","$","?","?","M"],"items_purchased_type":["Card","Potion"],"build_version":"2020-12-22","purchased_purges":0,"victory":false,"max_hp_per_floor":[80,80,80,80,80,80,80,80,80,80,80,80,80,80,80,80,80,80,80,80,80,80,80,80,80,80,80,80,80,80,80,80],"relic_stats":{"counters":[16,75],"Cursed Key":0,"obtain_stats":[{"Cursed Key":0,"Burning Blood":0},{"Cursed Key":0,"Burning Blood":0},{"Cursed Key":0,"Burning Blood":0}]},"card_choices":[{"not_picked":["Burning Pact","Twin Strike"],"picked":"Inflame","floor":1.0},{"not_picked":["True Grit","Armaments"],"picked":"Clothesline","floor":2.0},{"not_picked":["Shockwave","Second Wind"],"picked":"Shrug It Off","floor":3.0},{"not_picked":["Havoc","True Grit"],"picked":"Armaments","floor":5.0},{"not_picked":["Cleave","Flex"],"picked":"Battle Trance","floor":7.0},{"not_picked":["Combust","Twin Strike"],"picked":"Anger","floor":8},{"not_picked":["Wild Strike","Pummel"],"picked":"Battle Trance","floor":13},{"not_picked":["Pummel","Warcry"],"picked":"Shrug It Off","floor":14},{"not_picked":["Double Tap","Bludgeon"],"picked":"Barricade","floor":16},{"not_picked":["Power Through+1","Disarm"],"picked":"Uppercut","floor":18},{"not_picked":["Dark Embrace+1","Searing Blow"],"picked":"Spot Weakness","floor":19},{"not_picked":["Disarm","Wild Strike"],"picked":"Cleave","floor":24},{"not_picked":["Sword Boomerang","Thunderclap","True Grit"],"picked":"SKIP","floor":27},{"not_picked":["Bloodletting","True Grit","Anger+1"],"picked":"SKIP","floor":29}],"player_experience":299140,"relics_obtained":[],"event_choices":[{"cards_removed":["Strike_R"],"damage_healed":0.0,"max_hp_gain":0.0,"max_hp_loss":0.0,"gold_gain":0.0,"event_name":"Purifier","player_choice":"Purged","floor":4.0,"gold_loss":0.0,"damage_taken":0.0},{"damage_healed":0,"gold_gain":0,"player_choice":"Fled","damage_taken":0,"max_hp_gain":0,"max_hp_loss":0,"event_name":"Scrap Ooze","floor":10,"gold_loss":0},{"damage_healed":0,"gold_gain":0,"player_choice":"Ignored","damage_taken":0,"max_hp_gain":0,"max_hp_loss":0,"event_name":"Cursed Tome","floor":20,"gold_loss":0},{"damage_healed":0,"gold_gain":0,"player_choice":"Fought Bandits","damage_taken":0,"max_hp_gain":0,"max_hp_loss":0,"event_name":"Masked Bandits","floor":22,"gold_loss":0},{"damage_healed":0,"gold_gain":0,"player_choice":"Ignored","damage_taken":0,"max_hp_gain":0,"max_hp_loss":0,"event_name":"Vampires","floor":30,"gold_loss":0}],"is_beta":false,"boss_relics":[{"not_picked":["Mark of Pain","Tiny House","Busted Crown"]}],"items_purged_floors":[],"is_endless":false,"potions_floor_spawned":[1,7,8,19,24,27],"killed_by":"Sentry and Sphere","ascension_level":0}}