{"host":"7uty67eufarcrkdl","time":1608702043,"event":{"mods":["AchievementEnabler","Act Like it!","BaseMod","Bestiary","Better Altar","Better Match","Better Note","Better Sensory Stone","Better Skull","Better Third Choice","Better Vampires","BetterRewards","Block Reminder","Challenge The Spire","Clawfect","Colored Map","Colored Powertips","DeckTracker","Defuse TimeMaze Blight","Displayed Cursed Tome","Downfall","Ekko","Hubris","Infinite Spire","Minty Spire (QoL Compilation)","MonsterHotkey","Permanent Neow","Rare Cards Sparkle","Relic Stats","Replay The Spire","Shop Mod","StSLib","The Blue Laboratory","Thieving Mod","Transform Curses","Uncapped","Wandering Minibosses"],"gold_per_floor":[112,112,112,122,222,222,239,239,239,239,273,18,32,64,64,162,162,176,176,176,194,211,211,60,60,87,105,133,133,151,151,151],"floor_reached":31,"playtime":1129,"items_purged":["Defend_B","Regret"],"score":369,"play_id":"16997064-fd36-4ef1-ae5f-84a181ccdfaf","local_time":"20201222224043","is_ascension_mode":true,"campfire_choices":[{"data":"Gash","floor":6,"key":"SMITH"},{"data":"Redo","floor":8,"key":"SMITH"},{"data":"Gash","floor":15,"key":"SMITH"},{"floor":23,"key":"REST"},{"floor":29,"key":"REST"},{"data":"Clawfect:ScrapingClaw+1","floor":29,"key":"PURGE"}],"circlet_count":0,"master_deck":["Gash+1","Gash+1","Gash+1","Gash+1","Gash+1","Defend_B","Defend_B","Defend_B","Defend_B","Deep Breath","Clawfect:ClawLightning","Self Repair","Gash","Redo+1","Clawfect:Clawter","Crescendo","EmptyFist","ReplayRNGCard","Consume","Defragment","Conserve Battery","Clawfect:ClawCell","CurseOfTheBell","Panic Button"],"relics":["Replay:M_SmolderingBlood","Guide Book","hubris:BottledRain","infinitespire:Magic Flask","Orichalcum","Bird Faced Urn","hubris:EmptyBottle","hubris:ToyBattleship","hubris:Towel","Carrot","infinitespire:Cubic Diamond","Oddly Smooth Stone","Bronze Scales","Replay:PocketPolymizer","hubris:HollowSoul","MutagenicStrength","Runic Capacitor","hubris:RGBLights","Calling Bell","Nunchaku","Onion Ring","Peace Pipe","Whetstone","Gremlin Food"],"acts_visited":["Exordium","TheCity"],"potions_floor_usage":[1,1,13,14,14,18,18,22,22,28,28,28,31],"damage_taken":[{"damage":12,"enemies":"Jaw Worm","floor":1,"turns":4},{"damage":7,"enemies":"Small Slimes","floor":4,"turns":4},{"damage":3,"enemies":"Cultist","floor":7,"turns":3},{"damage":13,"enemies":"Lagavulin","floor":11,"turns":5},{"damage":0,"enemies":"Looter","floor":13,"turns":1},{"damage":15,"enemies":"Gremlin Nob","floor":14,"turns":5},{"damage":0,"enemies":"Slime Boss","floor":16,"turns":4},{"damage":28,"enemies":"3 Byrds","floor":18,"turns":4},{"damage":20,"enemies":"Shell Parasite","floor":21,"turns":5},{"damage":30,"enemies":"Chosen and Byrds","floor":22,"turns":4},{"damage":0,"enemies":"Snecko","floor":27,"turns":1},{"damage":45,"enemies":"Book of Stabbing","floor":28,"turns":4},{"damage":0,"enemies":"Sentry and Sphere","floor":30,"turns":3},{"damage":17,"enemies":"Gremlin Leader","floor":31,"turns":2}],"seed_played":"4779280239088562240","potions_obtained":[{"floor":7,"key":"SmokeBomb"},{"floor":13,"key":"blueLaboratory:ImpenetrablePotion"},{"floor":14,"key":"blueLaboratory:BubblePotion"},{"floor":21,"key":"Toxic Potion"},{"floor":22,"key":"SkillPotion"}],"is_trial":false,"path_per_floor":["M","?","?","M","?","R","M","R","T","?","E","$","M","E","R","B",null,"M","?","?","M","M","R","$","AVR","T","M","E","R","M","E"],"character_chosen":"DEFECT","items_purchased":["Guide Book","hubris:BottledRain","Clawfect:ClawLightning","FIFO Queue","Orichalcum","Bird Faced Urn","hubris:EmptyBottle","Self Repair","blueLaboratory:LouseDecoction","Ancient Potion","Energy Potion","Bronze Scales","Runic Capacitor"],"campfire_rested":2,"item_purchase_floors":[0,0,0,0,0,0,0,0,0,0,0,12,24],"current_hp_per_floor":[72,72,72,74,74,74,75,75,75,75,71,71,71,65,65,75,75,58,58,58,40,21,43,43,43,43,43,9,31,40,0,0],"gold":151,"neow_bonus":"","is_daily":false,"chose_seed":false,"campfire_upgraded":3,"win_rate":0.0,"timestamp":1608702043,"path_taken":["M","?","?","M","?","R","?","R","T","?","E","$","M","E","R","BOSS","M","?","?","M","M","R","?","AVR","T","M","E","R","M","E"],"items_purchased_type":["Relic","Relic","Card","Card","Relic","Relic","Relic","Card","Potion","Potion","Potion","Relic","Relic"],"build_version":"2020-12-22","purchased_purges":2,"victory":false,"max_hp_per_floor":[75,75,75,75,75,75,75,75,75,75,75,75,75,75,75,75,75,75,75,75,75,75,75,75,75,75,75,75,75,75,75,75],"relic_stats":{"Peace Pipe":15,"Nunchaku":[41],"counters":[177,415],"Bird Faced Urn":[31],"Bronze Scales":[353],"Whetstone":["Clawfect:ScrapingClaw","Gash"],"Orichalcum":[174],"obtain_stats":[{"hubris:BallOfYels":64,"infinitespire:BottledMercury":108,"Golden Egg":257,"infinitespire:Cubic Diamond":215,"Whetstone":44,"Ginger":97,"hubris:MysteriousPyramids":34,"Bottled Tornado":95,"Boot":216,"Old Coin":65,"Replay:Wanted Poster":55,"Blood Vial":182,"Replay:Ringing Soul":98,"MealTicket":8,"Replay:Wax Seal":216,"hubris:RGBLights":287,"hubris:TinFlute":317,"hubris:MobiusCoin":301,"hubris:SphereOfDissonance":236,"Eternal Feather":69,"ReplayTheSpireMod:SealedPack":55,"Pen Nib":267,"Replay:Ancient Bell":174,"infinitespire:Magic Flask":0,"Cables":270,"Elementarium:ElementariumTrophy":88,"infinitespire:Broken Mirror":304,"MutagenicStrength":238,"Bird Faced Urn":391,"CultistMask":382,"hubris:TenFootPole":82,"Abe\u0027s Treasure":55,"infinitespire:PuzzleCube":115,"Solar Panel":174,"Carrot":11,"Lantern":65,"Regal Pillow":168,"Magic Flower":272,"GremlinMask":60,"Blue Doll":113,"StoneCalendar":417,"Bag of Preparation":52,"hubris:EmptyBottle":227,"Ancient Tea Set":101,"Cursed Key":194,"Pet Ghost":178,"Replay:Rubber Ducky":220,"hubris:Backtick":191,"infinitespire:Bottled Soul":256,"Replay:M_SmolderingBlood":10,"hubris:ScarierMask":55,"Toolbox":74,"WingedGreaves":285,"hubris:FunFungus":387,"Replay:Bottled Eggs":12,"hubris:GlazedTorus":348,"Potion Belt":2,"Golden Idol":57,"hubris:64BitClover":231,"Thread and Needle":27,"PreservedInsect":101,"Geode":46,"infinitespire:Lucky Rock":129,"infinitespire:CheckeredPen":257,"hubris:Towel":9,"Frozen Egg 2":47,"MawBank":76,"Replay:Arrowhead":118,"Nuclear Battery":123,"Busted Crown":225,"hubris:Spice":308,"Ornamental Fan":372,"Ring of Misfortune":15,"Orrery":99,"Durian":360,"Garlic":417,"Bottled Lightning":191,"ReplayTheSpireMod:Lightbulb":271,"Toy Ornithopter":163,"infinitespire:Freezer":110,"infinitespire:Midas Blood":220,"hubris:BottledRain":273,"Ice Cream":174,"hubris:CrystalStatue":321,"Gremlin Horn":10,"Vajra":129,"infinitespire:BlackEgg":362,"Runic Capacitor":52,"hubris:TerracottaHorce":72,"Centennial Puzzle":168,"HornCleat":63,"infinitespire:SolderingIron":239,"FaceOfCleric":218,"Strawberry":48,"Prayer Wheel":20,"Philosopher\u0027s Stone":106,"Iron Hammer":200,"Toxic Egg 2":273,"hubris:Teleporter":373,"Ring of Hypnosis":15,"Happy Flower":50,"hubris:SoftwareUpdate":301,"Replay:Grab Bag":55,"Astrolabe":157,"Oddly Smooth Stone":28,"Ring of Chaos":63,"hubris:HollowSoul":140,"Replay:Kaleidoscope":46,"War Paint":184,"Question Card":44,"hubris:Zylophone":231,"Replay:Baseball":16,"Bottled Flame":82,"ReplayTheSpireMod:Shallot":197,"Shuriken":288,"Bronze Scales":166,"Simple Rune":86,"hubris:PeanutButter":119,"Onion Ring":132,"Molten Egg 2":288,"infinitespire:EmpoweringShard":33,"Black Star":36,"hubris:ToyBattleship":109,"Grinning Jar":137,"Symbiotic Virus":253,"Meat on the Bone":390,"ReplayFunnel":95,"Darkstone Periapt":136,"Iron Core":215,"Replay:PocketPolymizer":14,"Mango":97,"Juzu Bracelet":69,"hubris:SlimyHat":99,"Incense Burner":303,"Replay:Mystery Machine":30,"ClockworkSouvenir":66,"SsserpentHead":316,"Replay:Bandana":25,"Nunchaku":116,"Dream Catcher":149,"hubris:Icosahedron":125,"Chameleon Ring":336,"Mummified Hand":239,"Pantograph":119,"Red Mask":240,"Replay:Bottled Snecko":183,"Replay:Antivirus Software":118,"Cracked Core":0,"Gremlin Food":314,"hubris:DisguiseKit":66,"infinitespire:CursedDice":308,"Guide Book":0,"Replay:WaspNest":197,"infinitespire:FocusingShard":285,"hubris:MedicalManual":353,"Orichalcum":174,"Odd Mushroom":370,"White Beast Statue":355,"Mercury Hourglass":291,"Peace Pipe":113,"Calling Bell":25,"Strange Spoon":119,"DataDisk":81,"Anchor":217,"infinitespire:WardingShard":163,"infinitespire:Satchel":267,"Bag of Marbles":136,"Coffee Dripper":261,"TungstenRod":103,"hubris:OldNail":170},{"hubris:BallOfYels":27,"infinitespire:BottledMercury":45,"Golden Egg":105,"infinitespire:Cubic Diamond":88,"Whetstone":20,"Ginger":41,"hubris:MysteriousPyramids":14,"Bottled Tornado":40,"Boot":89,"Old Coin":28,"Replay:Wanted Poster":24,"Blood Vial":74,"Replay:Ringing Soul":41,"MealTicket":2,"Replay:Wax Seal":89,"hubris:RGBLights":114,"hubris:TinFlute":125,"hubris:MobiusCoin":120,"hubris:SphereOfDissonance":95,"Eternal Feather":29,"ReplayTheSpireMod:SealedPack":24,"Pen Nib":109,"Replay:Ancient Bell":72,"infinitespire:Magic Flask":163,"Cables":109,"Elementarium:ElementariumTrophy":35,"infinitespire:Broken Mirror":121,"MutagenicStrength":95,"Bird Faced Urn":155,"CultistMask":150,"hubris:TenFootPole":34,"Abe\u0027s Treasure":24,"infinitespire:PuzzleCube":48,"Solar Panel":72,"Carrot":3,"Lantern":28,"Regal Pillow":69,"Magic Flower":109,"GremlinMask":26,"Blue Doll":47,"StoneCalendar":162,"Bag of Preparation":23,"hubris:EmptyBottle":93,"Ancient Tea Set":42,"Cursed Key":81,"Pet Ghost":73,"Replay:Rubber Ducky":90,"hubris:Backtick":79,"infinitespire:Bottled Soul":104,"Replay:M_SmolderingBlood":166,"hubris:ScarierMask":24,"Toolbox":31,"WingedGreaves":114,"hubris:FunFungus":154,"Replay:Bottled Eggs":4,"hubris:GlazedTorus":137,"Potion Belt":1,"Golden Idol":25,"hubris:64BitClover":95,"Thread and Needle":11,"PreservedInsect":42,"Geode":22,"infinitespire:Lucky Rock":55,"infinitespire:CheckeredPen":105,"hubris:Towel":2,"Frozen Egg 2":22,"MawBank":32,"Replay:Arrowhead":49,"Nuclear Battery":51,"Busted Crown":92,"hubris:Spice":122,"Ornamental Fan":147,"Ring of Misfortune":5,"Orrery":41,"Durian":143,"Garlic":162,"Bottled Lightning":79,"ReplayTheSpireMod:Lightbulb":109,"Toy Ornithopter":68,"infinitespire:Freezer":45,"infinitespire:Midas Blood":90,"hubris:BottledRain":110,"Ice Cream":72,"hubris:CrystalStatue":126,"Gremlin Horn":3,"Vajra":55,"infinitespire:BlackEgg":144,"Runic Capacitor":23,"hubris:TerracottaHorce":30,"Centennial Puzzle":69,"HornCleat":27,"infinitespire:SolderingIron":96,"FaceOfCleric":89,"Strawberry":22,"Prayer Wheel":8,"Philosopher\u0027s Stone":44,"Iron Hammer":84,"Toxic Egg 2":110,"hubris:Teleporter":147,"Ring of Hypnosis":5,"Happy Flower":23,"hubris:SoftwareUpdate":120,"Replay:Grab Bag":24,"Astrolabe":64,"Oddly Smooth Stone":11,"Ring of Chaos":27,"hubris:HollowSoul":59,"Replay:Kaleidoscope":22,"War Paint":75,"Question Card":20,"hubris:Zylophone":95,"Replay:Baseball":6,"Bottled Flame":34,"ReplayTheSpireMod:Shallot":83,"Shuriken":115,"Bronze Scales":68,"Simple Rune":34,"hubris:PeanutButter":49,"Onion Ring":56,"Molten Egg 2":115,"infinitespire:EmpoweringShard":14,"Black Star":15,"hubris:ToyBattleship":45,"Grinning Jar":58,"Symbiotic Virus":102,"Meat on the Bone":154,"ReplayFunnel":40,"Darkstone Periapt":58,"Iron Core":88,"Replay:PocketPolymizer":169,"Mango":41,"Juzu Bracelet":29,"hubris:SlimyHat":41,"Incense Burner":121,"Replay:Mystery Machine":12,"ClockworkSouvenir":28,"SsserpentHead":125,"Replay:Bandana":10,"Nunchaku":48,"Dream Catcher":62,"hubris:Icosahedron":52,"Chameleon Ring":131,"Mummified Hand":96,"Pantograph":49,"Red Mask":97,"Replay:Bottled Snecko":74,"Replay:Antivirus Software":49,"Cracked Core":0,"Gremlin Food":125,"hubris:DisguiseKit":28,"infinitespire:CursedDice":122,"Guide Book":163,"Replay:WaspNest":83,"infinitespire:FocusingShard":114,"hubris:MedicalManual":140,"Orichalcum":72,"Odd Mushroom":147,"White Beast Statue":140,"Mercury Hourglass":116,"Peace Pipe":47,"Calling Bell":173,"Strange Spoon":49,"DataDisk":33,"Anchor":89,"infinitespire:WardingShard":68,"infinitespire:Satchel":109,"Bag of Marbles":58,"Coffee Dripper":106,"TungstenRod":43,"hubris:OldNail":70},{"hubris:BallOfYels":121,"infinitespire:BottledMercury":161,"Golden Egg":279,"infinitespire:Cubic Diamond":250,"Whetstone":93,"Ginger":153,"hubris:MysteriousPyramids":61,"Bottled Tornado":150,"Boot":251,"Old Coin":122,"Replay:Wanted Poster":118,"Blood Vial":213,"Replay:Ringing Soul":153,"MealTicket":9,"Replay:Wax Seal":251,"hubris:RGBLights":289,"hubris:TinFlute":302,"hubris:MobiusCoin":297,"hubris:SphereOfDissonance":257,"Eternal Feather":123,"ReplayTheSpireMod:SealedPack":118,"Pen Nib":283,"Replay:Ancient Bell":209,"infinitespire:Magic Flask":363,"Cables":283,"Elementarium:ElementariumTrophy":139,"infinitespire:Broken Mirror":298,"MutagenicStrength":257,"Bird Faced Urn":335,"CultistMask":330,"hubris:TenFootPole":135,"Abe\u0027s Treasure":118,"infinitespire:PuzzleCube":165,"Solar Panel":209,"Carrot":16,"Lantern":122,"Regal Pillow":201,"Magic Flower":283,"GremlinMask":120,"Blue Doll":163,"StoneCalendar":350,"Bag of Preparation":109,"hubris:EmptyBottle":255,"Ancient Tea Set":154,"Cursed Key":227,"Pet Ghost":212,"Replay:Rubber Ducky":252,"hubris:Backtick":225,"infinitespire:Bottled Soul":278,"Replay:M_SmolderingBlood":374,"hubris:ScarierMask":118,"Toolbox":131,"WingedGreaves":289,"hubris:FunFungus":334,"Replay:Bottled Eggs":21,"hubris:GlazedTorus":315,"Potion Belt":4,"Golden Idol":119,"hubris:64BitClover":257,"Thread and Needle":47,"PreservedInsect":154,"Geode":103,"infinitespire:Lucky Rock":179,"infinitespire:CheckeredPen":279,"hubris:Towel":9,"Frozen Egg 2":103,"MawBank":132,"Replay:Arrowhead":169,"Nuclear Battery":173,"Busted Crown":254,"hubris:Spice":299,"Ornamental Fan":327,"Ring of Misfortune":23,"Orrery":153,"Durian":321,"Garlic":350,"Bottled Lightning":225,"ReplayTheSpireMod:Lightbulb":283,"Toy Ornithopter":200,"infinitespire:Freezer":161,"infinitespire:Midas Blood":252,"hubris:BottledRain":285,"Ice Cream":209,"hubris:CrystalStatue":303,"Gremlin Horn":16,"Vajra":179,"infinitespire:BlackEgg":324,"Runic Capacitor":109,"hubris:TerracottaHorce":128,"Centennial Puzzle":201,"HornCleat":121,"infinitespire:SolderingIron":258,"FaceOfCleric":251,"Strawberry":103,"Prayer Wheel":35,"Philosopher\u0027s Stone":160,"Iron Hammer":233,"Toxic Egg 2":285,"hubris:Teleporter":327,"Ring of Hypnosis":23,"Happy Flower":109,"hubris:SoftwareUpdate":297,"Replay:Grab Bag":118,"Astrolabe":192,"Oddly Smooth Stone":47,"Ring of Chaos":121,"hubris:HollowSoul":184,"Replay:Kaleidoscope":103,"War Paint":214,"Question Card":93,"hubris:Zylophone":257,"Replay:Baseball":26,"Bottled Flame":135,"ReplayTheSpireMod:Shallot":232,"Shuriken":290,"Bronze Scales":200,"Simple Rune":135,"hubris:PeanutButter":169,"Onion Ring":180,"Molten Egg 2":290,"infinitespire:EmpoweringShard":61,"Black Star":70,"hubris:ToyBattleship":161,"Grinning Jar":183,"Symbiotic Virus":276,"Meat on the Bone":334,"ReplayFunnel":150,"Darkstone Periapt":183,"Iron Core":250,"Replay:PocketPolymizer":385,"Mango":153,"Juzu Bracelet":123,"hubris:SlimyHat":153,"Incense Burner":298,"Replay:Mystery Machine":51,"ClockworkSouvenir":122,"SsserpentHead":302,"Replay:Bandana":46,"Nunchaku":165,"Dream Catcher":188,"hubris:Icosahedron":174,"Chameleon Ring":309,"Mummified Hand":258,"Pantograph":169,"Red Mask":260,"Replay:Bottled Snecko":213,"Replay:Antivirus Software":169,"Cracked Core":0,"Gremlin Food":302,"hubris:DisguiseKit":122,"infinitespire:CursedDice":299,"Guide Book":363,"Replay:WaspNest":232,"infinitespire:FocusingShard":289,"hubris:MedicalManual":318,"Orichalcum":209,"Odd Mushroom":327,"White Beast Statue":318,"Mercury Hourglass":291,"Peace Pipe":163,"Calling Bell":402,"Strange Spoon":169,"DataDisk":134,"Anchor":251,"infinitespire:WardingShard":200,"infinitespire:Satchel":283,"Bag of Marbles":183,"Coffee Dripper":280,"TungstenRod":155,"hubris:OldNail":202}]},"card_choices":[{"not_picked":["Heatsinks","Stack"],"picked":"Gash","floor":1},{"not_picked":["Panic Button","Clawfect:Clawline"],"picked":"Redo","floor":4},{"not_picked":["Clawfect:ScrapingClaw","Clawfect:ClawCell"],"picked":"Clawfect:Clawter","floor":7},{"not_picked":["Fission","Storm"],"picked":"Crescendo","floor":11},{"not_picked":["FIFO Queue","ReplayTheSpireMod:Repulse"],"picked":"EmptyFist","floor":13},{"not_picked":["Hologram","ReplayTheSpireMod:Reroute Power"],"picked":"Clawfect:ScrapingClaw","floor":14},{"not_picked":["Amplify","Thunder Strike"],"picked":"ReplayRNGCard","floor":16},{"not_picked":["Skim","Reprogram"],"picked":"Consume","floor":18},{"not_picked":["BasicCrystalCard","Rebound"],"picked":"Defragment","floor":21},{"not_picked":["BasicCrystalCard","Sunder+1"],"picked":"Conserve Battery","floor":22},{"not_picked":["ReplayTheSpireMod:GoodbyeWorld","Undo","BasicCrystalCard+1"],"picked":"SKIP","floor":27},{"not_picked":["Redo","Clawfect:ClawForTheEyes"],"picked":"Panic Button","floor":28},{"not_picked":["Clawfect:ClawingBeam","Hello World","Conserve Battery"],"picked":"SKIP","floor":30}],"player_experience":164584,"relics_obtained":[{"floor":9,"key":"Carrot"},{"floor":11,"key":"Oddly Smooth Stone"},{"floor":14,"key":"Replay:PocketPolymizer"},{"floor":25,"key":"Nunchaku"},{"floor":25,"key":"Onion Ring"},{"floor":25,"key":"Peace Pipe"},{"floor":26,"key":"Whetstone"},{"floor":28,"key":"Gremlin Food"}],"event_choices":[{"damage_healed":0,"gold_gain":0,"player_choice":"Box","damage_taken":0,"relics_obtained":["hubris:ToyBattleship"],"max_hp_gain":0,"max_hp_loss":0,"event_name":"Big Fish","floor":2,"gold_loss":0,"cards_obtained":["Regret"]},{"damage_healed":0,"gold_gain":100,"player_choice":"Pray","damage_taken":0,"max_hp_gain":0,"max_hp_loss":0,"event_name":"Golden Shrine","floor":5,"gold_loss":0},{"cards_removed":["Defend_B"],"damage_healed":0,"gold_gain":0,"player_choice":"Give","damage_taken":0,"max_hp_gain":0,"max_hp_loss":0,"event_name":"betterNote:BetterNote","floor":19,"gold_loss":0,"cards_obtained":["Leap"]},{"damage_healed":0,"gold_gain":0,"player_choice":"Inject Mutagens","damage_taken":0,"relics_obtained":["MutagenicStrength"],"max_hp_gain":0,"max_hp_loss":0,"event_name":"Drug Dealer","floor":20,"gold_loss":0}],"is_beta":false,"boss_relics":[{"not_picked":["Replay:Wanted Poster","Velvet Choker"],"picked":"hubris:HollowSoul"}],"items_purged_floors":[0,12],"is_endless":false,"potions_floor_spawned":[7,13,14,21,22],"killed_by":"Gremlin Leader","ascension_level":2}}