{"host":"ssbj2e5691x5ub3h","time":1608751342,"event":{"mods":["BaseMod","Duelist Mod","Minty Spire (QoL Compilation)","StSLib"],"gold_per_floor":[142,155,112,187,201,236,236,236,236,256,269,298,309,341,341,443,443,461,475,486,504,504,504,533,552,626,640,193,212,244,263,263,363,363,382,382,397,411,427,427,444,458,505,505,523,551,551,568,568,568],"floor_reached":51,"playtime":4173,"items_purged":[],"score":1249,"play_id":"da0b88ce-6ec3-4ca1-858a-3f0f4bf2d703","local_time":"20201223172222","is_ascension_mode":true,"campfire_choices":[{"data":"theDuelist:SwordDeepSeated","floor":7.0,"key":"SMITH"},{"floor":15,"key":"REST"},{"data":"theDuelist:SwordsConcealing","floor":23,"key":"SMITH"},{"data":"theDuelist:LightningBlade","floor":32,"key":"SMITH"},{"data":"theDuelist:InfernoFireBlast+1","floor":40,"key":"SMITH"},{"data":"theDuelist:LightningBlade+1","floor":44,"key":"SMITH"},{"floor":49,"key":"REST"}],"circlet_count":0,"master_deck":["theDuelist:MythicalBeast+1","theDuelist:InfernoFireBlast+2","theDuelist:FinalFlame","theDuelist:GridRod","theDuelist:WormApocalypse","theDuelist:Sparks","theDuelist:DarkFactory+1","theDuelist:SwordsRevealing","theDuelist:ChaosSeed+1","theDuelist:Electrowhip+1","theDuelist:GiantSoldier","theDuelist:SwordsConcealing+1","theDuelist:CastleWalls","theDuelist:LightningBlade+2","theDuelist:SwordDeepSeated+1","theDuelist:BeaverWarrior","theDuelist:BigKoala+1","theDuelist:BeaverWarrior","theDuelist:CastleWalls","theDuelist:AmuletAmbition","theDuelist:MagnumShield","theDuelist:GiantSoldier","theDuelist:FairyBox","theDuelist:Invigoration+1","theDuelist:YamiForm+1","theDuelist:SpellShatteringArrow+1"],"relics":["theDuelist:MillenniumPuzzle","theDuelist:CardPoolRelic","theDuelist:CardPoolBasicRelic","theDuelist:BoosterPackPoolRelic","theDuelist:CardPoolAddRelic","theDuelist:CardPoolMinusRelic","theDuelist:CardPoolSaveRelic","theDuelist:CardPoolOptionsRelic","theDuelist:NamelessPowerRelicA","Matryoshka","Vajra","theDuelist:MetronomeRelicD","Champion Belt","Du-Vu Doll","Velvet Choker","Enchiridion","Omamori","Mercury Hourglass","theDuelist:MillenniumPrayerbook","theDuelist:ResummonBranch","Anchor","Incense Burner","Sozu","theDuelist:WhiteBowlRelic","Snake Skull","theDuelist:DuelistOrichalcum"],"acts_visited":["Exordium","TheCity","TheBeyond"],"potions_floor_usage":[16,20,33,33],"damage_taken":[{"damage":0.0,"enemies":"Small Slimes","floor":1.0,"turns":3.0},{"damage":0.0,"enemies":"2 Louse","floor":2.0,"turns":2.0},{"damage":0.0,"enemies":"Cultist","floor":5.0,"turns":3.0},{"damage":0.0,"enemies":"Gremlin Nob","floor":6.0,"turns":2.0},{"damage":0.0,"enemies":"3 Louse","floor":10.0,"turns":2.0},{"damage":0.0,"enemies":"Exordium Thugs","floor":11.0,"turns":2.0},{"damage":3.0,"enemies":"3 Sentries","floor":12.0,"turns":3.0},{"damage":16.0,"enemies":"Exordium Wildlife","floor":13.0,"turns":3.0},{"damage":7.0,"enemies":"Lagavulin","floor":14.0,"turns":5.0},{"damage":0,"enemies":"Slime Boss","floor":16,"turns":5},{"damage":14,"enemies":"Spheric Guardian","floor":18,"turns":4},{"damage":0,"enemies":"Chosen","floor":19,"turns":3},{"damage":0,"enemies":"Centurion and Healer","floor":20,"turns":4},{"damage":0,"enemies":"Cultist and Chosen","floor":21,"turns":5},{"damage":0,"enemies":"theDuelist:KaibaA2","floor":24,"turns":3},{"damage":0,"enemies":"Snake Plant","floor":25,"turns":4},{"damage":0,"enemies":"3 Cultists","floor":27,"turns":3},{"damage":0,"enemies":"Centurion and Healer","floor":29,"turns":3},{"damage":0,"enemies":"Gremlin Leader","floor":30,"turns":3},{"damage":0,"enemies":"Sentry and Sphere","floor":31,"turns":3},{"damage":0,"enemies":"Automaton","floor":33,"turns":8},{"damage":0,"enemies":"3 Shapes","floor":35,"turns":3},{"damage":0,"enemies":"Orb Walker","floor":37,"turns":3},{"damage":0,"enemies":"Sphere and 2 Shapes","floor":38,"turns":3},{"damage":5,"enemies":"Writhing Mass","floor":39,"turns":5},{"damage":6,"enemies":"Maw","floor":41,"turns":4},{"damage":0,"enemies":"3 Darklings","floor":42,"turns":3},{"damage":3,"enemies":"4 Shapes","floor":45,"turns":5},{"damage":0,"enemies":"Giant Head","floor":46,"turns":7},{"damage":0,"enemies":"Jaw Worm Horde","floor":48,"turns":3},{"damage":0,"enemies":"Time Eater","floor":50,"turns":6}],"seed_played":"-1862166822779357496","potions_obtained":[{"floor":1.0,"key":"SneckoOil"},{"floor":11.0,"key":"PowerPotion"},{"floor":14,"key":"theDuelist:ElectricBrew"},{"floor":16,"key":"SpeedPotion"},{"floor":18,"key":"theDuelist:SealedPack"},{"floor":20,"key":"FairyPotion"}],"is_trial":false,"path_per_floor":["M","M","?","?","M","E","R","?","T","M","M","E","M","E","R","B",null,"M","M","M","M","?","R","E","M","T","M","$","M","E","M","R","B",null,"M","?","M","M","M","R","M","M","T","R","M","E","?","M","R","B",null],"character_chosen":"THE_DUELIST","items_purchased":["theDuelist:ResummonBranch","Anchor"],"campfire_rested":2,"item_purchase_floors":[28,28],"current_hp_per_floor":[88,88,88,77,77,77,77,77,77,77,77,74,58,51,77,77,85,71,71,71,71,55,55,55,55,55,55,55,55,55,55,55,57,57,57,51,51,51,46,46,40,40,40,40,37,37,37,37,54,54],"gold":568,"neow_bonus":"TEN_PERCENT_HP_BONUS","is_daily":false,"chose_seed":false,"campfire_upgraded":5,"win_rate":0.0,"timestamp":1608751342,"path_taken":["M","M","?","?","M","E","R","?","T","M","M","E","?","E","R","BOSS","M","M","M","M","?","R","E","M","T","M","$","M","E","M","R","BOSS","M","?","M","M","M","R","M","M","T","R","M","E","?","M","R","BOSS"],"items_purchased_type":["Relic","Relic"],"build_version":"2020-12-22","purchased_purges":0,"victory":true,"max_hp_per_floor":[88,88,88,88,88,88,88,88,88,88,88,88,88,88,88,85,85,82,79,76,73,73,73,70,67,67,64,64,61,58,55,55,57,57,57,57,57,57,57,57,57,57,57,57,57,57,57,57,57,57],"card_choices":[{"not_picked":["theDuelist:StarBlast","theDuelist:GiantTrunade","theDuelist:AfterGenocide","theDuelist:FeatherShot"],"picked":"theDuelist:LightningBlade","floor":1.0},{"not_picked":["theDuelist:WhiteHowling+1","theDuelist:ImperialOrder+1","theDuelist:YamiForm+1","theDuelist:GravityAxe+1"],"picked":"theDuelist:Electrowhip+1","floor":2.0},{"not_picked":["theDuelist:CoreBlaster","theDuelist:CombinationAttack","theDuelist:Invigoration","theDuelist:DoubleTool"],"picked":"theDuelist:SwordDeepSeated","floor":5.0},{"not_picked":["theDuelist:MeteorDestruction","theDuelist:CoreBlaster","theDuelist:ScrapFactory","theDuelist:Sangan"],"picked":"theDuelist:FairyBox","floor":6.0},{"not_picked":["theDuelist:MeteorDestruction","theDuelist:CoreBlaster","theDuelist:Invigoration","theDuelist:SpellShatteringArrow"],"picked":"theDuelist:MagnumShield","floor":10.0},{"not_picked":["theDuelist:MythicalBeast","theDuelist:FairyBox","theDuelist:ImperialOrder","theDuelist:CrossAttack"],"picked":"theDuelist:WormApocalypse","floor":11.0},{"not_picked":["theDuelist:SpiralSpearStrike+1","theDuelist:SparkBlaster+1","theDuelist:MagicalStone+1","theDuelist:BerserkerCrush+1"],"picked":"theDuelist:ChaosSeed+1","floor":12.0},{"not_picked":["theDuelist:FeatherShot","theDuelist:SolarWindJammer","theDuelist:KamionTimelord","theDuelist:PineappleBlast"],"picked":"theDuelist:AmuletAmbition","floor":13.0},{"not_picked":["theDuelist:SevenCompleted","theDuelist:LightLaser"],"picked":"theDuelist:SwordsConcealing","floor":14},{"not_picked":["theDuelist:KamionTimelord","theDuelist:AmuletAmbition","theDuelist:ForbiddenLance","theDuelist:YamiForm"],"picked":"theDuelist:GridRod","floor":16},{"not_picked":["theDuelist:AncientGearFist+1","theDuelist:FusionWeapon+1"],"picked":"theDuelist:MythicalBeast+1","floor":18},{"not_picked":["theDuelist:Mathematician","theDuelist:PineappleBlast","theDuelist:Wildfire+1"],"picked":"SKIP","floor":19},{"not_picked":["theDuelist:CombinationAttack+1","theDuelist:AfterTheStorm","theDuelist:WhiteMagicalHat","theDuelist:SpellShatteringArrow"],"picked":"theDuelist:DarkFactory+1","floor":20},{"not_picked":["theDuelist:SilentDoom","theDuelist:MagnumShield","theDuelist:ElectromagneticShield","theDuelist:GravityAxe+1","theDuelist:GravityBlaster"],"picked":"SKIP","floor":21},{"not_picked":["theDuelist:Mathematician+1","theDuelist:FeatherShot","theDuelist:PineappleBlast","theDuelist:SevenCompleted","theDuelist:SwordsConcealing"],"picked":"SKIP","floor":24},{"not_picked":["theDuelist:CombinationAttack","theDuelist:DoubleTool+1","theDuelist:AfterTheStorm","theDuelist:PowerKaishin","theDuelist:Downbeat"],"picked":"SKIP","floor":25},{"not_picked":["theDuelist:RainbowNeos","theDuelist:BigFire","theDuelist:CoreBlaster+1","theDuelist:SpellShatteringArrow","theDuelist:SangaEarth"],"picked":"SKIP","floor":27},{"not_picked":["theDuelist:AmuletAmbition+1","theDuelist:CombinationAttack+1","theDuelist:VenomShot+1","theDuelist:Wiretap"],"picked":"theDuelist:InfernoFireBlast+1","floor":29},{"not_picked":["theDuelist:BeaverWarrior+1","theDuelist:CastleWalls+1","theDuelist:Electrowhip+1","theDuelist:FairyBox","theDuelist:MagnumShield"],"picked":"SKIP","floor":30},{"not_picked":["theDuelist:LegendarySword","theDuelist:PreventRat+1","theDuelist:RainbowNeos+1","theDuelist:AncientGearFist","theDuelist:ChaosSeed"],"picked":"SKIP","floor":31},{"not_picked":["theDuelist:FeatherShot","theDuelist:SevenCompleted+1","theDuelist:SwordsConcealing","theDuelist:Wildfire"],"picked":"theDuelist:SwordsRevealing","floor":33},{"not_picked":["theDuelist:StarBlast+1","theDuelist:WhiteNinja+1","theDuelist:VenomShot","theDuelist:MiraculousDescent+1"],"picked":"theDuelist:BigKoala+1","floor":35},{"not_picked":["theDuelist:DoubleTool","theDuelist:Tuningware","theDuelist:CombinationAttack+1","theDuelist:LegendHeart"],"picked":"theDuelist:Invigoration+1","floor":37},{"not_picked":["theDuelist:KamionTimelord","theDuelist:ForbiddenLance+1","theDuelist:SwordsRevealing+1","theDuelist:Wildfire"],"picked":"theDuelist:YamiForm+1","floor":38},{"not_picked":["theDuelist:ElectromagneticShield+1","theDuelist:ImperialOrder+1","theDuelist:WhiteHowling+1","theDuelist:SwordsConcealing+1","theDuelist:YamiForm+1"],"picked":"SKIP","floor":39},{"not_picked":["theDuelist:CombinationAttack","theDuelist:CoreBlaster+1","theDuelist:DoubleTool","theDuelist:Hinotama+1","theDuelist:CrossAttack+1"],"picked":"SKIP","floor":41},{"not_picked":["theDuelist:AncientGearFist+1","theDuelist:ChaosSeed+2","theDuelist:DoubleTool+1","theDuelist:SparkBlaster+1","theDuelist:VenomShot+1"],"picked":"SKIP","floor":42},{"not_picked":["theDuelist:RainbowNeos","theDuelist:CombinationAttack","theDuelist:DoubleTool","theDuelist:MeteorDestruction+1","theDuelist:BreakDraw+1"],"picked":"SKIP","floor":45},{"not_picked":["theDuelist:FeatherShot","theDuelist:SilentDoom","theDuelist:Wildfire+2"],"picked":"SKIP","floor":46},{"not_picked":["theDuelist:DoubleTool+2","theDuelist:EgoBoost","theDuelist:FluteKuriboh","theDuelist:MeteorDestruction+1"],"picked":"theDuelist:SpellShatteringArrow+1","floor":48}],"player_experience":187590,"relics_obtained":[{"floor":6.0,"key":"Matryoshka"},{"floor":9.0,"key":"Vajra"},{"floor":9.0,"key":"theDuelist:MetronomeRelicD"},{"floor":12.0,"key":"Champion Belt"},{"floor":14,"key":"Du-Vu Doll"},{"floor":22,"key":"Enchiridion"},{"floor":24,"key":"Omamori"},{"floor":26,"key":"Mercury Hourglass"},{"floor":26,"key":"theDuelist:MillenniumPrayerbook"},{"floor":30,"key":"Incense Burner"},{"floor":43,"key":"Snake Skull"},{"floor":46,"key":"theDuelist:DuelistOrichalcum"}],"event_choices":[{"power_reward":2.0,"total_magic_score":29.0,"gold_gain":0.0,"duelist":true,"damage_taken":0.0,"relics_obtained":["theDuelist:NamelessPowerRelicA"],"points":8.0,"max_hp_gain":0.0,"max_hp_loss":0.0,"spent_points":{"magic":0.0,"greed":0.0,"war":0.0,"power":2.0,"hunger":2.0},"event_name":"Nameless Tomb","floor":3.0,"gold_loss":43.0,"cards_obtained":[]},{"power_reward":2.0,"total_magic_score":29.0,"gold_gain":0.0,"duelist":true,"damage_taken":0.0,"relics_obtained":["theDuelist:NamelessPowerRelicA"],"points":8.0,"max_hp_gain":0.0,"max_hp_loss":0.0,"spent_points":{"magic":0.0,"greed":0.0,"war":0.0,"power":2.0,"hunger":2.0},"event_name":"Nameless Tomb","floor":3.0,"gold_loss":43.0,"cards_obtained":[]},{"damage_healed":0.0,"max_hp_gain":0.0,"max_hp_loss":0.0,"gold_gain":75.0,"event_name":"World of Goop","player_choice":"Gather Gold","floor":4.0,"gold_loss":0.0,"damage_taken":11.0},{"cards_removed":["theDuelist:ScrapFactory"],"damage_healed":0.0,"max_hp_gain":0.0,"max_hp_loss":0.0,"gold_gain":0.0,"event_name":"Purifier","player_choice":"Purged","floor":8.0,"gold_loss":0.0,"damage_taken":0.0},{"damage_healed":0,"gold_gain":0,"player_choice":"Obtained Book","damage_taken":16,"max_hp_gain":0,"max_hp_loss":0,"event_name":"Cursed Tome","floor":22,"gold_loss":0},{"damage_healed":0,"gold_gain":0,"player_choice":"Dig - random Duelist relic","duelist":true,"damage_taken":0,"max_hp_gain":0,"max_hp_loss":0,"event_name":"Aknamkanon\u0027s Tomb","floor":36,"gold_loss":0},{"cards_removed":["theDuelist:Sparks"],"damage_healed":0,"gold_gain":0,"player_choice":"Removed Attack","damage_taken":0,"max_hp_gain":0,"max_hp_loss":0,"event_name":"Falling","floor":47,"gold_loss":0}],"is_beta":false,"boss_relics":[{"not_picked":["Pandora\u0027s Box","Empty Cage"],"picked":"Velvet Choker"},{"not_picked":["SacredBark","Fusion Hammer"],"picked":"Sozu"}],"items_purged_floors":[],"is_endless":false,"potions_floor_spawned":[1,11,14,16,18,20,21,31,37,41,42,46],"ascension_level":2}}