{"host":"951sez6ulsv0fw1i","time":1608751900,"event":{"mods":["2.2 Compatiblity","Aspiration","BaseMod","Better Third Choice","BetterRewards","CCEM","CapriCore","Conspire","Downfall","Googly Eyes","Hermit","Infinite Spire","JesterMod","Luminous","Mari Mod (Legacy)","Mari\u0027s V1 Patch","Marisa????????","Minty Spire (QoL Compilation)","Potionbrewer","Reimu??????","Shade Mod","StSLib","The Cursed","The Immortal","The Runesmith","The Servant 0.9.4","TheBandit","TheSwordswoman"],"gold_per_floor":[119,196,213,233,233,267,267,267,319,319,332,360,375,392,392,496,496,513,527,543,543,593,622,622,654,731,731,731,747,747,772,772,867,867,879,929,943,943,893,942,960,960,960,960,1002,1039,1091,1091,1091,1091,1091],"floor_reached":50,"playtime":2621,"items_purged":[],"score":678,"play_id":"76971b6d-6574-418a-ace7-61ee2eaadfee","local_time":"20201223203140","is_ascension_mode":true,"campfire_choices":[{"data":"Runesmith:ChaoticBlast","floor":7,"key":"SMITH"},{"floor":10,"key":"RECALL"},{"data":"Runesmith:OneForEveryone","floor":15,"key":"SMITH"},{"floor":24,"key":"REST"},{"data":"Runesmith:UnlimitedPower","floor":27,"key":"SMITH"},{"floor":32,"key":"REST"},{"data":"Runesmith:ChaoticBlast+1","floor":42,"key":"SMITH"},{"data":"Runesmith:ChaoticBlast+2","floor":44,"key":"SMITH"},{"data":"Runesmith:ChaoticBlast+3","floor":49,"key":"SMITH"}],"circlet_count":0,"master_deck":["Runesmith:Strike_RS","Runesmith:Strike_RS","Runesmith:Strike_RS","Runesmith:Strike_RS","Runesmith:Defend_RS","Runesmith:Defend_RS","Runesmith:Defend_RS","Runesmith:CraftFirestone","Runesmith:Fortify","Runesmith:ChaoticBlast+4","Runesmith:Augment","Runesmith:PoweredAnvil","Runesmith:Fortify","Runesmith:UnstableHammer","Runesmith:OneForEveryone+1","Runesmith:GenerateForcefield","Runesmith:CraftVitae","Runesmith:UnlimitedPower+1","Runesmith:RuneHurl+1","Runesmith:BackupBattery+1","Runesmith:MetallurgicalResearch","Runesmith:Repurpose","Runesmith:MakeshiftArmor+1","Runesmith:EarthShield+1","Runesmith:Repurpose+1","Runesmith:CraftObretio+1","Runesmith:CraftMedicinae","Runesmith:CraftMedicinae","Runesmith:RunicBlueprint","Runesmith:CraftObretio+1","Runesmith:Prism+1","Writhe","conspire:SpireCoStock","Runesmith:Refine+1","Runesmith:CraftMagma+1","Runesmith:Duplicate","Runesmith:CraftMagma+1"],"relics":["Runesmith:BrokenRuby","aspiration:DSix","Juzu Bracelet","CCEMRelics:SpiritsEdge","Prayer Wheel","SlaversCollar","Thread and Needle","Toy Ornithopter","Gremlin Horn","potionbrewer:ToyAutogyro","Runesmith:UraniumAnvil","conspire:InfiniteJournal","Kunai","Mummified Hand","Incense Burner","Regal Pillow"],"acts_visited":["Exordium","TheCity","TheBeyond"],"potions_floor_usage":[25,29,31,45],"damage_taken":[{"damage":0,"enemies":"Small Slimes","floor":1,"turns":3},{"damage":0,"enemies":"Cultist","floor":3,"turns":3},{"damage":0,"enemies":"Jaw Worm","floor":4,"turns":4},{"damage":10,"enemies":"Lagavulin","floor":6,"turns":8},{"damage":0,"enemies":"Gremlin Gang","floor":11,"turns":2},{"damage":9,"enemies":"3 Sentries","floor":12,"turns":6},{"damage":0,"enemies":"Large Slime","floor":13,"turns":3},{"damage":0,"enemies":"3 Louse","floor":14,"turns":1},{"damage":36,"enemies":"The Guardian","floor":16,"turns":12},{"damage":14,"enemies":"3 Byrds","floor":18,"turns":3},{"damage":0,"enemies":"Spheric Guardian","floor":19,"turns":3},{"damage":23,"enemies":"Shelled Parasite and Fungi","floor":20,"turns":12},{"damage":29,"enemies":"Book of Stabbing","floor":23,"turns":6},{"damage":21,"enemies":"conspire:Head Lice","floor":25,"turns":5},{"damage":5,"enemies":"Snecko","floor":29,"turns":5},{"damage":24,"enemies":"Slavers","floor":31,"turns":7},{"damage":18,"enemies":"Automaton","floor":33,"turns":11},{"damage":21,"enemies":"Orb Walker","floor":35,"turns":7},{"damage":5,"enemies":"Mind Bloom Boss Battle","floor":36,"turns":9},{"damage":12,"enemies":"3 Shapes","floor":37,"turns":7},{"damage":12,"enemies":"Nemesis","floor":40,"turns":13},{"damage":21,"enemies":"Jaw Worm Horde","floor":41,"turns":8},{"damage":21,"enemies":"Nightmare","floor":45,"turns":9},{"damage":0,"enemies":"Maw","floor":46,"turns":10},{"damage":8,"enemies":"Reptomancer","floor":47,"turns":8},{"damage":0,"enemies":"infinitespire:MassOfShapes","floor":50,"turns":1}],"seed_played":"5406622343112905223","potions_obtained":[{"floor":3,"key":"ZuzhouPotion:ReiMu"},{"floor":4,"key":"potionbrewer:FreezingPotion"},{"floor":12,"key":"Swift Potion"},{"floor":14,"key":"Swift Potion"},{"floor":20,"key":"Dexterity Potion"},{"floor":25,"key":"Swift Potion"},{"floor":29,"key":"potionbrewer:EndurancePotion"},{"floor":35,"key":"potionbrewer:EndurancePotion"},{"floor":41,"key":"SkillPotion"},{"floor":47,"key":"Ancient Potion"}],"is_trial":false,"path_per_floor":["M","?","M","M","?","E","R","?","T","R","M","E","M","M","R","B",null,"M","M","M","?","?","E","R","E","T","R","?","M","?","E","R","B",null,"M","?","M","?","?","E","M","R","T","R","NM","M","E","?","R","B"],"character_chosen":"RUNESMITH_CLASS","items_purchased":[],"campfire_rested":2,"item_purchase_floors":[],"current_hp_per_floor":[70,70,70,70,70,60,60,60,60,60,60,51,51,51,51,15,70,56,56,33,56,56,27,48,27,27,27,27,27,27,14,35,17,70,50,46,35,53,53,50,37,37,37,37,25,32,24,24,24,24,24],"gold":1091,"neow_bonus":"ONE_RARE_RELIC","is_daily":false,"chose_seed":false,"campfire_upgraded":6,"win_rate":0.0,"timestamp":1608751900,"path_taken":["M","?","M","M","?","E","R","?","T","R","M","E","M","M","R","BOSS","M","M","M","?","?","E","R","E","T","R","?","M","?","E","R","BOSS","M","?","M","?","?","E","M","R","T","R","NM","M","E","?","R","BOSS"],"items_purchased_type":[],"build_version":"2020-12-22","purchased_purges":0,"victory":false,"max_hp_per_floor":[70,70,70,70,70,70,70,70,70,70,70,70,70,70,70,70,70,70,70,70,70,70,70,70,70,70,70,70,70,70,70,70,70,70,70,70,70,70,70,70,70,70,70,70,70,70,70,70,70,70,70],"card_choices":[{"not_picked":["Runesmith:Firewall","Runesmith:EarthShield"],"picked":"Runesmith:ChaoticBlast","floor":1},{"not_picked":["Runesmith:Overpower","Runesmith:Attraction"],"picked":"Runesmith:Augment","floor":3},{"not_picked":["Runesmith:RuneHurl","Runesmith:ShiftingStrike"],"picked":"Runesmith:PoweredAnvil","floor":4},{"not_picked":["Runesmith:EarthShield","Runesmith:GoWithTheFlow"],"picked":"Runesmith:UnstableHammer","floor":6},{"not_picked":["Runesmith:StaticCage","Runesmith:ShiftingStrike","Runesmith:FieryHammer"],"picked":"SKIP","floor":11},{"not_picked":["Runesmith:GoWithTheFlow","Runesmith:Overpower"],"picked":"Runesmith:OneForEveryone","floor":12},{"not_picked":["Runesmith:Accelerate","Runesmith:NegativeSpace"],"picked":"Runesmith:GenerateForcefield","floor":13},{"not_picked":["Runesmith:BackupBattery","Runesmith:Overpower","Runesmith:HammerAndChisel"],"picked":"SKIP","floor":13},{"not_picked":["Runesmith:HeatExchange","Runesmith:Augment"],"picked":"Runesmith:CraftVitae","floor":14},{"not_picked":["Runesmith:ArcReactor","Runesmith:ShiftingStrike","Runesmith:Terraform"],"picked":"SKIP","floor":14},{"not_picked":["Runesmith:Duplicate","Runesmith:DuctTape"],"picked":"Runesmith:UnlimitedPower","floor":16},{"not_picked":["Runesmith:UnstableHammer+1","Runesmith:ChiselStab"],"picked":"Runesmith:RuneHurl+1","floor":18},{"not_picked":["Runesmith:HammerTime+1","Runesmith:ShiftingStrike+1"],"picked":"Runesmith:BackupBattery+1","floor":18},{"not_picked":["Runesmith:StaticCage","Runesmith:GoWithTheFlow"],"picked":"Runesmith:MetallurgicalResearch","floor":19},{"not_picked":["Runesmith:HammerThrow+1","Runesmith:Overpower"],"picked":"Runesmith:Repurpose","floor":19},{"not_picked":["Runesmith:RuneHurl","Runesmith:ChiselStab"],"picked":"Runesmith:MakeshiftArmor+1","floor":20},{"not_picked":["Runesmith:ChargedHammer","Runesmith:BackupBattery"],"picked":"Runesmith:EarthShield+1","floor":20},{"not_picked":["Runesmith:EnergizedChisel","Runesmith:GenerateForcefield"],"picked":"Runesmith:Repurpose+1","floor":23},{"not_picked":["Runesmith:Accelerate+1","Runesmith:HammerThrow+1"],"picked":"Runesmith:CraftObretio+1","floor":25},{"not_picked":["Runesmith:BackupBattery","Runesmith:HammerThrow"],"picked":"Runesmith:CraftMedicinae","floor":29},{"not_picked":["Runesmith:EarthShield","Runesmith:Repurpose","Runesmith:RuneHurl"],"picked":"SKIP","floor":29},{"not_picked":["Runesmith:BackupBattery","Runesmith:Prism"],"picked":"Runesmith:RunicBlueprint","floor":31},{"not_picked":["Runesmith:HeatedChisel+1","Runesmith:Overpower"],"picked":"Runesmith:CraftObretio+1","floor":35},{"not_picked":["Runesmith:StaticCage+1","Runesmith:FrozenChisel+1","Runesmith:NanitesCloud+1"],"picked":"SKIP","floor":35},{"not_picked":["Runesmith:MakeshiftArmor","Runesmith:Empowerment"],"picked":"Runesmith:Prism+1","floor":36},{"not_picked":["Runesmith:UnstableHammer+1","Runesmith:FieryHammer+1","Runesmith:HammerTime+1"],"picked":"SKIP","floor":37},{"not_picked":["Runesmith:EnergizedChisel","Runesmith:BackupBattery+1","Runesmith:HeatExchange"],"picked":"SKIP","floor":37},{"not_picked":["Runesmith:EnergizedChisel+1","Runesmith:CraftObretio+1"],"picked":"Runesmith:Refine+1","floor":40},{"not_picked":["Runesmith:ArcReactor","Runesmith:PoweredAnvil+1"],"picked":"Runesmith:CraftMagma+1","floor":41},{"not_picked":["Runesmith:Terraform","Runesmith:RuneHurl","Runesmith:UnstableHammer+1"],"picked":"SKIP","floor":41},{"not_picked":["Runesmith:UnstableHammer+1","Runesmith:ChiselStab+1"],"picked":"Runesmith:Duplicate","floor":45},{"not_picked":["Runesmith:PoweredAnvil","Runesmith:UnstableHammer","Runesmith:Overpower+1"],"picked":"SKIP","floor":46},{"not_picked":["Runesmith:FrozenChisel","Runesmith:Terraform+1","Runesmith:NanitesCloud"],"picked":"SKIP","floor":46},{"not_picked":["Runesmith:ShiftingStrike+1","Runesmith:Repurpose"],"picked":"Runesmith:CraftMagma+1","floor":47}],"player_experience":520570,"relics_obtained":[{"floor":6,"key":"Juzu Bracelet"},{"floor":9,"key":"CCEMRelics:SpiritsEdge"},{"floor":12,"key":"Prayer Wheel"},{"floor":23,"key":"Thread and Needle"},{"floor":25,"key":"Toy Ornithopter"},{"floor":26,"key":"Gremlin Horn"},{"floor":31,"key":"potionbrewer:ToyAutogyro"},{"floor":36,"key":"conspire:InfiniteJournal"},{"floor":40,"key":"Kunai"},{"floor":43,"key":"Mummified Hand"},{"floor":45,"key":"Incense Burner"},{"floor":47,"key":"Regal Pillow"}],"event_choices":[{"damage_healed":0,"gold_gain":77,"player_choice":"Gained Gold","damage_taken":0,"max_hp_gain":0,"max_hp_loss":0,"event_name":"Golden Wing","floor":2,"gold_loss":0},{"damage_healed":0,"gold_gain":0,"player_choice":"1 cards matched","damage_taken":0,"max_hp_gain":0,"max_hp_loss":0,"event_name":"Match and Keep!","floor":5,"gold_loss":0,"cards_obtained":["Runesmith:Fortify"]},{"cards_removed":["TheCursedMod:Dregs"],"damage_healed":0,"gold_gain":0,"player_choice":"Removed Curses","damage_taken":0,"max_hp_gain":0,"max_hp_loss":0,"event_name":"Fountain of Cleansing","floor":8,"gold_loss":0},{"damage_healed":23,"gold_gain":0,"player_choice":"Heal","damage_taken":0,"max_hp_gain":0,"max_hp_loss":0,"event_name":"The Library","floor":21,"gold_loss":0},{"damage_healed":0,"gold_gain":100,"player_choice":"Bet on Murderer","damage_taken":0,"max_hp_gain":0,"max_hp_loss":0,"event_name":"The Joust","floor":22,"gold_loss":50},{"damage_healed":0,"gold_gain":0,"cards_transformed":["Runesmith:Defend_RS"],"player_choice":"Transformed","damage_taken":0,"max_hp_gain":0,"max_hp_loss":0,"event_name":"Transmorgrifier","floor":30,"gold_loss":0,"cards_obtained":["Runesmith:CraftMedicinae"]},{"damage_healed":0,"gold_gain":0,"player_choice":"Fight","damage_taken":0,"max_hp_gain":0,"max_hp_loss":0,"event_name":"MindBloom","floor":36,"gold_loss":0},{"damage_healed":18,"gold_gain":0,"player_choice":"Writhe","damage_taken":0,"max_hp_gain":0,"max_hp_loss":0,"event_name":"Winding Halls","floor":38,"gold_loss":0,"cards_obtained":["Writhe"]},{"damage_healed":0,"gold_gain":0,"player_choice":"Invest 1","damage_taken":0,"max_hp_gain":0,"max_hp_loss":0,"event_name":"conspire:Investor","floor":39,"gold_loss":0},{"damage_healed":0,"gold_gain":0,"player_choice":"Ignored","damage_taken":0,"max_hp_gain":0,"max_hp_loss":0,"event_name":"Tomb of Lord Red Mask","floor":48,"gold_loss":0}],"is_beta":false,"boss_relics":[{"not_picked":["aspiration:RunicSpoon","Pandora\u0027s Box"],"picked":"SlaversCollar"},{"not_picked":["Runic Pyramid","jesterMod:MachoBrace"],"picked":"Runesmith:UraniumAnvil"}],"items_purged_floors":[],"is_endless":true,"potions_floor_spawned":[3,4,12,13,14,19,20,25,29,35,40,41,47],"killed_by":"infinitespire:MassOfShapes","ascension_level":1}}