{"host":"gkp57zoegrd3f2ij","time":1609859258,"event":{"mods":["BaseMod","Colored Map","Colored Powertips","Minty Spire (QoL Compilation)","StSLib"],"gold_per_floor":[112,189,189,41,61,94,105,105,128,128,55,55,25,40,40,40,40],"floor_reached":16,"playtime":924,"items_purged":[],"score":98,"play_id":"5712ad85-978d-40ad-b6bd-32836308d408","local_time":"20210105160738","is_ascension_mode":false,"campfire_choices":[{"floor":8,"key":"REST"},{"floor":10,"key":"REST"},{"data":"Footwork","floor":15,"key":"SMITH"}],"circlet_count":0,"master_deck":["Strike_G","Strike_G","Strike_G","Strike_G","Strike_G","Defend_G","Defend_G","Defend_G","Defend_G","Defend_G","Survivor","Neutralize","Grand Finale","Backstab+1","Sucker Punch","PiercingWail","Leg Sweep","Footwork+1","All Out Attack"],"relics":["Ring of the Snake","Smiling Mask","Paper Crane","Art of War"],"acts_visited":["Exordium"],"potions_floor_usage":[16,16,16],"damage_taken":[{"damage":4,"enemies":"Jaw Worm","floor":1,"turns":6},{"damage":0,"enemies":"2 Louse","floor":5,"turns":4},{"damage":45,"enemies":"Gremlin Nob","floor":6,"turns":6},{"damage":0,"enemies":"Small Slimes","floor":7,"turns":5},{"damage":2,"enemies":"Exordium Thugs","floor":14,"turns":6},{"damage":63,"enemies":"Hexaghost","floor":16,"turns":21}],"seed_played":"-6208497915040485870","potions_obtained":[{"floor":5,"key":"SkillPotion"},{"floor":13,"key":"Fire Potion"},{"floor":13,"key":"Explosive Potion"}],"is_trial":false,"path_per_floor":["M","?","?","?","M","E","M","R","T","R","$","?","?","M","R","B"],"character_chosen":"THE_SILENT","items_purchased":["Footwork"],"campfire_rested":2,"item_purchase_floors":[11],"current_hp_per_floor":[66,66,66,66,66,21,21,42,42,63,63,63,63,61,61,0,0],"gold":40,"neow_bonus":"ONE_RANDOM_RARE_CARD","is_daily":false,"chose_seed":false,"campfire_upgraded":1,"win_rate":0.0,"timestamp":1609859258,"path_taken":["M","?","?","?","M","E","?","R","T","R","$","?","?","M","R","BOSS"],"items_purchased_type":["Card"],"build_version":"2020-12-22","purchased_purges":0,"victory":false,"max_hp_per_floor":[70,70,70,70,70,70,70,70,70,70,70,70,70,70,70,70,70],"card_choices":[{"not_picked":["Cloak And Dagger","Escape Plan"],"picked":"Backstab","floor":1},{"not_picked":["Poisoned Stab","Cloak And Dagger"],"picked":"Sucker Punch","floor":5},{"not_picked":["Dodge and Roll","Prepared"],"picked":"PiercingWail","floor":6},{"not_picked":["Prepared","PiercingWail"],"picked":"Leg Sweep","floor":7},{"not_picked":["PiercingWail","Quick Slash"],"picked":"All Out Attack","floor":14}],"player_experience":282609,"relics_obtained":[{"floor":6,"key":"Paper Crane"},{"floor":9,"key":"Art of War"}],"event_choices":[{"damage_healed":0,"gold_gain":77,"player_choice":"Gained Gold","damage_taken":0,"max_hp_gain":0,"max_hp_loss":0,"event_name":"Golden Wing","floor":2,"gold_loss":0},{"damage_healed":0,"gold_gain":0,"player_choice":"Grow","damage_taken":0,"max_hp_gain":0,"max_hp_loss":0,"event_name":"Living Wall","floor":3,"gold_loss":0,"cards_upgraded":["Backstab"]},{"damage_healed":0,"gold_gain":0,"player_choice":"Paid Gold","damage_taken":0,"relics_obtained":["Smiling Mask"],"max_hp_gain":0,"max_hp_loss":0,"event_name":"WeMeetAgain","floor":4,"gold_loss":148},{"damage_healed":0,"gold_gain":0,"player_choice":"Ignored","damage_taken":0,"max_hp_gain":0,"max_hp_loss":0,"event_name":"Liars Game","floor":12,"gold_loss":0},{"damage_healed":0,"gold_gain":0,"player_choice":"Bought 2 Potions","damage_taken":0,"max_hp_gain":0,"max_hp_loss":0,"event_name":"The Woman in Blue","floor":13,"gold_loss":0}],"is_beta":false,"boss_relics":[],"items_purged_floors":[],"is_endless":false,"potions_floor_spawned":[5,14],"killed_by":"Hexaghost","ascension_level":0}}