{"host":"uv231blk40vjdojr","time":1609869865,"event":{"mods":["BaseMod","Minty Spire (QoL Compilation)","Relic Stats"],"gold_per_floor":[112,37,57,68,68,68,87,120,200,200,215,243,243,47,47,126,126,138,50,50,50,100,100,133,133,133,164,64,90,101,112,112,187,187,203,203,217,230,0,0,28,40,122,141,166,166,178,178,178,178],"floor_reached":51,"playtime":2607,"items_purged":["Normality","Strike_R"],"score":1534,"play_id":"40c31d54-df4d-4a13-8f5f-f260db712a55","local_time":"20210105190425","is_ascension_mode":true,"campfire_choices":[{"data":"Bludgeon","floor":6.0,"key":"SMITH"},{"data":"Anger","floor":10.0,"key":"SMITH"},{"data":"Shockwave","floor":13.0,"key":"SMITH"},{"data":"Apotheosis","floor":15.0,"key":"SMITH"},{"floor":23.0,"key":"REST"},{"floor":25.0,"key":"REST"},{"floor":32.0,"key":"REST"},{"floor":40.0,"key":"REST"},{"floor":46,"key":"REST"},{"floor":49,"key":"REST"}],"circlet_count":0,"master_deck":["AscendersBane","Strike_R","Strike_R","Strike_R","Strike_R","Defend_R","Defend_R","Defend_R","Defend_R+1","Bludgeon+1","Anger+1","Ghostly Armor+1","Reaper","Headbutt","Shockwave+1","Apotheosis+1","Demon Form","Cleave","Ghostly Armor","Shrug It Off","Corruption","Heavy Blade"],"relics":["Burning Blood","Gambling Chip","HornCleat","Oddly Smooth Stone","Fusion Hammer","Incense Burner","Strawberry","Red Skull","Pear","Bottled Flame","Busted Crown","Red Mask","Orichalcum","Darkstone Periapt","Singing Bowl"],"acts_visited":["Exordium","TheCity","TheBeyond"],"potions_floor_usage":[50,50],"damage_taken":[{"damage":12.0,"enemies":"Jaw Worm","floor":1.0,"turns":3.0},{"damage":6.0,"enemies":"Small Slimes","floor":3.0,"turns":2.0},{"damage":6.0,"enemies":"2 Louse","floor":4.0,"turns":2.0},{"damage":0.0,"enemies":"Blue Slaver","floor":7.0,"turns":3.0},{"damage":20.0,"enemies":"Gremlin Nob","floor":8.0,"turns":4.0},{"damage":0.0,"enemies":"Looter","floor":11.0,"turns":4.0},{"damage":5.0,"enemies":"3 Sentries","floor":12.0,"turns":6.0},{"damage":32.0,"enemies":"Hexaghost","floor":16.0,"turns":9.0},{"damage":18.0,"enemies":"Spheric Guardian","floor":18.0,"turns":4.0},{"damage":14.0,"enemies":"Gremlin Leader","floor":24.0,"turns":6.0},{"damage":11.0,"enemies":"Book of Stabbing","floor":27.0,"turns":5.0},{"damage":22.0,"enemies":"Gremlin Leader","floor":29.0,"turns":5.0},{"damage":4.0,"enemies":"Shell Parasite","floor":30.0,"turns":4.0},{"damage":18.0,"enemies":"Sentry and Sphere","floor":31.0,"turns":6.0},{"damage":25.0,"enemies":"Champ","floor":33.0,"turns":9.0},{"damage":6.0,"enemies":"3 Shapes","floor":35.0,"turns":6.0},{"damage":9.0,"enemies":"3 Darklings","floor":37.0,"turns":5.0},{"damage":34.0,"enemies":"Jaw Worm Horde","floor":38.0,"turns":7.0},{"damage":11.0,"enemies":"Nemesis","floor":41.0,"turns":7.0},{"damage":15,"enemies":"Transient","floor":42,"turns":6},{"damage":0,"enemies":"3 Darklings","floor":44,"turns":10},{"damage":33,"enemies":"Giant Head","floor":45,"turns":7},{"damage":25,"enemies":"Spire Growth","floor":47,"turns":5},{"damage":62,"enemies":"Awakened One","floor":50,"turns":12}],"seed_played":"-1073136051391516037","potions_obtained":[{"floor":4.0,"key":"SkillPotion"},{"floor":7.0,"key":"AttackPotion"},{"floor":24.0,"key":"GamblersBrew"},{"floor":29.0,"key":"Weak Potion"}],"is_trial":false,"path_per_floor":["M","$","M","M","?","R","M","E","T","R","M","E","R","$","R","B",null,"M","$","?","T","?","R","E","R","T","E","$","E","M","M","R","B",null,"M","?","M","M","?","R","E","M","T","M","E","R","M","?","R","B",null],"character_chosen":"IRONCLAD","items_purchased":["Apotheosis","Ghostly Armor"],"campfire_rested":6,"item_purchase_floors":[14,19],"current_hp_per_floor":[62,62,62,62,39,39,45,31,31,31,41,46,46,46,46,27,63,51,51,51,51,51,73,72,82,82,87,87,71,73,66,92,73,87,92,92,89,61,61,88,92,92,92,92,67,94,96,96,96,63],"gold":178,"neow_bonus":"THREE_RARE_CARDS","is_daily":false,"chose_seed":false,"campfire_upgraded":4,"win_rate":0.0,"timestamp":1609869865,"path_taken":["M","$","M","M","?","R","M","E","T","R","M","E","R","$","R","BOSS","M","$","?","?","?","R","E","R","T","E","?","E","?","M","R","BOSS","M","?","M","M","?","R","E","M","T","M","E","R","M","?","R","BOSS"],"items_purchased_type":["Card","Card"],"build_version":"2020-12-22","purchased_purges":2,"victory":true,"max_hp_per_floor":[75,75,75,75,75,75,75,75,75,75,75,75,75,75,75,75,75,75,75,75,75,75,75,82,82,82,92,92,92,92,92,92,92,92,92,92,92,92,92,92,92,92,92,92,94,94,96,96,96,96],"relic_stats":{"Darkstone Periapt":0,"Busted Crown":18,"Singing Bowl":4,"counters":[24,137],"Gambling Chip":[56],"Orichalcum":[30],"obtain_stats":[{"Darkstone Periapt":43,"Pear":27,"Singing Bowl":45,"Oddly Smooth Stone":12,"Incense Burner":21,"Orichalcum":41,"Burning Blood":0,"Bottled Flame":29,"HornCleat":9,"Busted Crown":34,"Gambling Chip":8,"Strawberry":24,"Fusion Hammer":17,"Red Mask":39,"Red Skull":26},{"Darkstone Periapt":20,"Pear":11,"Singing Bowl":22,"Oddly Smooth Stone":7,"Incense Burner":9,"Orichalcum":19,"Burning Blood":0,"Bottled Flame":12,"HornCleat":5,"Busted Crown":15,"Gambling Chip":5,"Strawberry":10,"Fusion Hammer":8,"Red Mask":18,"Red Skull":10},{"Darkstone Periapt":103,"Pear":48,"Singing Bowl":120,"Oddly Smooth Stone":24,"Incense Burner":37,"Orichalcum":97,"Burning Blood":0,"Bottled Flame":53,"HornCleat":14,"Busted Crown":72,"Gambling Chip":14,"Strawberry":43,"Fusion Hammer":33,"Red Mask":90,"Red Skull":43}],"Burning Blood":124},"card_choices":[{"not_picked":["Impervious","Fiend Fire"],"picked":"Bludgeon","floor":0.0},{"not_picked":["Warcry","Seeing Red"],"picked":"Anger","floor":1.0},{"not_picked":["Iron Wave","Flex","Clash"],"picked":"SKIP","floor":3.0},{"not_picked":["Havoc","Sever Soul"],"picked":"Ghostly Armor","floor":4.0},{"not_picked":["Sword Boomerang","Second Wind","Pummel"],"picked":"SKIP","floor":7.0},{"not_picked":["Sword Boomerang","Clash"],"picked":"Reaper","floor":8.0},{"not_picked":["Anger","Whirlwind"],"picked":"Headbutt","floor":11.0},{"not_picked":["Cleave","Burning Pact"],"picked":"Shockwave","floor":12.0},{"not_picked":["Exhume","Barricade"],"picked":"Demon Form","floor":16.0},{"not_picked":["Havoc","Body Slam"],"picked":"Cleave","floor":18.0},{"not_picked":["Spot Weakness","Rampage"],"picked":"Shrug It Off","floor":24.0},{"not_picked":["Ghostly Armor","Clash","Headbutt"],"picked":"SKIP","floor":27.0},{"not_picked":["Havoc","Rampage","Berserk"],"picked":"SKIP","floor":29.0},{"not_picked":["Whirlwind","Warcry+1","Rupture+1"],"picked":"SKIP","floor":30.0},{"not_picked":["Cleave","Shockwave","Iron Wave"],"picked":"SKIP","floor":31.0},{"not_picked":["Demon Form","Fiend Fire"],"picked":"Corruption","floor":33.0},{"not_picked":["Searing Blow"],"picked":"SKIP","floor":35.0},{"not_picked":["Rampage"],"picked":"SKIP","floor":37.0},{"not_picked":["Clothesline"],"picked":"SKIP","floor":38.0},{"not_picked":["Ghostly Armor"],"picked":"SKIP","floor":41.0},{"not_picked":["Twin Strike"],"picked":"SKIP","floor":42},{"not_picked":[],"picked":"Heavy Blade","floor":44},{"not_picked":["Sentinel"],"picked":"Singing Bowl","floor":45},{"not_picked":["Ghostly Armor+1"],"picked":"Singing Bowl","floor":47}],"player_experience":578010,"relics_obtained":[{"floor":8.0,"key":"Gambling Chip"},{"floor":9.0,"key":"HornCleat"},{"floor":12.0,"key":"Oddly Smooth Stone"},{"floor":21.0,"key":"Incense Burner"},{"floor":24.0,"key":"Strawberry"},{"floor":26.0,"key":"Red Skull"},{"floor":27.0,"key":"Pear"},{"floor":29.0,"key":"Bottled Flame"},{"floor":41.0,"key":"Orichalcum"},{"floor":43,"key":"Darkstone Periapt"},{"floor":45,"key":"Singing Bowl"}],"event_choices":[{"damage_healed":0.0,"max_hp_gain":0.0,"max_hp_loss":0.0,"gold_gain":0.0,"event_name":"Shining Light","player_choice":"Entered Light","floor":5.0,"gold_loss":0.0,"damage_taken":23.0,"cards_upgraded":["Defend_R","Ghostly Armor"]},{"damage_healed":0.0,"max_hp_gain":0.0,"max_hp_loss":0.0,"gold_gain":0.0,"event_name":"The Mausoleum","player_choice":"Ignored","floor":20.0,"gold_loss":0.0,"damage_taken":0.0},{"damage_healed":0.0,"max_hp_gain":0.0,"max_hp_loss":0.0,"gold_gain":50.0,"event_name":"Nest","player_choice":"Stole From Cult","floor":22.0,"gold_loss":0.0,"damage_taken":0.0},{"damage_healed":0.0,"max_hp_gain":0.0,"max_hp_loss":0.0,"gold_gain":0.0,"event_name":"SensoryStone","player_choice":"Memory 1","floor":36.0,"gold_loss":0.0,"damage_taken":0.0},{"damage_healed":0.0,"max_hp_gain":0.0,"max_hp_loss":0.0,"gold_gain":0.0,"event_name":"Tomb of Lord Red Mask","player_choice":"Paid","floor":39.0,"gold_loss":230.0,"damage_taken":0.0,"relics_obtained":["Red Mask"]},{"cards_removed":["Bash"],"damage_healed":0,"gold_gain":0,"player_choice":"Removed Attack","damage_taken":0,"max_hp_gain":0,"max_hp_loss":0,"event_name":"Falling","floor":48,"gold_loss":0}],"is_beta":false,"boss_relics":[{"not_picked":["Runic Cube","Cursed Key"],"picked":"Fusion Hammer"},{"not_picked":["Runic Pyramid","Philosopher\u0027s Stone"],"picked":"Busted Crown"}],"items_purged_floors":[2,28],"is_endless":false,"potions_floor_spawned":[4,7,24,29,33,35,41,44],"ascension_level":19}}