{"host":"j8ly90ps7nkk24ot","time":1609842205,"event":{"mods":["AchievementEnabler","Act Like it!","Aspiration","BaseMod","Better Note","Better Sensory Stone","Better Skull","Block Reminder","Clockwork Mod","Colored Map","Colored Powertips","DeckTracker","Dio Mod","Downfall","Fiend Mod","Googly Eyes","GungeonMod","Halation","Hermit","Highlight Path","Minty Spire (QoL Compilation)","Permanent Neow","Practice Mode","Quick Restart","Rare Cards Sparkle","Relic Sorter","Relic Stats","Replay The Spire","StSLib","SuperFastMode","Synergy Search","The Bladedancer","The Bug Knight","The Construct","The Disciple","The Exalted","The Juggle","The Necromancer","The Saiyan","The Servant 0.9.4","The Showman","The Wild Card","TheBandit","TheHero","Waifu the Spire","everything is the same but u backflip on backflip","slay the spire mod where everything is the same but ironclad has a cowboy hat"],"gold_per_floor":[117,117,117,131,17,42,61,80,103,103,103,116,145,163,163,278,278,288,28,45,45,78,121,121,121,148,176,202,202,217,243,243,346,346,361,7,27,27,40,40,56,85,140,140,140,140,152,179,179,179,179,179,92,120,150],"floor_reached":56,"playtime":3137,"items_purged":[],"score":1103,"play_id":"2c1247f0-3650-4475-86ec-44abf66c8dc8","local_time":"20210105022324","is_ascension_mode":false,"campfire_choices":[{"data":"animeID:Stain","floor":15.0,"key":"SMITH"},{"data":"animeID:FullCowl","floor":25.0,"key":"SMITH"},{"data":"animeID:Himiko","floor":32.0,"key":"SMITH"},{"data":"Delirium","floor":40.0,"key":"SMITH"},{"floor":46,"key":"RECALL"},{"data":"Replay:Hysterical Blindness","floor":49,"key":"SMITH"},{"data":"CommonCold","floor":52,"key":"SMITH"}],"circlet_count":0,"master_deck":["animeID:Deku","animeID:Bakugo","animeID:Smash","animeID:Smash","animeID:Smash","animeID:Smash+1","animeID:DefendMH","animeID:DefendMH","animeID:DefendMH+1","animeID:DefendMH+1","animeID:Twice","Pot Of Greed+1","animeID:Kurono+1","Pot Of Greed+1","animeID:FullCowl+1","animeID:Rappa","animeID:Stain+1","animeID:Hatsume+1","animeID:DetroitDelaware","animeID:Rei","animeID:Hawks","animeID:GentleCriminal+1","animeID:PresentMic","animeID:FullCowl+1","animeID:Mineta","Pot Of Greed+1","animeID:Mineta+1","Consecrate","animeID:Tsuyu","animeID:Himiko+1","animeID:Deku","animeID:HowitzerImpact+1","animeID:AllForOne","animeID:Shigaraki","animeID:Mezo+1","animeID:Iida","Pot Of Greed","animeID:RecoveryGirl+1","animeID:ShootStyle+1","animeID:Muscular+1","animeID:FatGum","animeID:Tomura+1","animeID:ShootStyle","animeID:TodorokiShoto","animeID:Kirishima+1","animeID:FullCowl+1","animeID:Himiko","expansioncontent:DonusPower","Pot Of Greed","animeID:Chisaki"],"relics":["animeID:HeroCostume","NeowsBlessing","Grinning Jar","DemoMod:SerJunkan","halation:PinkSoulGem","DemoMod:Junk","Replay:Grab Bag","ChewingGum","Cursed Key","aspiration:PoetsPen_weak","halation:LettersToHer","Ring of Misfortune","ReplayTheSpireMod:Ring of Collecting","halation:HeavySnake","halation:PrussianBluePaint","ReplayFunnel"],"acts_visited":["Exordium","TheCity","TheBeyond","TheEnding"],"potions_floor_usage":[55],"damage_taken":[{"damage":0.0,"enemies":"Cultist","floor":1.0,"turns":1.0},{"damage":0.0,"enemies":"2 Louse","floor":4.0,"turns":1.0},{"damage":0.0,"enemies":"Gremlin Nob","floor":6.0,"turns":1.0},{"damage":13.0,"enemies":"Jaw Worm","floor":7.0,"turns":5.0},{"damage":10.0,"enemies":"Looter","floor":8.0,"turns":4.0},{"damage":0.0,"enemies":"Gremlin Gang","floor":12.0,"turns":1.0},{"damage":46.0,"enemies":"Lagavulin","floor":13.0,"turns":11.0},{"damage":7.0,"enemies":"Large Slime","floor":14.0,"turns":6.0},{"damage":21.0,"enemies":"Hexaghost","floor":16.0,"turns":11.0},{"damage":10.0,"enemies":"Shell Parasite","floor":18.0,"turns":6.0},{"damage":25.0,"enemies":"2 Thieves","floor":20.0,"turns":4.0},{"damage":19.0,"enemies":"Centurion and Healer","floor":22.0,"turns":6.0},{"damage":18.0,"enemies":"Gremlin Leader","floor":23.0,"turns":6.0},{"damage":0.0,"enemies":"3 Cultists","floor":27.0,"turns":4.0},{"damage":0.0,"enemies":"Snake Plant","floor":28.0,"turns":3.0},{"damage":0.0,"enemies":"Centurion and Healer","floor":30.0,"turns":1.0},{"damage":5.0,"enemies":"Slavers","floor":31.0,"turns":2.0},{"damage":0.0,"enemies":"Collector","floor":33.0,"turns":3.0},{"damage":0.0,"enemies":"3 Darklings","floor":35.0,"turns":2.0},{"damage":0.0,"enemies":"Orb Walker","floor":37.0,"turns":2.0},{"damage":0.0,"enemies":"Transient","floor":38.0,"turns":3.0},{"damage":0.0,"enemies":"Jaw Worm Horde","floor":39.0,"turns":3.0},{"damage":0.0,"enemies":"Sphere and 2 Shapes","floor":41.0,"turns":2.0},{"damage":0,"enemies":"3 Darklings","floor":42,"turns":4},{"damage":0,"enemies":"Transient","floor":45,"turns":1},{"damage":7,"enemies":"3 Darklings","floor":47,"turns":2},{"damage":9,"enemies":"Spire Growth","floor":48,"turns":2},{"damage":29,"enemies":"Replay:Hell Engine","floor":50,"turns":6},{"damage":10,"enemies":"Shield and Spear","floor":54,"turns":2},{"damage":70,"enemies":"Kars","floor":55,"turns":8}],"seed_played":"4120800563156233830","potions_obtained":[{"floor":3.0,"key":"Death Potion"},{"floor":3.0,"key":"DuplicationPotion"},{"floor":3.0,"key":"Block Potion"},{"floor":4.0,"key":"Fire Potion"},{"floor":8.0,"key":"LifebloodPotion"},{"floor":16.0,"key":"DemoMod:LeadSkinPotion"}],"is_trial":false,"path_per_floor":["M","?","?","M","$","E","M","M","T","?","?","M","E","M","R","B",null,"M","$","M","?","M","E","?","R","T","M","M","?","M","E","R","B",null,"M","$","M","M","M","R","M","M","T","?","M","R","M","M","R","B",null,"R","$","E","B",null],"character_chosen":"THE_HERO","items_purchased":["animeID:FullCowl","animeID:Rappa","animeID:Nomu+1","halation:LettersToHer","animeID:Mineta","animeID:Iida","halation:PrussianBluePaint","ReplayFunnel","expansioncontent:DonusPower"],"campfire_rested":0,"item_purchase_floors":[5,5,19,19,19,36,36,36,53],"current_hp_per_floor":[75,72,72,72,72,72,62,64,64,64,64,64,55,62,62,74,75,75,75,52,52,39,45,45,45,45,47,62,62,75,72,72,75,75,75,75,75,75,75,75,75,75,75,75,75,75,75,68,68,56,75,75,75,67,36],"gold":150,"neow_bonus":"THREE_ENEMY_KILL","is_daily":false,"chose_seed":false,"campfire_upgraded":6,"win_rate":0.0,"timestamp":1609842204,"path_taken":["M","?","?","M","$","E","?","M","T","?","?","?","E","M","R","BOSS","M","$","M","?","M","E","?","R","T","M","M","?","M","E","R","BOSS","M","$","?","M","M","R","M","M","T","?","M","R","M","M","R","BOSS","R","$","E","BOSS"],"items_purchased_type":["Card","Card","Card","Relic","Card","Card","Relic","Relic","Card"],"build_version":"2020-12-22","purchased_purges":0,"victory":true,"max_hp_per_floor":[75,75,75,75,75,75,75,75,75,75,75,75,75,75,75,75,75,75,75,75,75,75,75,75,75,75,75,75,75,75,75,75,75,75,75,75,75,75,75,75,75,75,75,75,75,75,75,75,75,75,75,75,75,75,75],"relic_stats":{"counters":[30,113],"Cursed Key":2,"obtain_stats":[{"DemoMod:Junk":13,"ReplayFunnel":36,"NeowsBlessing":0,"Replay:Grab Bag":17,"DemoMod:GlassGuonStoneRelic":6,"aspiration:PoetsPen_weak":17,"Cursed Key":17,"halation:HeavySnake":34,"halation:PrussianBluePaint":36,"Ring of Misfortune":24,"ReplayTheSpireMod:Ring of Collecting":24,"ChewingGum":17,"DemoMod:SerJunkan":6,"animeID:HeroCostume":0,"Grinning Jar":2,"halation:PinkSoulGem":10,"halation:LettersToHer":19},{"DemoMod:Junk":7,"ReplayFunnel":19,"NeowsBlessing":0,"Replay:Grab Bag":9,"DemoMod:GlassGuonStoneRelic":3,"aspiration:PoetsPen_weak":9,"Cursed Key":9,"halation:HeavySnake":18,"halation:PrussianBluePaint":19,"Ring of Misfortune":13,"ReplayTheSpireMod:Ring of Collecting":13,"ChewingGum":9,"DemoMod:SerJunkan":3,"animeID:HeroCostume":0,"Grinning Jar":1,"halation:PinkSoulGem":5,"halation:LettersToHer":10},{"DemoMod:Junk":24,"ReplayFunnel":78,"NeowsBlessing":0,"Replay:Grab Bag":41,"DemoMod:GlassGuonStoneRelic":3,"aspiration:PoetsPen_weak":41,"Cursed Key":41,"halation:HeavySnake":76,"halation:PrussianBluePaint":78,"Ring of Misfortune":63,"ReplayTheSpireMod:Ring of Collecting":63,"ChewingGum":41,"DemoMod:SerJunkan":3,"animeID:HeroCostume":0,"Grinning Jar":1,"halation:PinkSoulGem":12,"halation:LettersToHer":47}]},"card_choices":[{"not_picked":["animeID:DetroitSmash","animeID:Momo"],"picked":"animeID:Twice","floor":1.0},{"not_picked":["animeID:Bakugo","animeID:TodorokiShoto"],"picked":"animeID:Kurono","floor":4.0},{"not_picked":["animeID:DelawareSmash","animeID:TetsuTetsu"],"picked":"animeID:Stain","floor":6.0},{"not_picked":["animeID:HowitzerImpact","animeID:Thirteen"],"picked":"animeID:Hatsume","floor":7.0},{"not_picked":["animeID:DetroitSmash","animeID:Aoyama"],"picked":"animeID:DetroitDelaware","floor":8.0},{"not_picked":["animeID:Ojiro","animeID:Mina"],"picked":"animeID:Rei","floor":12.0},{"not_picked":["animeID:Twice","animeID:GranTorino"],"picked":"animeID:Hawks","floor":13.0},{"not_picked":["animeID:Mineta","animeID:MtLady"],"picked":"animeID:GentleCriminal","floor":14.0},{"not_picked":["animeID:ProminenceBurn","animeID:Chisaki"],"picked":"animeID:PresentMic","floor":16.0},{"not_picked":["animeID:Mezo","animeID:Tsuyu"],"picked":"animeID:FullCowl","floor":18.0},{"not_picked":["animeID:Mina","animeID:MirioTogata"],"picked":"animeID:Mineta+1","floor":20.0},{"not_picked":["animeID:Ojiro","animeID:Crystallize"],"picked":"animeID:Tsuyu","floor":22.0},{"not_picked":["animeID:GentleCriminal","animeID:Tsuyu","animeID:ToruHagakure"],"picked":"SKIP","floor":23.0},{"not_picked":["animeID:DetroitSmash+1","animeID:FatGum"],"picked":"animeID:Himiko","floor":27.0},{"not_picked":["animeID:Kaminari","animeID:GranTorino","animeID:ToruHagakure"],"picked":"SKIP","floor":28.0},{"not_picked":["animeID:Dabi","animeID:Tsuyu"],"picked":"animeID:HowitzerImpact+1","floor":30.0},{"not_picked":["animeID:Kirishima","animeID:PlusUltra"],"picked":"animeID:AllForOne","floor":31.0},{"not_picked":["animeID:PlusUltra","animeID:AllForOne"],"picked":"animeID:Shigaraki","floor":33.0},{"not_picked":["animeID:Tomura+1","animeID:Uraraka+1"],"picked":"animeID:Mezo","floor":35.0},{"not_picked":["animeID:Crystallize","animeID:Hatsume+1"],"picked":"animeID:RecoveryGirl+1","floor":37.0},{"not_picked":["animeID:Mina+1","animeID:Momo"],"picked":"animeID:ShootStyle","floor":38.0},{"not_picked":["animeID:Kirishima","animeID:Kaminari"],"picked":"animeID:Muscular+1","floor":39.0},{"not_picked":["animeID:Momo+1","animeID:Hawks"],"picked":"animeID:FatGum","floor":41.0},{"not_picked":["animeID:DetroitSmash","animeID:DelawareSmash+1"],"picked":"animeID:Tomura+1","floor":42},{"not_picked":["animeID:Tamaki","animeID:Deku+1"],"picked":"animeID:Kirishima+1","floor":45},{"not_picked":["animeID:FatGum+1","animeID:HighFive"],"picked":"animeID:FullCowl+1","floor":47},{"not_picked":["animeID:Mezo","animeID:Momo"],"picked":"animeID:Himiko","floor":48},{"not_picked":["animeID:Aoyama","animeID:DelawareSmash"],"picked":"animeID:Chisaki","floor":54}],"player_experience":132006,"relics_obtained":[{"floor":6.0,"key":"DemoMod:SerJunkan"},{"floor":13.0,"key":"DemoMod:Junk"},{"floor":23.0,"key":"DemoMod:Junk"},{"floor":24.0,"key":"Ring of Misfortune"},{"floor":24.0,"key":"ReplayTheSpireMod:Ring of Collecting"},{"floor":26.0,"key":"DemoMod:Junk"},{"floor":26.0,"key":"DemoMod:Junk"},{"floor":26.0,"key":"DemoMod:Junk"},{"floor":31.0,"key":"DemoMod:Junk"},{"floor":43,"key":"DemoMod:Junk"},{"floor":43,"key":"DemoMod:Junk"},{"floor":43,"key":"DemoMod:Junk"},{"floor":54,"key":"DemoMod:Junk"}],"event_choices":[{"damage_healed":0.0,"max_hp_gain":0.0,"max_hp_loss":0.0,"gold_gain":0.0,"event_name":"Scrap Ooze","player_choice":"Success","floor":2.0,"gold_loss":0.0,"damage_taken":3.0,"relics_obtained":["Grinning Jar"]},{"damage_healed":0.0,"max_hp_gain":0.0,"max_hp_loss":0.0,"gold_gain":0.0,"event_name":"Lab","player_choice":"Got Potions","floor":3.0,"gold_loss":0.0,"damage_taken":0.0},{"damage_healed":0.0,"max_hp_gain":0.0,"max_hp_loss":0.0,"gold_gain":0.0,"event_name":"The Woman in Blue","player_choice":"Bought 0 Potions","floor":11.0,"gold_loss":0.0,"damage_taken":0.0},{"cards_removed":["animeID:Hawks"],"damage_healed":0.0,"max_hp_gain":0.0,"max_hp_loss":0.0,"gold_gain":0.0,"event_name":"betterNote:BetterNote","player_choice":"Take \u0026 Give","floor":21.0,"gold_loss":0.0,"damage_taken":0.0,"cards_obtained":["Consecrate"]},{"damage_healed":0.0,"max_hp_gain":0.0,"max_hp_loss":0.0,"gold_gain":0.0,"cards_transformed":["animeID:Nomu"],"event_name":"Transmorgrifier","player_choice":"Transformed","floor":29.0,"gold_loss":0.0,"damage_taken":0.0,"cards_obtained":["animeID:Deku"]},{"damage_healed":0,"gold_gain":0,"player_choice":"2 cards matched","damage_taken":0,"max_hp_gain":0,"max_hp_loss":0,"event_name":"Match and Keep!","floor":44,"gold_loss":0,"cards_obtained":["animeID:ShootStyle","animeID:TodorokiShoto"]}],"is_beta":false,"boss_relics":[{"not_picked":["halation:PlatinumPhoenix","Runic Dome"],"picked":"Replay:Grab Bag"},{"not_picked":["aspiration:FutureDiary","Fusion Hammer"],"picked":"ChewingGum"},{"not_picked":["ReplayTheSpireMod:Onyx Gauntlets","Ectoplasm"],"picked":"Cursed Key"},{"not_picked":["Bromod:ArcaneBarrier","Kintsugi"],"picked":"aspiration:PoetsPen_weak"},{"not_picked":["Replay:Ancient Bell","halation:Risk"],"picked":"halation:HeavySnake"}],"items_purged_floors":[],"is_endless":false,"potions_floor_spawned":[4,8,12,14,16,18,20,23,30,39,41,42,48,54],"ascension_level":0}}