{"host":"iyinq9z1nwwa1sts","time":1609862279,"event":{"mods":["BaseMod","Colored Map","Downfall","Minty Spire (QoL Compilation)","Replay The Spire","StSLib"],"gold_per_floor":[110,110,110,130,140,171,171,171,171,171,205,205,249,267,267,397,397,415,340,340,364,364,364],"floor_reached":22,"playtime":1432,"items_purged":[],"score":202,"play_id":"69a710ee-eb89-44b3-b220-8180889a8d00","local_time":"20210105235759","is_ascension_mode":false,"campfire_choices":[{"floor":7,"key":"REST"},{"floor":10,"key":"REST"},{"floor":15,"key":"REST"}],"circlet_count":0,"master_deck":["Strike_B","Strike_B","Strike_B","Strike_B","Defend_B","Defend_B","Defend_B","Defend_B","Zap","Dualcast+1","Cold Snap","Gash+1","ReplayTheSpireMod:Repulse","BootSequence","Auto Shields","Fission","Consume","Echo Form","Storm","Glacier"],"relics":["Fusion Hammer","Durian","Gambling Chip","Replay:Wax Seal","Golden Idol","Geode","Replay:Bronze Core","Nilry\u0027s Codex"],"acts_visited":["Exordium","TheCity"],"potions_floor_usage":[13,16],"damage_taken":[{"damage":10,"enemies":"Small Slimes","floor":1,"turns":4},{"damage":4,"enemies":"Jaw Worm","floor":4,"turns":4},{"damage":0,"enemies":"Cultist","floor":5,"turns":4},{"damage":32,"enemies":"Lagavulin","floor":6,"turns":8},{"damage":17,"enemies":"3 Sentries","floor":11,"turns":7},{"damage":23,"enemies":"Lagavulin","floor":13,"turns":6},{"damage":10,"enemies":"Blue Slaver","floor":14,"turns":3},{"damage":39,"enemies":"Slime Boss","floor":16,"turns":14},{"damage":5,"enemies":"Spheric Guardian","floor":18,"turns":7},{"damage":37,"enemies":"Chosen","floor":21,"turns":7},{"damage":22,"enemies":"Snake Plant","floor":22,"turns":3}],"seed_played":"-8235540103622467717","potions_obtained":[{"floor":11,"key":"CultistPotion"},{"floor":13,"key":"Elixir"},{"floor":16,"key":"Energy Potion"},{"floor":21,"key":"Venom Potion"}],"is_trial":false,"path_per_floor":["M","?","?","M","M","E","R","?","T","R","E","?","E","M","R","B",null,"M","?","?","M","M"],"character_chosen":"DEFECT","items_purchased":[],"campfire_rested":3,"item_purchase_floors":[],"current_hp_per_floor":[65,65,65,61,61,34,58,58,58,80,63,63,40,30,54,15,80,75,75,59,22,0,0],"gold":364,"neow_bonus":"BOSS_RELIC","is_daily":false,"chose_seed":false,"campfire_upgraded":0,"win_rate":0.0,"timestamp":1609862279,"path_taken":["M","?","?","?","M","E","R","?","T","R","E","?","E","M","R","BOSS","M","?","?","?","M"],"items_purchased_type":[],"build_version":"2020-12-22","purchased_purges":0,"victory":false,"max_hp_per_floor":[75,75,75,75,75,80,80,80,80,80,80,80,80,80,80,80,80,80,80,80,80,80,80],"card_choices":[{"not_picked":["Steam","Leap"],"picked":"Cold Snap","floor":1},{"not_picked":["Beam Cell","Go for the Eyes"],"picked":"Gash","floor":4},{"not_picked":["Go for the Eyes","Hologram"],"picked":"ReplayTheSpireMod:Repulse","floor":5},{"not_picked":["Barrage","Gash"],"picked":"BootSequence","floor":6},{"not_picked":["Redo","FTL"],"picked":"Auto Shields","floor":11},{"not_picked":["Barrage","Rebound"],"picked":"Fission","floor":13},{"not_picked":["Genetic Algorithm","ReplayTheSpireMod:Repulse"],"picked":"Consume","floor":14},{"not_picked":["Machine Learning","Thunder Strike"],"picked":"Echo Form","floor":16},{"not_picked":["Force Field","Chill"],"picked":"Storm","floor":18},{"not_picked":["Beam Cell","Barrage"],"picked":"Glacier","floor":21}],"player_experience":111202,"relics_obtained":[{"floor":6,"key":"Durian"},{"floor":9,"key":"Gambling Chip"},{"floor":11,"key":"Replay:Wax Seal"},{"floor":13,"key":"Geode"},{"floor":20,"key":"Nilry\u0027s Codex"}],"event_choices":[{"damage_healed":0,"gold_gain":0,"player_choice":"Ignored","damage_taken":0,"max_hp_gain":0,"max_hp_loss":0,"event_name":"Golden Wing","floor":2,"gold_loss":0},{"damage_healed":0,"gold_gain":0,"player_choice":"Upgraded","damage_taken":0,"max_hp_gain":0,"max_hp_loss":0,"event_name":"Upgrade Shrine","floor":3,"gold_loss":0,"cards_upgraded":["Dualcast"]},{"damage_healed":0,"gold_gain":0,"player_choice":"Grow","damage_taken":0,"max_hp_gain":0,"max_hp_loss":0,"event_name":"Living Wall","floor":8,"gold_loss":0,"cards_upgraded":["Gash"]},{"damage_healed":0,"gold_gain":0,"player_choice":"Take Wound","damage_taken":0,"relics_obtained":["Golden Idol"],"max_hp_gain":0,"max_hp_loss":0,"event_name":"Golden Idol","floor":12,"gold_loss":0,"cards_obtained":["Injury"]},{"cards_removed":["Injury"],"damage_healed":0,"gold_gain":0,"player_choice":"Gave Gold","damage_taken":0,"max_hp_gain":0,"max_hp_loss":0,"event_name":"Beggar","floor":19,"gold_loss":75},{"damage_healed":0,"gold_gain":0,"player_choice":"Obtained Book","damage_taken":16,"max_hp_gain":0,"max_hp_loss":0,"event_name":"Cursed Tome","floor":20,"gold_loss":0}],"is_beta":false,"boss_relics":[{"not_picked":["Snecko Eye","Runic Dome"],"picked":"Replay:Bronze Core"}],"items_purged_floors":[],"is_endless":false,"potions_floor_spawned":[11,13,16,21],"killed_by":"Snake Plant","ascension_level":0}}