{"host":"y3h3n3f7seyagppx","time":1609877322,"event":{"mods":["BaseMod","Colored Map","Colored Powertips","DeckTracker","Minty Spire (QoL Compilation)","Random Character Button","Rare Cards Sparkle","Relic Sorter","Relic Stats","StSLib"],"gold_per_floor":[214,42,59,79,97,97,126,137,182,214,234,234,250,250,250,325,325,337,11,11,11,25,25,54,67,149,149,161,161,171,197,197,272,272,291,291,301,320,151,179,198,198,225,251,264,91,104,121,121,121,121,121],"floor_reached":51,"playtime":9239,"items_purged":[],"score":1576,"play_id":"28c01d49-a324-4132-8ac6-d42faae96d4b","local_time":"20210105150842","is_ascension_mode":true,"campfire_choices":[{"data":"Bash","floor":6,"key":"SMITH"},{"data":"Twin Strike","floor":12,"key":"SMITH"},{"data":"Flame Barrier","floor":15,"key":"SMITH"},{"data":"Corruption","floor":23,"key":"SMITH"},{"data":"Pommel Strike","floor":27,"key":"SMITH"},{"data":"Feel No Pain","floor":29,"key":"SMITH"},{"data":"Flame Barrier","floor":32,"key":"SMITH"},{"data":"Barricade","floor":42,"key":"SMITH"},{"floor":49,"key":"RECALL"}],"circlet_count":0,"master_deck":["AscendersBane","Strike_R+1","Strike_R","Strike_R","Strike_R+1","Defend_R","Defend_R","Defend_R","Defend_R","Bash+1","Pommel Strike+1","Flame Barrier+1","Twin Strike+1","Anger","Corruption+1","Shrug It Off","Power Through","Double Tap","CurseOfTheBell","Body Slam+1","Feel No Pain+1","Offering","Burning Pact","Flame Barrier+1","Shrug It Off","Fiend Fire","Barricade+1","Shrug It Off+1","Armaments+1","Juggernaut","Dark Embrace"],"relics":["Burning Blood","Oddly Smooth Stone","Kunai","Akabeko","Bottled Flame","Calling Bell","Potion Belt","Eternal Feather","Thread and Needle","FossilizedHelix","Nilry\u0027s Codex","PreservedInsect","Letter Opener","Omamori","Sozu","OrangePellets","Whetstone","Boot"],"acts_visited":["Exordium","TheCity","TheBeyond"],"potions_floor_usage":[13,16,30,40,40,51],"damage_taken":[{"damage":7,"enemies":"Small Slimes","floor":1,"turns":4},{"damage":0,"enemies":"Cultist","floor":3,"turns":3},{"damage":0,"enemies":"2 Louse","floor":4,"turns":3},{"damage":0,"enemies":"2 Fungi Beasts","floor":5,"turns":4},{"damage":34,"enemies":"Lagavulin","floor":7,"turns":8},{"damage":15,"enemies":"Exordium Thugs","floor":8,"turns":7},{"damage":13,"enemies":"3 Sentries","floor":10,"turns":8},{"damage":4,"enemies":"Blue Slaver","floor":11,"turns":4},{"damage":14,"enemies":"Gremlin Gang","floor":13,"turns":4},{"damage":33,"enemies":"The Guardian","floor":16,"turns":13},{"damage":6,"enemies":"Spheric Guardian","floor":18,"turns":4},{"damage":6,"enemies":"2 Thieves","floor":22,"turns":5},{"damage":16,"enemies":"Book of Stabbing","floor":24,"turns":5},{"damage":20,"enemies":"3 Cultists","floor":25,"turns":5},{"damage":11,"enemies":"Shelled Parasite and Fungi","floor":28,"turns":5},{"damage":1,"enemies":"Chosen and Byrds","floor":30,"turns":3},{"damage":0,"enemies":"Gremlin Leader","floor":31,"turns":5},{"damage":35,"enemies":"Champ","floor":33,"turns":13},{"damage":1,"enemies":"3 Darklings","floor":35,"turns":6},{"damage":0,"enemies":"3 Shapes","floor":37,"turns":7},{"damage":6,"enemies":"Writhing Mass","floor":38,"turns":6},{"damage":50,"enemies":"Reptomancer","floor":40,"turns":10},{"damage":5,"enemies":"Jaw Worm Horde","floor":41,"turns":4},{"damage":0,"enemies":"Nemesis","floor":44,"turns":3},{"damage":0,"enemies":"4 Shapes","floor":45,"turns":10},{"damage":13,"enemies":"Spire Growth","floor":47,"turns":5},{"damage":0,"enemies":"Jaw Worm Horde","floor":48,"turns":4},{"damage":65,"enemies":"Awakened One","floor":50,"turns":9},{"damage":33,"enemies":"Donu and Deca","floor":51,"turns":4}],"seed_played":"2523682876217076276","potions_obtained":[{"floor":5,"key":"BloodPotion"},{"floor":7,"key":"FearPotion"},{"floor":13,"key":"PowerPotion"},{"floor":16,"key":"GamblersBrew"},{"floor":25,"key":"Block Potion"},{"floor":28,"key":"Fruit Juice"},{"floor":30,"key":"Weak Potion"}],"is_trial":false,"path_per_floor":["M","$","M","M","M","R","E","M","T","E","M","R","M","?","R","B",null,"M","$","?","?","M","R","E","M","T","R","M","R","M","E","R","B",null,"M","?","M","M","$","E","M","R","T","E","M","$","M","M","R","B","B"],"character_chosen":"IRONCLAD","items_purchased":["Oddly Smooth Stone","FossilizedHelix","OrangePellets","Juggernaut"],"campfire_rested":0,"item_purchase_floors":[2,19,39,46],"current_hp_per_floor":[67,67,73,75,75,75,47,38,38,31,33,33,25,25,25,13,60,60,60,60,39,39,51,41,27,27,39,34,46,56,62,77,48,72,77,73,79,79,79,35,36,51,51,57,63,63,56,62,80,21,0,0],"gold":121,"neow_bonus":"HUNDRED_GOLD","is_daily":false,"chose_seed":false,"campfire_upgraded":8,"win_rate":0.0,"timestamp":1609877322,"path_taken":["M","$","M","M","M","R","E","M","T","E","M","R","M","?","R","BOSS","M","$","?","?","M","R","E","M","T","R","M","R","M","E","R","BOSS","M","?","M","M","?","E","?","R","T","E","M","$","M","M","R","BOSS","BOSS"],"items_purchased_type":["Relic","Relic","Relic","Card"],"build_version":"2020-12-22","purchased_purges":0,"victory":false,"max_hp_per_floor":[75,75,75,75,75,75,75,75,75,75,75,75,75,75,75,75,75,75,75,75,75,75,75,75,75,75,75,75,75,80,80,80,80,80,80,80,80,80,80,80,80,80,80,80,80,80,80,80,80,80,80,80],"relic_stats":{"Sozu":3,"OrangePellets":[3],"counters":[29,171],"Eternal Feather":84,"PreservedInsect":157,"Kunai":[42],"Letter Opener":[187],"Whetstone":["Strike_R","Strike_R"],"Boot":[0],"obtain_stats":[{"Potion Belt":17,"Nilry\u0027s Codex":21,"Oddly Smooth Stone":2,"Eternal Feather":17,"Thread and Needle":17,"PreservedInsect":24,"Omamori":31,"Letter Opener":26,"Whetstone":40,"Boot":44,"Burning Blood":0,"Akabeko":9,"Calling Bell":17,"Sozu":34,"OrangePellets":39,"Bottled Flame":10,"Kunai":7,"FossilizedHelix":19},{"Potion Belt":10,"Nilry\u0027s Codex":11,"Oddly Smooth Stone":1,"Eternal Feather":10,"Thread and Needle":10,"PreservedInsect":13,"Omamori":17,"Letter Opener":14,"Whetstone":22,"Boot":24,"Burning Blood":0,"Akabeko":6,"Calling Bell":10,"Sozu":18,"OrangePellets":21,"Bottled Flame":7,"Kunai":5,"FossilizedHelix":11},{"Potion Belt":58,"Nilry\u0027s Codex":62,"Oddly Smooth Stone":4,"Eternal Feather":58,"Thread and Needle":58,"PreservedInsect":72,"Omamori":90,"Letter Opener":77,"Whetstone":132,"Boot":139,"Burning Blood":0,"Akabeko":29,"Calling Bell":58,"Sozu":103,"OrangePellets":122,"Bottled Flame":37,"Kunai":22,"FossilizedHelix":62}],"Burning Blood":158},"card_choices":[{"not_picked":["Thunderclap","Shrug It Off"],"picked":"Pommel Strike","floor":1},{"not_picked":["Heavy Blade","Thunderclap"],"picked":"Flame Barrier","floor":3},{"not_picked":["Intimidate","Wild Strike"],"picked":"Twin Strike","floor":4},{"not_picked":["Havoc","Rampage"],"picked":"Anger","floor":5},{"not_picked":["Disarm","Bloodletting"],"picked":"Corruption","floor":7},{"not_picked":["Whirlwind","Twin Strike"],"picked":"Shrug It Off","floor":8},{"not_picked":["Anger","Warcry","Corruption"],"picked":"SKIP","floor":10},{"not_picked":["Iron Wave","Pummel"],"picked":"Power Through","floor":11},{"not_picked":["Sword Boomerang","Whirlwind","Heavy Blade"],"picked":"SKIP","floor":13},{"not_picked":["Sword Boomerang","Whirlwind","Heavy Blade"],"picked":"SKIP","floor":13},{"not_picked":["Bludgeon","Demon Form"],"picked":"Double Tap","floor":16},{"not_picked":["Fire Breathing","Warcry"],"picked":"Body Slam+1","floor":18},{"not_picked":["Battle Trance","Clothesline"],"picked":"Offering","floor":22},{"not_picked":["Pommel Strike","Whirlwind","Body Slam"],"picked":"SKIP","floor":24},{"not_picked":["Pommel Strike","Iron Wave"],"picked":"Burning Pact","floor":25},{"not_picked":["Carnage+1","Iron Wave"],"picked":"Flame Barrier","floor":28},{"not_picked":["Flex","Warcry","Clash"],"picked":"SKIP","floor":30},{"not_picked":["Clothesline+1","Spot Weakness+1"],"picked":"Shrug It Off","floor":31},{"not_picked":["Immolate","Bludgeon"],"picked":"Fiend Fire","floor":33},{"not_picked":["Pommel Strike","Uppercut","Cleave"],"picked":"SKIP","floor":35},{"not_picked":["Heavy Blade","Thunderclap","Havoc+1"],"picked":"SKIP","floor":37},{"not_picked":["Havoc+1","Hemokinesis","Pommel Strike"],"picked":"SKIP","floor":38},{"not_picked":["Shrug It Off","Iron Wave+1"],"picked":"Barricade","floor":40},{"not_picked":["Clothesline","Hemokinesis","Havoc"],"picked":"SKIP","floor":41},{"not_picked":["Inflame","Cleave"],"picked":"Shrug It Off+1","floor":44},{"not_picked":["Searing Blow","Sword Boomerang"],"picked":"Armaments+1","floor":45},{"not_picked":["Clothesline","Berserk","Heavy Blade+1"],"picked":"SKIP","floor":47},{"not_picked":["Wild Strike+1","Shrug It Off"],"picked":"Dark Embrace","floor":48}],"player_experience":20359060,"relics_obtained":[{"floor":7,"key":"Kunai"},{"floor":9,"key":"Akabeko"},{"floor":10,"key":"Bottled Flame"},{"floor":17,"key":"Potion Belt"},{"floor":17,"key":"Eternal Feather"},{"floor":17,"key":"Thread and Needle"},{"floor":21,"key":"Nilry\u0027s Codex"},{"floor":24,"key":"PreservedInsect"},{"floor":26,"key":"Letter Opener"},{"floor":31,"key":"Omamori"},{"floor":40,"key":"Whetstone"},{"floor":44,"key":"Boot"}],"event_choices":[{"cards_removed":["Strike_R"],"damage_healed":0,"gold_gain":0,"player_choice":"Purged","damage_taken":0,"max_hp_gain":0,"max_hp_loss":0,"event_name":"Purifier","floor":14,"gold_loss":0},{"damage_healed":0,"gold_gain":0,"player_choice":"Read","damage_taken":0,"max_hp_gain":0,"max_hp_loss":0,"event_name":"The Library","floor":20,"gold_loss":0,"cards_obtained":["Feel No Pain"]},{"damage_healed":0,"gold_gain":0,"player_choice":"Obtained Book","damage_taken":21,"max_hp_gain":0,"max_hp_loss":0,"event_name":"Cursed Tome","floor":21,"gold_loss":0},{"damage_healed":0,"gold_gain":0,"player_choice":"Bought 0 Potions","damage_taken":0,"max_hp_gain":0,"max_hp_loss":0,"event_name":"The Woman in Blue","floor":36,"gold_loss":0}],"is_beta":false,"boss_relics":[{"not_picked":["Black Blood","Ectoplasm"],"picked":"Calling Bell"},{"not_picked":["Velvet Choker","Runic Dome"],"picked":"Sozu"}],"items_purged_floors":[],"is_endless":false,"potions_floor_spawned":[5,7,13,16,25,28,30,40,41,44],"killed_by":"Donu and Deca","ascension_level":20}}