{"host":"bu0lvejwxlz725fi","time":1609841595,"event":{"mods":["AchievementEnabler","BaseMod","Colored Powertips","Downfall","Hermit","Minty Spire (QoL Compilation)","Quick Restart","Robot Space Explorer","StSLib","The Bug Knight","The Disciple","The Hierophant","The Necromancer","The Servant 0.9.4"],"gold_per_floor":[112,127,139,5,18,18,53,53,53,73,88,88,0,14,14,14,14],"floor_reached":16,"playtime":1443,"items_purged":[],"score":104,"play_id":"5f6697ed-3bf0-4e1b-91d4-6aba54221459","local_time":"20210105111315","is_ascension_mode":false,"campfire_choices":[{"data":"hermit:EyeOfTheStorm","floor":6,"key":"SMITH"},{"data":"hermit:TakeAim","floor":8,"key":"SMITH"},{"floor":12,"key":"REST"},{"floor":15,"key":"REST"}],"circlet_count":0,"master_deck":["hermit:Strike_Hermit","hermit:Strike_Hermit","hermit:Strike_Hermit","hermit:Strike_Hermit","hermit:Defend_Hermit","hermit:Defend_Hermit","hermit:Defend_Hermit","hermit:Defend_Hermit","hermit:Snapshot","hermit:Covet","hermit:Combo","hermit:ItchyTrigger","hermit:EyeOfTheStorm+1","hermit:TakeAim+1","hermit:GoldenBullet","hermit:ItchyTrigger","hermit:Misfire","hermit:Showdown","hermit:TrackingShot","hermit:Brawl","hermit:ItchyTrigger","hermit:Determination"],"relics":["hermit:Momento","NeowsBlessing","Bottled Lightning","Letter Opener"],"acts_visited":["Exordium"],"potions_floor_usage":[7,16],"damage_taken":[{"damage":0,"enemies":"Cultist","floor":1,"turns":1},{"damage":0,"enemies":"Jaw Worm","floor":2,"turns":1},{"damage":0,"enemies":"Small Slimes","floor":3,"turns":1},{"damage":11,"enemies":"Blue Slaver","floor":5,"turns":4},{"damage":22,"enemies":"3 Sentries","floor":7,"turns":8},{"damage":44,"enemies":"Exordium Thugs","floor":10,"turns":6},{"damage":13,"enemies":"Red Slaver","floor":11,"turns":2},{"damage":18,"enemies":"Large Slime","floor":14,"turns":7},{"damage":33,"enemies":"Hexaghost","floor":16,"turns":7}],"seed_played":"-4617199211156666509","potions_obtained":[{"floor":3,"key":"Explosive Potion"},{"floor":5,"key":"FairyPotion"},{"floor":11,"key":"hermit:BlackBile"}],"is_trial":false,"path_per_floor":["M","M","M","$","M","R","E","R","T","M","M","R","$","M","R","B"],"character_chosen":"HERMIT","items_purchased":["hermit:TakeAim","hermit:GoldenBullet","hermit:Brawl","hermit:ItchyTrigger"],"campfire_rested":2,"item_purchase_floors":[4,4,13,13],"current_hp_per_floor":[75,75,75,75,64,64,42,42,42,20,7,29,29,11,33,0,0],"gold":14,"neow_bonus":"THREE_ENEMY_KILL","is_daily":false,"chose_seed":false,"campfire_upgraded":2,"win_rate":0.0,"timestamp":1609841595,"path_taken":["M","?","M","$","M","R","E","R","T","?","?","R","$","M","R","BOSS"],"items_purchased_type":["Card","Card","Card","Card"],"build_version":"2020-12-22","purchased_purges":0,"victory":false,"max_hp_per_floor":[75,75,75,75,75,75,75,75,75,75,75,75,75,75,75,75,75],"card_choices":[{"not_picked":["hermit:SprayPray","hermit:Spite"],"picked":"hermit:Combo","floor":1},{"not_picked":["hermit:Malice","hermit:Glare"],"picked":"hermit:ItchyTrigger","floor":2},{"not_picked":["hermit:Feint","hermit:Coalescence"],"picked":"hermit:EyeOfTheStorm","floor":3},{"not_picked":["hermit:FlashPowder","hermit:Manifest"],"picked":"hermit:ItchyTrigger","floor":5},{"not_picked":["hermit:Scavenge","hermit:NoHoldsBarred"],"picked":"hermit:Misfire","floor":7},{"not_picked":["hermit:Roulette","hermit:SprayPray"],"picked":"hermit:Showdown","floor":10},{"not_picked":["hermit:Cheat","hermit:Feint"],"picked":"hermit:TrackingShot","floor":11},{"not_picked":["hermit:PistolWhip","hermit:Desperado"],"picked":"hermit:Determination","floor":14}],"player_experience":188904,"relics_obtained":[{"floor":7,"key":"Bottled Lightning"},{"floor":9,"key":"Letter Opener"}],"event_choices":[],"is_beta":false,"boss_relics":[],"items_purged_floors":[],"is_endless":false,"potions_floor_spawned":[3,5,11],"killed_by":"Hexaghost","ascension_level":0}}