{"host":"w9yruvs4bqht6bhw","time":1609821738,"event":{"mods":["BaseMod","Colored Powertips","Minty Spire (QoL Compilation)"],"gold_per_floor":[114,124,124,43,58,58,78,78,101,101,29,29,68,68,68,198,198,227,136,151,160,176,176,225,258,258,294,294,294,335,362,362,362,362],"floor_reached":33,"playtime":891,"items_purged":["Strike_B"],"score":319,"play_id":"03cea5c8-4580-43c6-ba6b-7276bb241c0f","local_time":"20210104234218","is_ascension_mode":true,"campfire_choices":[{"data":"Scrape","floor":6,"key":"SMITH"},{"data":"Gash","floor":10,"key":"SMITH"},{"data":"Scrape","floor":12,"key":"SMITH"},{"data":"Zap","floor":15,"key":"SMITH"},{"data":"Reboot","floor":23,"key":"SMITH"},{"data":"Gash","floor":29,"key":"SMITH"},{"floor":32,"key":"REST"}],"circlet_count":0,"master_deck":["Strike_B","Strike_B","Defend_B","Defend_B+1","Defend_B","Defend_B","Zap+1","Dualcast+1","Gash+1","Scrape+1","Conserve Battery+1","Gash+1","Scrape+1","Gash+1","Go for the Eyes","Reboot+1","Steam+1","Gash+1","Gash+1","Steam+1","BootSequence","Self Repair","Leap+1"],"relics":["Cracked Core","NeowsBlessing","Golden Idol","War Paint","CeramicFish","Bag of Marbles","Black Star","Prayer Wheel","Bottled Lightning","Letter Opener"],"acts_visited":["Exordium","TheCity"],"potions_floor_usage":[24,24,33],"damage_taken":[{"damage":0,"enemies":"Small Slimes","floor":1,"turns":1},{"damage":0,"enemies":"2 Louse","floor":2,"turns":1},{"damage":0,"enemies":"Jaw Worm","floor":5,"turns":1},{"damage":4,"enemies":"Red Slaver","floor":7,"turns":2},{"damage":8,"enemies":"Lagavulin","floor":13,"turns":4},{"damage":16,"enemies":"Hexaghost","floor":16,"turns":8},{"damage":6,"enemies":"Spheric Guardian","floor":18,"turns":3},{"damage":3,"enemies":"2 Thieves","floor":20,"turns":3},{"damage":8,"enemies":"3 Cultists","floor":22,"turns":3},{"damage":22,"enemies":"Gremlin Leader","floor":24,"turns":4},{"damage":6,"enemies":"Snake Plant","floor":25,"turns":3},{"damage":0,"enemies":"Cultist and Chosen","floor":27,"turns":3},{"damage":6,"enemies":"Centurion and Healer","floor":30,"turns":3},{"damage":0,"enemies":"3 Cultists","floor":31,"turns":3},{"damage":45,"enemies":"Automaton","floor":33,"turns":6}],"seed_played":"123151247984261157","potions_obtained":[{"floor":1,"key":"Energy Potion"},{"floor":13,"key":"Dexterity Potion"},{"floor":18,"key":"Ancient Potion"},{"floor":25,"key":"Energy Potion"},{"floor":31,"key":"GamblersBrew"}],"is_trial":false,"path_per_floor":["M","M","?","$","M","R","M","?","T","R","$","R","E","?","R","B",null,"M","$","M","?","M","R","E","M","T","M","?","R","M","M","R","B"],"character_chosen":"DEFECT","items_purchased":["Scrape","Scrape","Go for the Eyes"],"campfire_rested":1,"item_purchase_floors":[4,11,19],"current_hp_per_floor":[75,75,60,60,60,60,56,56,56,56,56,56,48,45,45,29,69,63,63,60,60,52,52,30,24,24,24,24,24,18,25,45,0,0],"gold":362,"neow_bonus":"THREE_ENEMY_KILL","is_daily":false,"chose_seed":false,"campfire_upgraded":6,"win_rate":0.0,"timestamp":1609821738,"path_taken":["M","M","?","$","M","R","M","?","T","R","$","R","E","?","R","BOSS","M","$","M","?","M","R","E","M","T","?","?","R","M","?","R","BOSS"],"items_purchased_type":["Card","Card","Card"],"build_version":"2020-12-22","purchased_purges":1,"victory":false,"max_hp_per_floor":[75,75,75,75,75,75,75,69,69,69,69,69,69,69,69,69,69,69,69,69,69,69,69,69,69,69,69,69,69,69,69,69,69,69],"card_choices":[{"not_picked":["Darkness","Rebound"],"picked":"Gash","floor":1},{"not_picked":["Rebound","Compile Driver","FTL"],"picked":"SKIP","floor":2},{"not_picked":["Hologram","Rebound"],"picked":"Conserve Battery","floor":5},{"not_picked":["Steam","Lockon"],"picked":"Gash","floor":7},{"not_picked":["Chaos","Static Discharge","Cold Snap"],"picked":"SKIP","floor":13},{"not_picked":["Cold Snap","Melter"],"picked":"Gash","floor":18},{"not_picked":["Consume","Storm","Rebound"],"picked":"SKIP","floor":20},{"not_picked":["Static Discharge+1","Rip and Tear","Loop"],"picked":"SKIP","floor":22},{"not_picked":["Consume","Coolheaded+1"],"picked":"Steam+1","floor":24},{"not_picked":["Redo","Steam+1"],"picked":"Gash","floor":25},{"not_picked":["Coolheaded","Undo","Blizzard"],"picked":"SKIP","floor":25},{"not_picked":["Fusion","Redo"],"picked":"Gash+1","floor":27},{"not_picked":["Scrape","Fission"],"picked":"Steam+1","floor":27},{"not_picked":["Hologram","Leap"],"picked":"BootSequence","floor":30},{"not_picked":["Barrage","Capacitor"],"picked":"Self Repair","floor":30},{"not_picked":["Redo","Gash"],"picked":"Leap+1","floor":31},{"not_picked":["Ball Lightning","Rebound","Tempest"],"picked":"SKIP","floor":31}],"player_experience":337380,"relics_obtained":[{"floor":9,"key":"War Paint"},{"floor":13,"key":"CeramicFish"},{"floor":24,"key":"Prayer Wheel"},{"floor":24,"key":"Bottled Lightning"},{"floor":26,"key":"Letter Opener"}],"event_choices":[{"damage_healed":0,"gold_gain":0,"player_choice":"Entered Light","damage_taken":15,"max_hp_gain":0,"max_hp_loss":0,"event_name":"Shining Light","floor":3,"gold_loss":0,"cards_upgraded":["Gash","Dualcast"]},{"damage_healed":0,"gold_gain":0,"player_choice":"Lose Max HP","damage_taken":0,"relics_obtained":["Golden Idol"],"max_hp_gain":0,"max_hp_loss":6,"event_name":"Golden Idol","floor":8,"gold_loss":0},{"damage_healed":0,"gold_gain":0,"player_choice":"Success","damage_taken":3,"relics_obtained":["Bag of Marbles"],"max_hp_gain":0,"max_hp_loss":0,"event_name":"Scrap Ooze","floor":14,"gold_loss":0},{"damage_healed":0,"gold_gain":0,"cards_transformed":["Strike_B"],"player_choice":"Transformed","damage_taken":0,"max_hp_gain":0,"max_hp_loss":0,"event_name":"Transmorgrifier","floor":21,"gold_loss":0,"cards_obtained":["Reboot"]},{"damage_healed":0,"gold_gain":0,"player_choice":"Forge","damage_taken":0,"max_hp_gain":0,"max_hp_loss":0,"event_name":"Accursed Blacksmith","floor":28,"gold_loss":0,"cards_upgraded":["Gash"]}],"is_beta":false,"boss_relics":[{"not_picked":["Cursed Key","Runic Pyramid"],"picked":"Black Star"}],"items_purged_floors":[19],"is_endless":false,"potions_floor_spawned":[1,13,18,22,25,31],"killed_by":"Automaton","ascension_level":2}}