{"host":"h0xw20cia6ppa69g","time":1609839307,"event":{"mods":["AchievementEnabler","BaseMod","Colored Map","Filter the Spire","Googly Eyes","Minty Spire (QoL Compilation)","Relic Stats","StSLib","The Awakened One except there are too many feathers","everything is the same but u backflip on backflip"],"gold_per_floor":[15,15,15,31,43,43,72,85,111,136,136,152,152,2,2,99,99,117,133,156,201,242,242,278,278,304,345,354,354,381,402,402,515,515,538,566,137,148,168,200,422,466,466,376,407,428,428,49,49,49,49,49,24,64,64],"floor_reached":56,"playtime":5916,"items_purged":["Pain"],"score":1407,"play_id":"5d2b15b6-f177-4d67-9c0b-1f187a99f5f2","local_time":"20210105033507","is_ascension_mode":true,"campfire_choices":[{"data":"Berserk","floor":6.0,"key":"SMITH"},{"data":"Rampage","floor":13.0,"key":"SMITH"},{"data":"Discovery","floor":15.0,"key":"SMITH"},{"data":"Feed","floor":23.0,"key":"SMITH"},{"data":"Ghostly","floor":25.0,"key":"SMITH"},{"data":"Entrench","floor":29.0,"key":"SMITH"},{"data":"Ghostly","floor":32.0,"key":"SMITH"},{"floor":49,"key":"RECALL"},{"data":"Demon Form","floor":52,"key":"SMITH"}],"circlet_count":0,"master_deck":["Bash","True Grit","Berserk+1","Dark Embrace","Rampage+1","True Grit+1","Reckless Charge","Reaper+1","Bloodletting","Thunderclap+1","Burning Pact","Discovery+1","Exhume","Berserk","Flex","Fire Breathing","Demon Form+1","Feed+1","Cleave","Dual Wield+1","Ghostly","Ghostly+1","Ghostly+1","Ghostly+1","Ghostly+1","Sentinel+1","Shrug It Off","Entrench+1","Shrug It Off","Power Through","Flame Barrier","Impervious","True Grit","Dual Wield+1","Disarm+1","Body Slam+1","Second Wind","Ghostly Armor+1","Headbutt","Headbutt","Shrug It Off+1","Metallicize","Offering"],"relics":["Burning Blood","Pen Nib","Anchor","Art of War","WarpedTongs","Pandora\u0027s Box","CeramicFish","Red Mask","Bag of Marbles","Juzu Bracelet","Self Forming Clay","SlaversCollar","Orrery","Blue Candle","Whetstone","Toy Ornithopter","Darkstone Periapt","PreservedInsect","War Paint","Happy Flower"],"acts_visited":["Exordium","TheCity","TheBeyond","TheEnding"],"potions_floor_usage":[42,46,55,55],"damage_taken":[{"damage":4.0,"enemies":"2 Louse","floor":1.0,"turns":4.0},{"damage":7.0,"enemies":"Cultist","floor":4.0,"turns":5.0},{"damage":2.0,"enemies":"Small Slimes","floor":5.0,"turns":4.0},{"damage":28.0,"enemies":"3 Sentries","floor":7.0,"turns":10.0},{"damage":6.0,"enemies":"Gremlin Gang","floor":8.0,"turns":6.0},{"damage":23.0,"enemies":"Lagavulin","floor":10.0,"turns":6.0},{"damage":5.0,"enemies":"Red Slaver","floor":12.0,"turns":8.0},{"damage":30.0,"enemies":"Slime Boss","floor":16.0,"turns":9.0},{"damage":32.0,"enemies":"3 Byrds","floor":18.0,"turns":6.0},{"damage":26.0,"enemies":"2 Thieves","floor":19.0,"turns":4.0},{"damage":13.0,"enemies":"Masked Bandits","floor":22.0,"turns":6.0},{"damage":23.0,"enemies":"Slavers","floor":24.0,"turns":11.0},{"damage":51.0,"enemies":"Gremlin Leader","floor":27.0,"turns":12.0},{"damage":18.0,"enemies":"Centurion and Healer","floor":30.0,"turns":8.0},{"damage":22.0,"enemies":"Shelled Parasite and Fungi","floor":31.0,"turns":10.0},{"damage":64.0,"enemies":"Automaton","floor":33.0,"turns":14.0},{"damage":44.0,"enemies":"3 Shapes","floor":35.0,"turns":8.0},{"damage":48.0,"enemies":"3 Darklings","floor":36.0,"turns":18.0},{"damage":54.0,"enemies":"4 Shapes","floor":38.0,"turns":20.0},{"damage":32.0,"enemies":"Sphere and 2 Shapes","floor":39.0,"turns":18.0},{"damage":62.0,"enemies":"Nemesis","floor":40.0,"turns":21.0},{"damage":24,"enemies":"Giant Head","floor":42,"turns":11},{"damage":27,"enemies":"Reptomancer","floor":45,"turns":13},{"damage":60,"enemies":"Writhing Mass","floor":46,"turns":24},{"damage":105,"enemies":"Time Eater","floor":50,"turns":21},{"damage":45,"enemies":"Shield and Spear","floor":54,"turns":10},{"damage":57,"enemies":"The Heart","floor":55,"turns":10}],"seed_played":"-6571833909019388672","potions_obtained":[{"floor":4.0,"key":"ElixirPotion"},{"floor":8.0,"key":"SpeedPotion"},{"floor":10.0,"key":"BloodPotion"},{"floor":19.0,"key":"SneckoOil"},{"floor":22.0,"key":"EssenceOfSteel"},{"floor":27.0,"key":"Block Potion"},{"floor":33.0,"key":"SpeedPotion"},{"floor":39.0,"key":"Swift Potion"},{"floor":42,"key":"Strength Potion"},{"floor":46,"key":"Weak Potion"}],"is_trial":false,"path_per_floor":["M","?","?","M","M","R","E","M","T","E","?","M","R","$","R","B",null,"M","M","T","?","?","R","E","R","T","E","?","R","M","M","R","B",null,"M","M","$","M","M","E","?","E","T","?","E","M","?","$","R","B",null,"R","$","E","B",null],"character_chosen":"IRONCLAD","items_purchased":["Burning Pact","Discovery","Orrery","Blue Candle","PreservedInsect","War Paint","Regen Potion","Metallicize"],"campfire_rested":0,"item_purchase_floors":[14,14,37,37,48,48,48,53],"current_hp_per_floor":[80,80,80,79,80,80,58,58,58,45,45,50,50,50,50,47,80,54,50,50,40,38,38,51,51,51,51,51,51,59,67,67,29,71,41,81,81,49,42,36,36,78,78,78,119,101,133,133,133,125,137,137,137,137,105],"gold":64,"neow_bonus":"TRANSFORM_TWO_CARDS","is_daily":false,"chose_seed":false,"campfire_upgraded":8,"win_rate":0.0,"timestamp":1609839307,"path_taken":["M","?","?","M","M","R","E","?","T","E","?","?","R","$","R","BOSS","M","M","?","?","?","R","E","R","T","E","?","R","M","M","R","BOSS","M","M","$","M","M","E","?","E","T","?","E","M","?","$","R","BOSS","R","$","E","BOSS"],"items_purchased_type":["Card","Card","Relic","Relic","Relic","Relic","Potion","Card"],"build_version":"2020-12-22","purchased_purges":1,"victory":true,"max_hp_per_floor":[80,80,80,80,80,80,80,80,80,80,80,80,80,80,80,80,80,80,80,80,40,43,43,51,51,51,51,51,51,59,67,67,71,71,79,83,83,99,111,115,115,115,115,115,119,123,133,133,133,137,137,137,137,137,141],"relic_stats":{"Darkstone Periapt":0,"Happy Flower":[3],"counters":[27,297],"Self Forming Clay":[363],"CeramicFish":216,"Blue Candle":[0],"Pen Nib":[25],"PreservedInsect":68,"Juzu Bracelet":1,"Whetstone":["Reaper","Thunderclap"],"War Paint":["Ghostly","Ghostly"],"Burning Blood":128,"WarpedTongs":[241],"Pandora\u0027s Box":["Berserk","Flex","Fire Breathing","Demon Form","Feed","Cleave"],"Art of War":[114],"obtain_stats":[{"Darkstone Periapt":45,"Happy Flower":54,"Self Forming Clay":27,"CeramicFish":20,"Blue Candle":37,"Pen Nib":7,"PreservedInsect":48,"Juzu Bracelet":26,"Whetstone":40,"War Paint":48,"Burning Blood":0,"WarpedTongs":11,"SlaversCollar":34,"Anchor":9,"Orrery":37,"Pandora\u0027s Box":17,"Art of War":10,"Red Mask":22,"Bag of Marbles":24,"Toy Ornithopter":42},{"Darkstone Periapt":23,"Happy Flower":26,"Self Forming Clay":13,"CeramicFish":10,"Blue Candle":18,"Pen Nib":4,"PreservedInsect":24,"Juzu Bracelet":12,"Whetstone":21,"War Paint":24,"Burning Blood":0,"WarpedTongs":6,"SlaversCollar":16,"Anchor":5,"Orrery":18,"Pandora\u0027s Box":8,"Art of War":6,"Red Mask":11,"Bag of Marbles":12,"Toy Ornithopter":22},{"Darkstone Periapt":232,"Happy Flower":287,"Self Forming Clay":91,"CeramicFish":62,"Blue Candle":149,"Pen Nib":23,"PreservedInsect":256,"Juzu Bracelet":79,"Whetstone":208,"War Paint":256,"Burning Blood":0,"WarpedTongs":35,"SlaversCollar":123,"Anchor":29,"Orrery":149,"Pandora\u0027s Box":52,"Art of War":35,"Red Mask":68,"Bag of Marbles":79,"Toy Ornithopter":219}],"Toy Ornithopter":13},"card_choices":[{"not_picked":["Sword Boomerang","True Grit"],"picked":"Hemokinesis","floor":1.0},{"not_picked":["Flex","Rage"],"picked":"Rampage","floor":4.0},{"not_picked":["Thunderclap","Wild Strike"],"picked":"True Grit","floor":5.0},{"not_picked":["Flex","Clothesline"],"picked":"Reckless Charge","floor":7.0},{"not_picked":["Perfected Strike","Anger"],"picked":"Reaper","floor":8.0},{"not_picked":["Perfected Strike","Cleave"],"picked":"Bloodletting","floor":10.0},{"not_picked":["Havoc","Perfected Strike"],"picked":"Thunderclap","floor":12.0},{"not_picked":["Double Tap","Limit Break"],"picked":"Exhume","floor":16.0},{"not_picked":["Body Slam","Twin Strike","Anger"],"picked":"SKIP","floor":18.0},{"not_picked":["Searing Blow","Pommel Strike"],"picked":"Dual Wield+1","floor":19.0},{"not_picked":["Combust+1","Rupture+1"],"picked":"Sentinel+1","floor":22.0},{"not_picked":["Anger","Dropkick"],"picked":"Shrug It Off","floor":24.0},{"not_picked":["Warcry","Clash"],"picked":"Entrench","floor":27.0},{"not_picked":["Flex+1","Armaments"],"picked":"Power Through","floor":30.0},{"not_picked":["Pommel Strike","Armaments"],"picked":"Flame Barrier","floor":31.0},{"not_picked":["Juggernaut","Corruption"],"picked":"Impervious","floor":33.0},{"not_picked":["Anger+1","Warcry"],"picked":"True Grit","floor":35.0},{"not_picked":["Heavy Blade+1","Rampage+1"],"picked":"Dual Wield+1","floor":36.0},{"not_picked":["Body Slam","Combust+1"],"picked":"Disarm+1","floor":37.0},{"not_picked":["Dropkick","Hemokinesis"],"picked":"Body Slam+1","floor":37.0},{"not_picked":["Perfected Strike+1","Twin Strike+1"],"picked":"Second Wind","floor":37.0},{"not_picked":["Fire Breathing+1","Rage+1"],"picked":"Fiend Fire","floor":37.0},{"not_picked":["Disarm","Uppercut"],"picked":"Ghostly Armor+1","floor":37.0},{"not_picked":["Heavy Blade","Anger","Searing Blow+1"],"picked":"SKIP","floor":38.0},{"not_picked":["Twin Strike","Flex+1"],"picked":"Headbutt","floor":39.0},{"not_picked":["Body Slam+1","Perfected Strike+1","Anger+1"],"picked":"SKIP","floor":40.0},{"not_picked":["Twin Strike+1","Sentinel"],"picked":"Headbutt","floor":42},{"not_picked":["Body Slam+1","Heavy Blade+1","Combust"],"picked":"SKIP","floor":45},{"not_picked":["Feed","Flex+1"],"picked":"Shrug It Off+1","floor":46},{"not_picked":["Rupture","Shrug It Off+1"],"picked":"Offering","floor":54}],"player_experience":3616903,"relics_obtained":[{"floor":7.0,"key":"Pen Nib"},{"floor":9.0,"key":"Anchor"},{"floor":10.0,"key":"Art of War"},{"floor":20.0,"key":"CeramicFish"},{"floor":22.0,"key":"Red Mask"},{"floor":24.0,"key":"Bag of Marbles"},{"floor":26.0,"key":"Juzu Bracelet"},{"floor":27.0,"key":"Self Forming Clay"},{"floor":40.0,"key":"Whetstone"},{"floor":42,"key":"Toy Ornithopter"},{"floor":45,"key":"Darkstone Periapt"},{"floor":54,"key":"Happy Flower"}],"event_choices":[{"damage_healed":0.0,"max_hp_gain":0.0,"max_hp_loss":0.0,"gold_gain":0.0,"cards_transformed":["Strike_R"],"event_name":"Living Wall","player_choice":"Change","floor":2.0,"gold_loss":0.0,"damage_taken":0.0,"cards_obtained":["Dark Embrace"]},{"damage_healed":0.0,"max_hp_gain":0.0,"max_hp_loss":0.0,"gold_gain":0.0,"event_name":"NoteForYourself","player_choice":"Ignored","floor":3.0,"gold_loss":0.0,"damage_taken":0.0},{"damage_healed":0.0,"max_hp_gain":0.0,"max_hp_loss":0.0,"gold_gain":0.0,"event_name":"Accursed Blacksmith","player_choice":"Rummage","floor":11.0,"gold_loss":0.0,"damage_taken":0.0,"relics_obtained":["WarpedTongs"],"cards_obtained":["Pain"]},{"damage_healed":0.0,"max_hp_gain":0.0,"max_hp_loss":40.0,"gold_gain":0.0,"event_name":"Ghosts","player_choice":"Became a Ghost","floor":21.0,"gold_loss":0.0,"damage_taken":0.0,"cards_obtained":["Ghostly","Ghostly","Ghostly","Ghostly","Ghostly"]},{"damage_healed":0.0,"max_hp_gain":0.0,"max_hp_loss":0.0,"gold_gain":0.0,"event_name":"Masked Bandits","player_choice":"Fought Bandits","floor":22.0,"gold_loss":0.0,"damage_taken":0.0},{"damage_healed":0.0,"max_hp_gain":0.0,"max_hp_loss":0.0,"gold_gain":0.0,"event_name":"The Library","player_choice":"Read","floor":28.0,"gold_loss":0.0,"damage_taken":0.0,"cards_obtained":["Shrug It Off"]},{"damage_healed":0.0,"max_hp_gain":0.0,"max_hp_loss":0.0,"gold_gain":222.0,"event_name":"Tomb of Lord Red Mask","player_choice":"Wore Mask","floor":41.0,"gold_loss":0.0,"damage_taken":0.0},{"cards_removed":["Hemokinesis"],"damage_healed":0,"gold_gain":0,"player_choice":"Upgrade and Remove","damage_taken":0,"max_hp_gain":0,"max_hp_loss":0,"event_name":"Designer","floor":44,"gold_loss":90,"cards_upgraded":["True Grit"]},{"cards_removed":["Fiend Fire"],"damage_healed":22,"gold_gain":0,"player_choice":"Offered Rare","damage_taken":0,"max_hp_gain":10,"max_hp_loss":0,"event_name":"Bonfire Elementals","floor":47,"gold_loss":0}],"is_beta":false,"boss_relics":[{"not_picked":["Tiny House","Snecko Eye"],"picked":"Pandora\u0027s Box"},{"not_picked":["Black Blood","Sozu"],"picked":"SlaversCollar"}],"items_purged_floors":[37],"is_endless":false,"potions_floor_spawned":[4,8,10,16,19,22,27,33,39,42,46],"ascension_level":1}}