{"host":"y7sd46uq4xlni546","time":1609880892,"event":{"mods":["AchievementEnabler","BaseMod","Colored Map","Colored Powertips","Curses Come First","Filter the Spire","Minty Spire (QoL Compilation)","Quick Restart","Random Character Button","Rare Cards Sparkle","StSLib"],"gold_per_floor":[115,65,84,84,98,98,127,157,157,167,177,187,187,187,187,316,316,339,360,275,328,344,153,189,189,189,189,289,289,323,150,150,269,269,289,289,312,337,350,391,391,454,454,454,510,371,371,385,385,385],"floor_reached":51,"playtime":3192,"items_purged":["Defend_R","Warcry+1","Strike_R"],"score":763,"play_id":"59fb818e-f073-48e3-a199-635674abe72f","local_time":"20210105220812","is_ascension_mode":false,"campfire_choices":[{"data":"Armaments","floor":6.0,"key":"SMITH"},{"floor":15.0,"key":"REST"},{"data":"Shrug It Off","floor":25.0,"key":"SMITH"},{"floor":29.0,"key":"REST"},{"data":"Bash","floor":32,"key":"SMITH"},{"floor":41,"key":"REST"},{"floor":44,"key":"REST"},{"data":"Strike_R","floor":47,"key":"PURGE"},{"data":"Warcry+1","floor":49,"key":"PURGE"}],"circlet_count":0,"master_deck":["Defend_R+1","Bash+1","Second Wind+1","Armaments+1","Shrug It Off+1","Body Slam+1","Shrug It Off+1","Body Slam+1"],"relics":["Astrolabe","StrikeDummy","Ancient Tea Set","Darkstone Periapt","Golden Idol","Sozu","Singing Bowl","Blood Vial","Membership Card","Calipers","Toxic Egg 2","Centennial Puzzle","Pocketwatch","Kunai","Busted Crown","Mummified Hand","Ginger","Omamori","Peace Pipe","Anchor"],"acts_visited":["Exordium","TheCity","TheBeyond"],"potions_floor_usage":[30],"damage_taken":[{"damage":2.0,"enemies":"2 Louse","floor":1.0,"turns":3.0},{"damage":1.0,"enemies":"Jaw Worm","floor":3.0,"turns":5.0},{"damage":2.0,"enemies":"Small Slimes","floor":5.0,"turns":4.0},{"damage":36.0,"enemies":"3 Sentries","floor":7.0,"turns":15.0},{"damage":0.0,"enemies":"3 Louse","floor":10.0,"turns":4.0},{"damage":0.0,"enemies":"2 Fungi Beasts","floor":11.0,"turns":4.0},{"damage":0.0,"enemies":"Blue Slaver","floor":12.0,"turns":5.0},{"damage":8.0,"enemies":"Hexaghost","floor":16.0,"turns":12.0},{"damage":14.0,"enemies":"Spheric Guardian","floor":18.0,"turns":4.0},{"damage":5.0,"enemies":"3 Byrds","floor":19.0,"turns":6.0},{"damage":0.0,"enemies":"Centurion and Healer","floor":22.0,"turns":7.0},{"damage":14.0,"enemies":"Book of Stabbing","floor":24.0,"turns":5.0},{"damage":3,"enemies":"Slavers","floor":30,"turns":5},{"damage":70,"enemies":"Collector","floor":33,"turns":11},{"damage":0,"enemies":"3 Shapes","floor":35,"turns":5},{"damage":0,"enemies":"Orb Walker","floor":37,"turns":2},{"damage":33,"enemies":"Writhing Mass","floor":38,"turns":4},{"damage":0,"enemies":"Maw","floor":39,"turns":7},{"damage":3,"enemies":"Giant Head","floor":40,"turns":6},{"damage":20,"enemies":"Mind Bloom Boss Battle","floor":42,"turns":5},{"damage":0,"enemies":"2 Orb Walkers","floor":45,"turns":3},{"damage":0,"enemies":"Jaw Worm Horde","floor":48,"turns":2},{"damage":2,"enemies":"Awakened One","floor":50,"turns":11}],"seed_played":"2341250855450636262","potions_obtained":[{"floor":3.0,"key":"LiquidMemories"},{"floor":10.0,"key":"FearPotion"},{"floor":12.0,"key":"LiquidMemories"}],"is_trial":false,"path_per_floor":["M","?","M","?","M","R","E","?","T","M","M","M","?","?","R","B",null,"M","M","?","T","M","$","E","R","T","T","?","R","E","$","R","B",null,"M","?","M","M","M","E","R","?","T","R","?","$","R","M","R","B",null],"character_chosen":"IRONCLAD","items_purchased":["Membership Card","Kunai","Anchor"],"campfire_rested":4,"item_purchase_floors":[23,31,46],"current_hp_per_floor":[78,78,77,70,68,68,32,32,32,32,32,32,38,21,46,38,86,72,67,67,67,71,71,61,61,61,61,61,88,89,89,89,23,94,96,96,98,67,71,70,100,82,82,102,104,104,104,106,106,104],"gold":385,"neow_bonus":"BOSS_RELIC","is_daily":false,"chose_seed":false,"campfire_upgraded":3,"win_rate":0.0,"timestamp":1609880892,"path_taken":["M","?","M","?","M","R","E","?","T","M","M","M","?","?","R","BOSS","M","M","?","?","?","$","E","R","T","?","?","R","E","$","R","BOSS","M","?","?","M","M","E","R","?","T","R","?","$","R","M","R","BOSS"],"items_purchased_type":["Relic","Relic","Relic"],"build_version":"2020-12-22","purchased_purges":3,"victory":true,"max_hp_per_floor":[80,80,80,80,80,80,80,80,80,80,80,80,86,86,86,86,86,86,86,86,86,88,88,90,90,90,90,90,90,92,92,92,94,94,96,96,98,100,102,102,102,102,102,102,104,104,104,106,106,106],"card_choices":[{"not_picked":["Perfected Strike","Pommel Strike"],"picked":"Armaments","floor":1.0},{"not_picked":["Heavy Blade","Pommel Strike","True Grit"],"picked":"SKIP","floor":3.0},{"not_picked":["Juggernaut","Feel No Pain","Anger"],"picked":"SKIP","floor":5.0},{"not_picked":["Double Tap","Rampage"],"picked":"Shrug It Off","floor":7.0},{"not_picked":["Wild Strike","Carnage","Dark Embrace"],"picked":"SKIP","floor":10.0},{"not_picked":["Blood for Blood","Inflame","Dropkick"],"picked":"SKIP","floor":11.0},{"not_picked":["Armaments","Burning Pact"],"picked":"Body Slam","floor":12.0},{"not_picked":["Reckless Charge","Heavy Blade","Sword Boomerang"],"picked":"SKIP","floor":18.0},{"not_picked":["Anger","Searing Blow+1","Entrench"],"picked":"SKIP","floor":19.0},{"not_picked":["Pummel","Reckless Charge+1","Cleave"],"picked":"Singing Bowl","floor":22.0},{"not_picked":["Headbutt","Iron Wave","Shockwave"],"picked":"Singing Bowl","floor":24.0},{"not_picked":["Burning Pact+1","Wild Strike+1","Reaper"],"picked":"Singing Bowl","floor":30},{"not_picked":["Demon Form","Reaper","Offering+1"],"picked":"Singing Bowl","floor":33},{"not_picked":["Pommel Strike+1"],"picked":"Singing Bowl","floor":35},{"not_picked":["Rupture"],"picked":"Singing Bowl","floor":37},{"not_picked":["Pommel Strike+1"],"picked":"Singing Bowl","floor":38},{"not_picked":["Second Wind+1"],"picked":"Singing Bowl","floor":39},{"not_picked":[],"picked":"Shrug It Off+1","floor":40},{"not_picked":[],"picked":"Body Slam+1","floor":42},{"not_picked":["Flex+1"],"picked":"Singing Bowl","floor":45},{"not_picked":["Searing Blow+1"],"picked":"Singing Bowl","floor":48}],"player_experience":613703,"relics_obtained":[{"floor":7.0,"key":"StrikeDummy"},{"floor":9.0,"key":"Darkstone Periapt"},{"floor":21.0,"key":"Blood Vial"},{"floor":24.0,"key":"Calipers"},{"floor":26.0,"key":"Toxic Egg 2"},{"floor":27.0,"key":"Centennial Puzzle"},{"floor":30,"key":"Pocketwatch"},{"floor":40,"key":"Mummified Hand"},{"floor":42,"key":"Ginger"},{"floor":43,"key":"Omamori"},{"floor":45,"key":"Peace Pipe"}],"event_choices":[{"cards_removed":["Defend_R"],"damage_healed":0.0,"max_hp_gain":0.0,"max_hp_loss":0.0,"gold_gain":0.0,"event_name":"The Cleric","player_choice":"Card Removal","floor":2.0,"gold_loss":50.0,"damage_taken":0.0},{"cards_removed":["Strike_R"],"damage_healed":0.0,"max_hp_gain":0.0,"max_hp_loss":0.0,"gold_gain":0.0,"event_name":"Golden Wing","player_choice":"Card Removal","floor":4.0,"gold_loss":0.0,"damage_taken":7.0},{"damage_healed":0.0,"max_hp_gain":0.0,"max_hp_loss":0.0,"gold_gain":30.0,"event_name":"Dead Adventurer","player_choice":"Searched \u00272\u0027 times","floor":8.0,"gold_loss":0.0,"damage_taken":0.0,"relics_obtained":["Ancient Tea Set"]},{"damage_healed":0.0,"max_hp_gain":0.0,"max_hp_loss":0.0,"gold_gain":0.0,"event_name":"Golden Idol","player_choice":"Take Wound","floor":13.0,"gold_loss":0.0,"damage_taken":0.0,"relics_obtained":["Golden Idol"],"cards_obtained":["Injury"]},{"damage_healed":0.0,"max_hp_gain":0.0,"max_hp_loss":0.0,"gold_gain":0.0,"event_name":"Shining Light","player_choice":"Entered Light","floor":14.0,"gold_loss":0.0,"damage_taken":17.0,"cards_upgraded":["Body Slam","Defend_R"]},{"damage_healed":0.0,"max_hp_gain":0.0,"max_hp_loss":0.0,"gold_gain":0.0,"event_name":"Addict","player_choice":"Obtained Relic","floor":20.0,"gold_loss":85.0,"damage_taken":0.0,"relics_obtained":["Singing Bowl"]},{"damage_healed":0.0,"max_hp_gain":0.0,"max_hp_loss":0.0,"gold_gain":100.0,"event_name":"Golden Shrine","player_choice":"Pray","floor":28.0,"gold_loss":0.0,"damage_taken":0.0},{"cards_removed":["Injury"],"damage_healed":0,"gold_gain":0,"player_choice":"Removed Curses","damage_taken":0,"max_hp_gain":0,"max_hp_loss":0,"event_name":"Fountain of Cleansing","floor":36,"gold_loss":0},{"damage_healed":0,"gold_gain":0,"player_choice":"Fight","damage_taken":0,"max_hp_gain":0,"max_hp_loss":0,"event_name":"MindBloom","floor":42,"gold_loss":0},{"damage_healed":0,"gold_gain":0,"player_choice":"Fight","damage_taken":0,"max_hp_gain":0,"max_hp_loss":0,"event_name":"Mysterious Sphere","floor":45,"gold_loss":0}],"is_beta":false,"boss_relics":[{"not_picked":["Mark of Pain","Fusion Hammer"],"picked":"Sozu"},{"not_picked":["SlaversCollar","Philosopher\u0027s Stone"],"picked":"Busted Crown"}],"items_purged_floors":[23,31,46],"is_endless":false,"potions_floor_spawned":[3,10,12,19,22,30,33,38,39,40,42],"ascension_level":0}}