{"host":"ig7tc0uedzltt2sr","time":1609822881,"event":{"mods":["BaseMod","Better Twitch Integration","Block Reminder","Colored Map","Colored Powertips","Communication Mod","Current Relic Mod","GifTheSpireLib","HexUI Lib","Minty Spire (QoL Compilation)","Quick Restart","Random Character Button","Rare Cards Sparkle","Relic Sorter","Relic Stats","Slay the Relics Exporter","StSLib","SuperFastMode","Synergy Search","Twitch Decklist","Twitch Utils","everything is the same but u backflip on backflip","slay the spire mod where everything is the same but ironclad has a cowboy hat"],"gold_per_floor":[116,116,64,64,64,64,77,89,89,100,89,105,180,197,197,197,197],"floor_reached":16,"playtime":114,"items_purged":[],"score":94,"play_id":"968d404b-fa13-40f8-ab8b-04b63413f3f4","local_time":"20210104210121","is_ascension_mode":false,"campfire_choices":[{"data":"Defend_R","floor":6,"key":"SMITH"},{"data":"Entrench","floor":15,"key":"SMITH"}],"circlet_count":0,"master_deck":["Strike_R","Strike_R","Strike_R","Defend_R+1","Defend_R","Defend_R","Defend_R","Bash","Flex","Pommel Strike","Entrench+1","Sentinel","Sentinel","Entrench","Seeing Red"],"relics":["Burning Blood","NeowsBlessing","Pen Nib"],"acts_visited":["Exordium"],"potions_floor_usage":[],"damage_taken":[{"damage":0,"enemies":"Small Slimes","floor":1,"turns":2},{"damage":0,"enemies":"Cultist","floor":7,"turns":2},{"damage":0,"enemies":"Jaw Worm","floor":8,"turns":1},{"damage":15,"enemies":"2 Fungi Beasts","floor":10,"turns":6},{"damage":7,"enemies":"Exordium Thugs","floor":11,"turns":4},{"damage":2,"enemies":"Blue Slaver","floor":12,"turns":7},{"damage":33,"enemies":"3 Louse","floor":14,"turns":15},{"damage":59,"enemies":"Hexaghost","floor":16,"turns":12}],"seed_played":"-8426510921209172719","potions_obtained":[{"floor":7,"key":"Energy Potion"},{"floor":10,"key":"Fruit Juice"},{"floor":11,"key":"LiquidBronze"},{"floor":12,"key":"BloodPotion"}],"is_trial":false,"path_per_floor":["M","?","$","?","?","R","M","M","T","M","M","M","?","M","R","B"],"character_chosen":"IRONCLAD","items_purchased":["Flex"],"campfire_rested":0,"item_purchase_floors":[3],"current_hp_per_floor":[80,80,80,80,73,73,79,80,80,71,75,79,68,58,58,0,0],"gold":197,"neow_bonus":"THREE_ENEMY_KILL","is_daily":false,"chose_seed":false,"campfire_upgraded":2,"win_rate":0.0,"timestamp":1609822881,"path_taken":["M","?","$","?","?","R","M","M","T","M","M","M","?","M","R","BOSS"],"items_purchased_type":["Card"],"build_version":"2020-12-22","purchased_purges":0,"victory":false,"max_hp_per_floor":[80,80,80,80,80,80,80,80,80,80,85,85,85,85,85,85,85],"relic_stats":{"counters":[8,49],"Pen Nib":[3],"obtain_stats":[{"NeowsBlessing":0,"Pen Nib":2,"Burning Blood":0},{"NeowsBlessing":0,"Pen Nib":1,"Burning Blood":0},{"NeowsBlessing":0,"Pen Nib":2,"Burning Blood":0}],"Burning Blood":31},"card_choices":[{"not_picked":["Cleave","Thunderclap"],"picked":"Anger","floor":1},{"not_picked":["Shrug It Off","Reaper"],"picked":"Pommel Strike","floor":7},{"not_picked":["Body Slam","Cleave"],"picked":"Entrench","floor":8},{"not_picked":["Wild Strike","Power Through"],"picked":"Sentinel","floor":10},{"not_picked":["True Grit","Searing Blow"],"picked":"Sentinel","floor":11},{"not_picked":["Clothesline","Headbutt"],"picked":"Entrench","floor":12},{"not_picked":["Thunderclap","Havoc"],"picked":"Seeing Red","floor":14}],"player_experience":1423783,"relics_obtained":[],"event_choices":[{"cards_removed":["Anger"],"damage_healed":0,"gold_gain":0,"player_choice":"Gave Card","damage_taken":0,"relics_obtained":["Pen Nib"],"max_hp_gain":0,"max_hp_loss":0,"event_name":"WeMeetAgain","floor":2,"gold_loss":0},{"cards_removed":["Strike_R"],"damage_healed":0,"gold_gain":0,"player_choice":"Forget","damage_taken":0,"max_hp_gain":0,"max_hp_loss":0,"event_name":"Living Wall","floor":4,"gold_loss":0},{"cards_removed":["Strike_R"],"damage_healed":0,"gold_gain":0,"player_choice":"Card Removal","damage_taken":7,"max_hp_gain":0,"max_hp_loss":0,"event_name":"Golden Wing","floor":5,"gold_loss":0},{"damage_healed":0,"gold_gain":75,"player_choice":"Gather Gold","damage_taken":11,"max_hp_gain":0,"max_hp_loss":0,"event_name":"World of Goop","floor":13,"gold_loss":0}],"is_beta":false,"boss_relics":[],"items_purged_floors":[],"is_endless":false,"potions_floor_spawned":[7,10,11,12],"killed_by":"Hexaghost","ascension_level":0}}