{"host":"6rmw1q50jy0xmvyl","time":1609864713,"event":{"mods":["BaseMod","BetterRewards","Clockwork Mod","Colored Map","Duelist Mod","Infinite Spire","Minty Spire (QoL Compilation)","Remove Card Discount Mod","StSLib","thorton","??????REMEMod"],"gold_per_floor":[144,109,123,48,68,96,112,112,112,143,155,167,192,224,236,320,332,355,367,379,491,521,533,533],"floor_reached":23,"playtime":1585,"items_purged":["theDuelist:Sparks","theDuelist:Sparks","theDuelist:Sparks","theDuelist:CastleWalls","theDuelist:CastleWalls","theDuelist:CastleWalls","theDuelist:NaturiaBeast"],"score":626,"play_id":"6e9cd643-b5b6-498a-ad1b-74ec56dcb907","local_time":"20210105173833","is_ascension_mode":true,"campfire_choices":[{"floor":8,"key":"REST"},{"floor":15,"key":"REST"}],"circlet_count":0,"master_deck":["AscendersBane","theDuelist:NaturiaCliff+1","theDuelist:NaturiaRock+1","theDuelist:NaturiaTulip+1","theDuelist:MillenniumShield","theDuelist:MudGolem","theDuelist:NaturiaSacredTree+1","theDuelist:NaturiaSunflower+1","Discovery","theDuelist:LonefireBlossom","theDuelist:NaturalDisaster+1","theDuelist:NaturiaRosewhip+1","Bandage Up","theDuelist:NaturiaForest","theDuelist:NaturiaMarron","theDuelist:VenomShot"],"relics":["theDuelist:MillenniumPuzzle","theDuelist:CardPoolRelic","theDuelist:CardPoolBasicRelic","theDuelist:BoosterPackPoolRelic","theDuelist:CardPoolAddRelic","theDuelist:CardPoolMinusRelic","theDuelist:CardPoolSaveRelic","theDuelist:CardPoolOptionsRelic","REME_ComplimentaryCards","Blood Vial","infinitespire:Satchel","MawBank","Inserter"],"acts_visited":["Exordium","TheCity"],"potions_floor_usage":[16,16],"damage_taken":[{"damage":0,"enemies":"Jaw Worm","floor":1,"turns":3},{"damage":0,"enemies":"2 Louse","floor":3,"turns":3},{"damage":0,"enemies":"Cultist","floor":5,"turns":4},{"damage":0,"enemies":"Lagavulin","floor":6,"turns":6},{"damage":32,"enemies":"Exordium Thugs","floor":7,"turns":3},{"damage":11,"enemies":"Looter","floor":10,"turns":4},{"damage":0,"enemies":"Blue Slaver","floor":13,"turns":3},{"damage":0,"enemies":"2 Fungi Beasts","floor":14,"turns":4},{"damage":0,"enemies":"Slime Boss","floor":16,"turns":8},{"damage":0,"enemies":"Shell Parasite","floor":18,"turns":6},{"damage":58,"enemies":"3 Byrds","floor":22,"turns":4},{"damage":27,"enemies":"Book of Stabbing","floor":23,"turns":3}],"seed_played":"-8430364585638408402","potions_obtained":[{"floor":3,"key":"SteroidPotion"},{"floor":5,"key":"Fire Potion"},{"floor":10,"key":"EssenceOfSteel"}],"is_trial":false,"path_per_floor":["M","?","M","$","M","E","M","R","T","M","?","?","M","M","R","B",null,"M","$","?","?","M","E"],"character_chosen":"THE_DUELIST","items_purchased":["theDuelist:MudGolem","Blood Vial","theDuelist:NaturiaSacredTree","theDuelist:NaturiaSunflower","Discovery","theDuelist:NaturalDisaster"],"campfire_rested":2,"item_purchase_floors":[0,0,0,0,0,4],"current_hp_per_floor":[45,62,64,64,66,68,38,59,59,50,36,36,38,40,61,67,69,70,70,70,70,16,0,0],"gold":533,"neow_bonus":"","is_daily":false,"chose_seed":false,"campfire_upgraded":0,"win_rate":0.0,"timestamp":1609864713,"path_taken":["M","?","M","$","M","E","M","R","T","M","?","?","?","M","R","BOSS","M","$","?","?","?","E"],"items_purchased_type":["Card","Relic","Card","Card","Card","Card"],"build_version":"2020-12-22","purchased_purges":7,"victory":false,"max_hp_per_floor":[70,70,70,70,70,70,70,70,70,70,70,70,70,70,70,70,70,70,70,70,70,70,70,70],"card_choices":[{"not_picked":["theDuelist:NaturiaDragonfly","theDuelist:NaturiaAntjaw","theDuelist:NaturiaMantis","theDuelist:SummoningSwarm"],"picked":"theDuelist:LonefireBlossom","floor":1},{"not_picked":["theDuelist:SeismicShockwave","theDuelist:NaturiaBarkion","theDuelist:Wildfire"],"picked":"SKIP","floor":3},{"not_picked":["theDuelist:NaturiaHydrangea","theDuelist:NaturiaEggplant","theDuelist:NaturiaDragonfly","theDuelist:NaturiaCliff","theDuelist:NaturiaBrambi"],"picked":"SKIP","floor":5},{"not_picked":["theDuelist:NaturiaSacredTree"],"picked":"theDuelist:WormBait","floor":6},{"not_picked":["theDuelist:NaturiaHydrangea","theDuelist:NaturiaEggplant","theDuelist:NaturiaDragonfly","theDuelist:NaturiaCliff","theDuelist:NaturiaBambooShoot"],"picked":"SKIP","floor":7},{"not_picked":["theDuelist:NaturiaRock","theDuelist:ExterioFang","theDuelist:BarkionBark","theDuelist:SpacetimeTranscendence"],"picked":"theDuelist:NaturiaRosewhip","floor":10},{"not_picked":["theDuelist:NaturiaHydrangea","theDuelist:NaturiaEggplant","theDuelist:NaturiaDragonfly","theDuelist:NaturiaCliff","theDuelist:NaturiaExterio"],"picked":"SKIP","floor":13},{"not_picked":["Impatience","Secret Weapon","Transmutation"],"picked":"Bandage Up","floor":14},{"not_picked":["theDuelist:NaturiaVein","theDuelist:NaturiaBarkion","theDuelist:ClosedForest","theDuelist:MultiplicationOfAnts"],"picked":"theDuelist:NaturiaForest","floor":16},{"not_picked":["theDuelist:NaturiaBeetle+1","theDuelist:NaturiaDragonfly","theDuelist:NaturiaStagBeetle+1","theDuelist:GracefulCharity","theDuelist:NatureReflection"],"picked":"SKIP","floor":18},{"not_picked":["theDuelist:GracefulCharity","theDuelist:ConvulsionNature","theDuelist:LeodrakeMane+1","theDuelist:BarkionBark+1"],"picked":"theDuelist:VenomShot","floor":22}],"player_experience":699439,"relics_obtained":[{"floor":6,"key":"infinitespire:Satchel"},{"floor":9,"key":"MawBank"}],"event_choices":[{"damage_healed":17,"gold_gain":0,"player_choice":"Healed","damage_taken":0,"max_hp_gain":0,"max_hp_loss":0,"event_name":"The Cleric","floor":2,"gold_loss":35},{"damage_healed":0,"gold_gain":0,"player_choice":"Entered Light","damage_taken":14,"max_hp_gain":0,"max_hp_loss":0,"event_name":"Shining Light","floor":11,"gold_loss":0,"cards_upgraded":["theDuelist:NaturiaSacredTree","theDuelist:NaturalDisaster"]},{"damage_healed":0,"gold_gain":0,"player_choice":"Leave","duelist":true,"damage_taken":0,"max_hp_gain":0,"max_hp_loss":0,"event_name":"Tomb of the Nameless","floor":12,"gold_loss":0},{"damage_healed":0,"gold_gain":0,"player_choice":"Read","damage_taken":0,"max_hp_gain":0,"max_hp_loss":0,"event_name":"The Library","floor":20,"gold_loss":0,"cards_obtained":["theDuelist:NaturiaMarron"]},{"damage_healed":0,"gold_gain":100,"player_choice":"Pray","damage_taken":0,"max_hp_gain":0,"max_hp_loss":0,"event_name":"Golden Shrine","floor":21,"gold_loss":0}],"is_beta":false,"boss_relics":[{"not_picked":["theDuelist:ElectricKey","Fusion Hammer"],"picked":"Inserter"}],"items_purged_floors":[0,0,0,0,0,0,0],"is_endless":false,"potions_floor_spawned":[3,5,10],"killed_by":"Book of Stabbing","ascension_level":14}}