{"host":"1cd1aqaox6jesai3","time":1609824038,"event":{"mods":["Act Like it!","Arknights The Spire","Astrologer","Bartender","BaseMod","Colored Powertips","Googly Eyes","Hallownest","Infinite Spire","Mimic Mod","Minty Spire (QoL Compilation)","Replay The Spire","StSLib","The Bug Knight","The Construct","The Factory","The Hierophant"],"gold_per_floor":[119,119,129,79,89,123,123,154,177,207,207,230,230,262,262,254,254],"floor_reached":16,"playtime":1256,"items_purged":[],"score":120,"play_id":"77d55fc7-de54-4cc8-a338-bf333b87342e","local_time":"20210105002038","is_ascension_mode":false,"campfire_choices":[{"data":"hierophant:Punish","floor":11,"key":"SMITH"},{"data":"hierophant:ChurchCoffers","floor":15,"key":"SMITH"}],"circlet_count":0,"master_deck":["hierophant:Strike_Hierophant","hierophant:Strike_Hierophant","hierophant:Strike_Hierophant","hierophant:Strike_Hierophant","hierophant:Punish+1","hierophant:Defend_Hierophant","hierophant:Defend_Hierophant","hierophant:Defend_Hierophant","hierophant:Defend_Hierophant","hierophant:ChurchCoffers+1","hierophant:Doubloon","hierophant:ConvertCurrency+1","hierophant:Glossolalia","hierophant:Determination","hierophant:DisplayOfPower","hierophant:Empathy","hierophant:Doubloon","hierophant:RepressedViolence"],"relics":["hierophant:PropheticMaskRelic","infinitespire:ShieldingShard","Replay:Rubber Ducky","Thread and Needle","Potion Belt","Ancient Tea Set"],"acts_visited":["Exordium"],"potions_floor_usage":[6,10,16],"damage_taken":[{"damage":1,"enemies":"Cultist","floor":1,"turns":3},{"damage":0,"enemies":"2 Louse","floor":3,"turns":2},{"damage":3,"enemies":"Jaw Worm","floor":5,"turns":3},{"damage":46,"enemies":"Lagavulin","floor":6,"turns":8},{"damage":19,"enemies":"HollowMod:MossKnight","floor":8,"turns":10},{"damage":12,"enemies":"3 Sentries","floor":10,"turns":7},{"damage":6,"enemies":"Lots of Slimes","floor":12,"turns":2},{"damage":0,"enemies":"3 Louse","floor":14,"turns":4},{"damage":88,"enemies":"Hexaghost","floor":16,"turns":14}],"seed_played":"5974220431430350149","potions_obtained":[{"floor":5,"key":"Adrenaline Potion"},{"floor":6,"key":"SmokeBomb"},{"floor":8,"key":"Strength Potion"},{"floor":14,"key":"Weak Potion"}],"is_trial":false,"path_per_floor":["M","T","M","?","M","E","?","E","T","E","R","M","?","M","R","B"],"character_chosen":"HIEROPHANT","items_purchased":[],"campfire_rested":0,"item_purchase_floors":[],"current_hp_per_floor":[81,81,81,81,78,32,32,22,22,13,13,7,82,82,82,0,0],"gold":254,"neow_bonus":"TEN_PERCENT_HP_BONUS","is_daily":false,"chose_seed":false,"campfire_upgraded":2,"win_rate":0.0,"timestamp":1609824038,"path_taken":["M","?","?","?","M","E","?","E","T","E","R","?","?","M","R","BOSS"],"items_purchased_type":[],"build_version":"2020-12-22","purchased_purges":0,"victory":false,"max_hp_per_floor":[82,82,82,82,82,82,82,82,82,82,82,82,82,82,82,82,82],"card_choices":[{"not_picked":["hierophant:Shelter","hierophant:Purify"],"picked":"hierophant:FlamingChariot","floor":1},{"not_picked":["hierophant:FieryStrike","hierophant:DisplayOfPower"],"picked":"hierophant:ConvertCurrency","floor":3},{"not_picked":["hierophant:Shelter","hierophant:Encroach"],"picked":"hierophant:Glossolalia","floor":5},{"not_picked":["hierophant:Repentance","hierophant:CoinFling"],"picked":"hierophant:Determination","floor":6},{"not_picked":["hierophant:Prophecy","hierophant:SolarFlare"],"picked":"hierophant:DisplayOfPower","floor":8},{"not_picked":["hierophant:FlamingChariot","hierophant:Remorse"],"picked":"hierophant:Empathy","floor":10},{"not_picked":["hierophant:Charity","hierophant:ConvertCurrency"],"picked":"hierophant:Doubloon","floor":12},{"not_picked":["hierophant:DisplayOfPower","hierophant:SealAway"],"picked":"hierophant:RepressedViolence","floor":14}],"player_experience":152939,"relics_obtained":[{"floor":2,"key":"infinitespire:ShieldingShard"},{"floor":6,"key":"Replay:Rubber Ducky"},{"floor":8,"key":"Thread and Needle"},{"floor":9,"key":"Potion Belt"},{"floor":10,"key":"Ancient Tea Set"}],"event_choices":[{"cards_removed":["hierophant:FlamingChariot"],"damage_healed":0,"gold_gain":0,"player_choice":"Card Removal","damage_taken":0,"max_hp_gain":0,"max_hp_loss":0,"event_name":"The Cleric","floor":4,"gold_loss":50},{"damage_healed":0,"gold_gain":0,"player_choice":"Forge","damage_taken":0,"max_hp_gain":0,"max_hp_loss":0,"event_name":"Accursed Blacksmith","floor":7,"gold_loss":0,"cards_upgraded":["hierophant:ConvertCurrency"]},{"damage_healed":75,"gold_gain":0,"player_choice":"Full Heal","damage_taken":0,"max_hp_gain":0,"max_hp_loss":0,"event_name":"Wheel of Change","floor":13,"gold_loss":0}],"is_beta":false,"boss_relics":[],"items_purged_floors":[],"is_endless":false,"potions_floor_spawned":[5,6,8,14],"killed_by":"Hexaghost","ascension_level":0}}