{"host":"ewfe3cr33ktd9xzj","time":1609871826,"event":{"mods":["AchievementEnabler","BaseMod","Colored Map","Custom Start","DeckTracker","Minty Spire (QoL Compilation)","Permanent Neow","Rare Cards Sparkle","StSLib","everything is the same but u backflip on backflip"],"gold_per_floor":[117,42,42,42,61,61,89,103,103,103,103,118,75,88,88,159,159,170,70,70,70],"floor_reached":20,"playtime":489,"items_purged":["Strike_P","Strike_P+1"],"score":344,"play_id":"bbd00fc7-ccd3-45e5-a6e3-35abf4b8c360","local_time":"20210106033706","is_ascension_mode":true,"campfire_choices":[{"data":"CrushJoints","floor":6.0,"key":"SMITH"},{"floor":15.0,"key":"REST"}],"circlet_count":0,"master_deck":["AscendersBane","Defend_P","Defend_P","Defend_P","Eruption+1","Vigilance","CrushJoints+1","BowlingBash","InnerPeace","Conclude","Fasting2+1","PathToVictory"],"relics":["Empty Cage","Frozen Egg 2","Blood Vial","Thread and Needle","Tiny Chest","Runic Pyramid"],"acts_visited":["Exordium","TheCity"],"potions_floor_usage":[],"damage_taken":[{"damage":5.0,"enemies":"2 Louse","floor":1.0,"turns":4.0},{"damage":0.0,"enemies":"Jaw Worm","floor":5.0,"turns":2.0},{"damage":12.0,"enemies":"3 Sentries","floor":7.0,"turns":4.0},{"damage":5.0,"enemies":"Small Slimes","floor":8.0,"turns":2.0},{"damage":2.0,"enemies":"Looter","floor":12.0,"turns":3.0},{"damage":0.0,"enemies":"3 Louse","floor":14.0,"turns":2.0},{"damage":15.0,"enemies":"Slime Boss","floor":16.0,"turns":6.0},{"damage":30.0,"enemies":"Shell Parasite","floor":18.0,"turns":4.0},{"damage":30,"enemies":"Spheric Guardian","floor":20,"turns":6}],"seed_played":"4850491399943076088","potions_obtained":[{"floor":5.0,"key":"DistilledChaos"},{"floor":7.0,"key":"Block Potion"},{"floor":12.0,"key":"Regen Potion"}],"is_trial":false,"path_per_floor":["M","$","?","?","M","R","E","M","T","T","?","M","$","M","R","B",null,"M","$","M"],"character_chosen":"WATCHER","items_purchased":["Fasting2+1"],"campfire_rested":1,"item_purchase_floors":[13],"current_hp_per_floor":[56,56,51,31,31,31,19,16,16,16,16,16,16,18,38,40,61,33,33,5,5],"gold":70,"neow_bonus":"BOSS_RELIC","is_daily":false,"chose_seed":false,"campfire_upgraded":1,"win_rate":0.0,"timestamp":1609871826,"path_taken":["M","$","?","?","M","R","E","M","T","?","?","M","?","M","R","BOSS","M","$","M"],"items_purchased_type":["Card"],"build_version":"2020-12-22","purchased_purges":2,"victory":false,"max_hp_per_floor":[68,68,68,68,68,68,68,68,68,68,68,68,68,68,68,68,68,68,68,68,68],"card_choices":[{"not_picked":["FlyingSleeves","ThirdEye"],"picked":"CrushJoints","floor":1.0},{"not_picked":["Crescendo","TalkToTheHand"],"picked":"BowlingBash","floor":5.0},{"not_picked":["DeceiveReality","Worship","Study+1"],"picked":"SKIP","floor":7.0},{"not_picked":["Protect","Crescendo","CrushJoints"],"picked":"SKIP","floor":8.0},{"not_picked":["JustLucky","DeusExMachina"],"picked":"Conclude","floor":12.0},{"not_picked":["FlyingSleeves","ClearTheMind"],"picked":"PathToVictory","floor":14.0},{"not_picked":["EmptyBody","Evaluate","WindmillStrike"],"picked":"SKIP","floor":18.0}],"player_experience":27786,"relics_obtained":[{"floor":7.0,"key":"Blood Vial"},{"floor":9.0,"key":"Thread and Needle"},{"floor":10.0,"key":"Tiny Chest"}],"event_choices":[{"damage_healed":0.0,"max_hp_gain":0.0,"max_hp_loss":0.0,"gold_gain":0.0,"event_name":"Scrap Ooze","player_choice":"Success","floor":3.0,"gold_loss":0.0,"damage_taken":5.0,"relics_obtained":["Frozen Egg 2"]},{"damage_healed":0.0,"max_hp_gain":0.0,"max_hp_loss":0.0,"gold_gain":0.0,"event_name":"Shining Light","player_choice":"Entered Light","floor":4.0,"gold_loss":0.0,"damage_taken":20.0,"cards_upgraded":["Strike_P","Eruption"]},{"damage_healed":0.0,"max_hp_gain":0.0,"max_hp_loss":0.0,"gold_gain":0.0,"cards_transformed":["Strike_P"],"event_name":"Living Wall","player_choice":"Change","floor":11.0,"gold_loss":0.0,"damage_taken":0.0,"cards_obtained":["InnerPeace"]}],"is_beta":false,"boss_relics":[{"not_picked":["Velvet Choker","Tiny House"],"picked":"Runic Pyramid"}],"items_purged_floors":[2,19],"is_endless":false,"potions_floor_spawned":[5,7,12],"killed_by":"Spheric Guardian","ascension_level":20}}