{"host":"zjxcc3u4aqpoowwq","time":1609880853,"event":{"mods":["100% Spire Juice","2.2 Compatiblity","AchievementEnabler","BaseMod","Better Third Choice","CapriCore","Colored Map","Keyboard Shortcuts","Minty Spire (QoL Compilation)","StSLib"],"gold_per_floor":[113,113,39,114,132,132,157,37,37,37,47,47,65,81,81,179,179,197,197,210,220,220,220],"floor_reached":22,"playtime":1318,"items_purged":[],"score":205,"play_id":"12159529-f7e7-4656-8a45-86e26ad9d13e","local_time":"20210106060733","is_ascension_mode":true,"campfire_choices":[{"data":"Moonworks:Ambush","floor":6.0,"key":"SMITH"},{"data":"Moonworks:DeployBits","floor":8.0,"key":"SMITH"},{"data":"Moonworks:BackdoorTrade","floor":10.0,"key":"SMITH"},{"data":"Moonworks:CloudOfSeagulls","floor":15.0,"key":"SMITH"}],"circlet_count":0,"master_deck":["Moonworks:Strike","Moonworks:Strike","Moonworks:Strike","Moonworks:Defend","Moonworks:Defend","Moonworks:Defend","Moonworks:Defend","Moonworks:Ambush+1","Moonworks:LongDistanceShot","Moonworks:BackdoorTrade+1","Moonworks:ExtendedPhotonRifle","Moonworks:JonathanRush","Moonworks:DeployBits+1","Moonworks:RagingMadness+1","Moonworks:MixPhenomenon","Moonworks:CloudOfSeagulls+1","Moonworks:FinalSurgery","Moonworks:Accelerator","Moonworks:DeployBits","Moonworks:SealedMemories","Moonworks:JonathanRush"],"relics":["Moonworks:BrokenBomb","Moonworks:Homemark","FossilizedHelix","Art of War","Prayer Wheel","Cursed Key"],"acts_visited":["Exordium","TheCity"],"potions_floor_usage":[21,21,22],"damage_taken":[{"damage":7.0,"enemies":"Jaw Worm","floor":1.0,"turns":4.0},{"damage":0.0,"enemies":"2 Louse","floor":5.0,"turns":3.0},{"damage":12.0,"enemies":"3 Sentries","floor":7.0,"turns":6.0},{"damage":0.0,"enemies":"Cultist","floor":11.0,"turns":2.0},{"damage":0.0,"enemies":"Blue Slaver","floor":13.0,"turns":4.0},{"damage":0.0,"enemies":"Gremlin Gang","floor":14.0,"turns":6.0},{"damage":34,"enemies":"Slime Boss","floor":16,"turns":10},{"damage":10,"enemies":"Chosen","floor":18,"turns":5},{"damage":18,"enemies":"Shell Parasite","floor":20,"turns":5},{"damage":30,"enemies":"Cultist and Chosen","floor":21,"turns":6},{"damage":8,"enemies":"Snake Plant","floor":22,"turns":1}],"seed_played":"-227722193169898490","potions_obtained":[{"floor":1.0,"key":"Explosive Potion"},{"floor":11.0,"key":"Block Potion"},{"floor":13.0,"key":"EssenceOfSteel"},{"floor":18,"key":"Fire Potion"},{"floor":20,"key":"Weak Potion"}],"is_trial":false,"path_per_floor":["M","?","$","?","M","R","E","R","T","R","M","?","M","M","R","B",null,"M","?","M","M","M"],"character_chosen":"THE_STARBREAKER","items_purchased":["Moonworks:ExtendedPhotonRifle"],"campfire_rested":0,"item_purchase_floors":[3],"current_hp_per_floor":[53,53,53,47,47,47,35,35,35,35,35,35,35,35,35,1,60,50,50,32,2,0,0],"gold":220,"neow_bonus":"ONE_RARE_RELIC","is_daily":false,"chose_seed":false,"campfire_upgraded":4,"win_rate":0.0,"timestamp":1609880853,"path_taken":["M","?","$","?","?","R","E","R","T","R","M","?","?","M","R","BOSS","M","?","M","?","M"],"items_purchased_type":["Card"],"build_version":"2020-12-22","purchased_purges":0,"victory":false,"max_hp_per_floor":[60,60,60,60,60,60,60,60,60,60,60,60,60,60,60,60,60,60,60,60,60,60,60],"card_choices":[{"not_picked":["Moonworks:CloudOfSeagulls","Moonworks:LulusLuckyEgg"],"picked":"Moonworks:BackdoorTrade","floor":1.0},{"not_picked":["Moonworks:BackdoorTrade","Moonworks:WindyEnchantment"],"picked":"Moonworks:JonathanRush","floor":5.0},{"not_picked":["Moonworks:SakisCookie","Moonworks:ExtendedPhotonRifle"],"picked":"Moonworks:DeployBits","floor":7.0},{"not_picked":["Moonworks:LulusLuckyEgg","Moonworks:SelfDestruct"],"picked":"Moonworks:RagingMadness","floor":11.0},{"not_picked":["Moonworks:ImOnFire","Moonworks:CrystalBarrier","Moonworks:DeployBits"],"picked":"SKIP","floor":11.0},{"not_picked":["Moonworks:ScrambledEve","Moonworks:IndiscriminateFireSupport"],"picked":"Moonworks:MixPhenomenon","floor":13.0},{"not_picked":["Moonworks:FinalSurgery","Moonworks:IndiscriminateFireSupport"],"picked":"Moonworks:CloudOfSeagulls","floor":13.0},{"not_picked":["Moonworks:WindyEnchantment","Moonworks:SealedMemories"],"picked":"Moonworks:FinalSurgery","floor":14.0},{"not_picked":["Moonworks:DeployBits","Moonworks:IndiscriminateFireSupport","Moonworks:SakisCookie"],"picked":"SKIP","floor":14.0},{"not_picked":["Moonworks:MetallicMonocoque","Moonworks:ReflectiveShell"],"picked":"Moonworks:Accelerator","floor":16},{"not_picked":["Moonworks:LulusLuckyEgg","Moonworks:EvilSpyWorkPreparation"],"picked":"Moonworks:DeployBits","floor":18},{"not_picked":["Moonworks:IndiscriminateFireSupport","Moonworks:SealedMemories","Moonworks:FinalSurgery"],"picked":"SKIP","floor":18},{"not_picked":["Moonworks:IndiscriminateFireSupport","Moonworks:FinalSurgery"],"picked":"Moonworks:SealedMemories","floor":18},{"not_picked":["Moonworks:SakisCookie","Moonworks:StiffCrystal"],"picked":"Moonworks:JonathanRush","floor":21},{"not_picked":["Moonworks:ForcedRevival+1","Moonworks:ExtendedPhotonRifle","Moonworks:WindyEnchantment+1"],"picked":"SKIP","floor":21}],"player_experience":818253,"relics_obtained":[{"floor":7.0,"key":"Art of War"},{"floor":9.0,"key":"Prayer Wheel"}],"event_choices":[{"cards_removed":["Pain"],"damage_healed":0.0,"max_hp_gain":0.0,"max_hp_loss":0.0,"gold_gain":0.0,"event_name":"Living Wall","player_choice":"Forget","floor":2.0,"gold_loss":0.0,"damage_taken":0.0},{"damage_healed":0.0,"max_hp_gain":0.0,"max_hp_loss":0.0,"gold_gain":75.0,"event_name":"FaceTrader","player_choice":"Touch","floor":4.0,"gold_loss":0.0,"damage_taken":6.0},{"damage_healed":0.0,"max_hp_gain":0.0,"max_hp_loss":0.0,"gold_gain":0.0,"event_name":"Upgrade Shrine","player_choice":"Upgraded","floor":12.0,"gold_loss":0.0,"damage_taken":0.0,"cards_upgraded":["Moonworks:RagingMadness"]},{"cards_removed":["Moonworks:Strike"],"damage_healed":0,"gold_gain":0,"player_choice":"Purged","damage_taken":0,"max_hp_gain":0,"max_hp_loss":0,"event_name":"Purifier","floor":19,"gold_loss":0}],"is_beta":false,"boss_relics":[{"not_picked":["Velvet Choker","Coffee Dripper"],"picked":"Cursed Key"}],"items_purged_floors":[],"is_endless":false,"potions_floor_spawned":[1,11,13,18,20],"killed_by":"Snake Plant","ascension_level":2}}