{"host":"b0hh64pqctf46s8m","time":1609889852,"event":{"mods":["100% Spire Juice","Act Like it!","Aspiration","BaseMod","Bestiary","Better Third Choice","CCEM","CapriCore","ChefMod","Conspire","Curses Come First","Displayed Cursed Tome","Dota2Spire","Downfall","Ekko","Elementarium","Evolution","Fireblade Mod","Halation","Hallownest","Hermit","Hubris","Infinite Spire","Jess\u0027s Bottle","JesterMod","Jorbs\u0027s Wanderer Trilogy","Koishi","Kratos Character Expansion","Lobotomy","Luminous","Mari Mod (Legacy)","Mari\u0027s V1 Patch","Menagerie","Mimic Mod","Minty Spire (QoL Compilation)","Pale of the Ancients","Permanent Neow","Pikachu Mod","QueenMod","Random Character Button","Relic Sorter","Relic Stats","Replay The Spire","Robot Space Explorer","Shade Mod","StSLib","The Blue Laboratory","The Bug Knight","The Dragon Tamer","The Hayseed","The Immortal","The Marked","TheLocksmith","TheSwordswoman","TheVacant","TheWitcher","Treasure Hunter","UnlockEverythingMod","Wandering Minibosses","vexMod","??????REMEMod"],"gold_per_floor":[99,111,141,210,210,235,266,266,281,38,38,23,37,64,55,142,142,142,157,174,187,184,184,184,184,44,48,48,64,64,89,103,191,191,191,987,962,972,972,972,972,972,987,1004,1039,1059,1090,1015,1027,1027],"floor_reached":51,"playtime":4935,"items_purged":["Guardian:Strike_Guardian","Guardian:Strike_Guardian"],"score":857,"play_id":"8cf23141-e1e6-4654-973f-145f1c78c5e7","local_time":"20210105153732","is_ascension_mode":false,"campfire_choices":[{"floor":1.0,"key":"DIG"},{"data":"Guardian:TwinSlam","floor":8.0,"key":"SMITH"},{"data":"Guardian:ChargeUp","floor":11.0,"key":"SMITH"},{"data":"Guardian:MultiBeam","floor":18.0,"key":"SMITH"},{"data":"Guardian:RollAttack","floor":23.0,"key":"SMITH"},{"data":"Guardian:PolyBeam","floor":40.0,"key":"SMITH"},{"data":"Guardian:ShieldSpikes","floor":48,"key":"SMITH"}],"circlet_count":0,"master_deck":["Guardian:Defend_Guardian","Guardian:Defend_Guardian","Guardian:Defend_Guardian","Guardian:Defend_Guardian","Guardian:CurlUp","Guardian:TwinSlam+1","Guardian:ExploitGems","Guardian:RollAttack+1","Guardian:ChargeUp+1","Guardian:BronzeArmor","Guardian:ShieldSpikes+1","Guardian:MultiBeam+1","Guardian:ChargeCore","Guardian:DonusPower","Guardian:StasisField","Guardian:Incinerate","Guardian:PrismaticBeam+1","Guardian:PolyBeam+1","PiercingWail","Infinite Blades"],"relics":["Guardian:ModeShifter","Dota2Spire:UrnOfShadows","Dota2Spire:ShadowBlade","EVO:Axolotl","REME_ComplimentaryCards","vexMod:MemoryStick","Replay:PocketPolymizer","Question Card","ReplayFunnel","Dota2Spire:ArcaneBoots","vexMod:TanglingVine","CCEMRelics:GrapeVine","hubris:Metronome","CCEMRelics:OverlyComfyChair","Pear","aspiration:SilentSkillbook","halation:EternalFortune","wanderingMiniBosses:MasterThiefsPresence","hubris:Towel","Quantum Egg","hubris:PeanutButter","hubris:FunFungus","downfall:HeartBlessingGreen"],"acts_visited":["Exordium","Elementarium:Elementarium","TheBeyond"],"potions_floor_usage":[50],"damage_taken":[{"damage":0.0,"enemies":"2 Louse","floor":2.0,"turns":3.0},{"damage":20.0,"enemies":"Gremlin Nob","floor":6.0,"turns":5.0},{"damage":8.0,"enemies":"Jaw Worm","floor":7.0,"turns":9.0},{"damage":3.0,"enemies":"Jaw Worm","floor":9.0,"turns":3.0},{"damage":0.0,"enemies":"downfall:FleeingMerchant","floor":10.0,"turns":4.0},{"damage":0.0,"enemies":"downfall:FleeingMerchant","floor":12.0,"turns":4.0},{"damage":0.0,"enemies":"conspire:RoseBush","floor":13.0,"turns":4.0},{"damage":5.0,"enemies":"3 Sentries","floor":14.0,"turns":5.0},{"damage":12.0,"enemies":"Gremlin Gang","floor":15.0,"turns":5.0},{"damage":24.0,"enemies":"downfall:Watcher","floor":16.0,"turns":13.0},{"damage":3.0,"enemies":"Elementarium:VoidCorruption","floor":19.0,"turns":4.0},{"damage":0.0,"enemies":"Elementarium:2_ELEMENTALS","floor":20.0,"turns":2.0},{"damage":8.0,"enemies":"Elementarium:STONE_GOLEMS","floor":21.0,"turns":4.0},{"damage":12.0,"enemies":"Elementarium:Hydrostalker","floor":22.0,"turns":7.0},{"damage":2.0,"enemies":"downfall:FleeingMerchant","floor":26.0,"turns":4.0},{"damage":7.0,"enemies":"Elementarium:VOID_CORRUPTION_AND_TAR_GOLEM","floor":27.0,"turns":6.0},{"damage":16.0,"enemies":"Nightmare","floor":29.0,"turns":7.0},{"damage":25.0,"enemies":"Elementarium:WarGolem","floor":31.0,"turns":4.0},{"damage":13.0,"enemies":"Elementarium:RubyGolem","floor":32.0,"turns":4.0},{"damage":14.0,"enemies":"downfall:Ironclad","floor":33.0,"turns":7.0},{"damage":8.0,"enemies":"3 Darklings","floor":36.0,"turns":4.0},{"damage":0.0,"enemies":"3 Shapes","floor":38.0,"turns":2.0},{"damage":29.0,"enemies":"Sphere and 2 Shapes","floor":43.0,"turns":6.0},{"damage":0.0,"enemies":"3 Darklings","floor":44.0,"turns":3.0},{"damage":25,"enemies":"Nightmare","floor":45,"turns":7},{"damage":0,"enemies":"Jaw Worm Horde","floor":46,"turns":3},{"damage":11,"enemies":"Nemesis","floor":47,"turns":5},{"damage":0,"enemies":"Sphere and 2 Shapes","floor":49,"turns":3},{"damage":3,"enemies":"downfall:Defect","floor":50,"turns":5}],"seed_played":"7242495483054756289","potions_obtained":[{"floor":2.0,"key":"Flashbang"},{"floor":9.0,"key":"champ:CounterPotion"},{"floor":14.0,"key":"blueLaboratory:LouseDecoction"},{"floor":33.0,"key":"blueLaboratory:ExaltedPotion"},{"floor":43.0,"key":"Fire Potion"}],"is_trial":false,"path_per_floor":["R","M","?","T","?","E","MIM","R","M","$","R","$","M","E","M","B",null,"R","M","M","M","M","R","T","?","$","M","?","NM","T","E","M","B",null,"R","M","?","M","?","R","T","?","M","M","NM","M","E","R","M","B",null],"character_chosen":"GUARDIAN","items_purchased":["Dota2Spire:UrnOfShadows","Guardian:Gem_Green"],"campfire_rested":0,"item_purchase_floors":[10,26],"current_hp_per_floor":[80,80,80,80,80,60,52,52,49,49,49,49,49,50,38,14,80,80,77,77,69,57,57,57,57,55,48,48,32,32,20,9,11,90,93,92,92,92,92,92,92,96,75,77,52,58,50,50,50,56],"gold":1027,"neow_bonus":"ONE_RANDOM_RARE_CARD","is_daily":false,"chose_seed":false,"campfire_upgraded":6,"win_rate":0.0,"timestamp":1609889852,"path_taken":["R","M","?","?","?","E","MIM","R","?","$","R","?","M","E","M","BOSS","R","M","M","M","M","R","T","?","?","M","?","NM","?","E","M","BOSS","R","M","?","M","?","R","T","?","M","M","NM","?","E","R","M","BOSS"],"items_purchased_type":["Relic","Card"],"build_version":"2020-12-22","purchased_purges":2,"victory":true,"max_hp_per_floor":[80,80,80,80,80,80,80,80,80,80,80,80,80,80,80,80,80,80,80,80,80,80,80,80,80,80,80,80,80,80,90,90,90,90,93,96,96,96,96,96,96,96,96,96,96,96,96,96,96,96],"relic_stats":{"counters":[29,141],"Question Card":70,"obtain_stats":[{"ReplayFunnel":6,"vexMod:MemoryStick":1,"hubris:Metronome":29,"Replay:PocketPolymizer":3,"Dota2Spire:UrnOfShadows":10,"Pear":31,"Quantum Egg":41,"Guardian:ModeShifter":0,"wanderingMiniBosses:MasterThiefsPresence":36,"downfall:HeartBlessingGreen":48,"Dota2Spire:ShadowBlade":14,"EVO:Axolotl":0,"vexMod:TanglingVine":17,"hubris:Towel":39,"Question Card":4,"CCEMRelics:OverlyComfyChair":30,"halation:EternalFortune":35,"CCEMRelics:GrapeVine":24,"aspiration:SilentSkillbook":34,"hubris:PeanutButter":45,"hubris:FunFungus":47,"Dota2Spire:ArcaneBoots":7,"REME_ComplimentaryCards":0},{"ReplayFunnel":2,"vexMod:MemoryStick":0,"hubris:Metronome":17,"Replay:PocketPolymizer":1,"Dota2Spire:UrnOfShadows":5,"Pear":18,"Quantum Egg":22,"Guardian:ModeShifter":0,"wanderingMiniBosses:MasterThiefsPresence":21,"downfall:HeartBlessingGreen":27,"Dota2Spire:ShadowBlade":8,"EVO:Axolotl":0,"vexMod:TanglingVine":10,"hubris:Towel":22,"Question Card":1,"CCEMRelics:OverlyComfyChair":17,"halation:EternalFortune":20,"CCEMRelics:GrapeVine":14,"aspiration:SilentSkillbook":20,"hubris:PeanutButter":25,"hubris:FunFungus":27,"Dota2Spire:ArcaneBoots":3,"REME_ComplimentaryCards":0},{"ReplayFunnel":8,"vexMod:MemoryStick":0,"hubris:Metronome":88,"Replay:PocketPolymizer":3,"Dota2Spire:UrnOfShadows":24,"Pear":92,"Quantum Egg":109,"Guardian:ModeShifter":0,"wanderingMiniBosses:MasterThiefsPresence":107,"downfall:HeartBlessingGreen":133,"Dota2Spire:ShadowBlade":37,"EVO:Axolotl":0,"vexMod:TanglingVine":55,"hubris:Towel":109,"Question Card":3,"CCEMRelics:OverlyComfyChair":88,"halation:EternalFortune":103,"CCEMRelics:GrapeVine":72,"aspiration:SilentSkillbook":103,"hubris:PeanutButter":125,"hubris:FunFungus":133,"Dota2Spire:ArcaneBoots":17,"REME_ComplimentaryCards":0}]},"card_choices":[{"not_picked":["Guardian:GuardianWhirl","Guardian:PrimingBeam"],"picked":"Guardian:RollAttack","floor":2.0},{"not_picked":["TH:DeckOfManyThings","TH:TreasureMap"],"picked":"SKIP","floor":4.0},{"not_picked":["Guardian:HyperBeam_Guardian","Guardian:VentSteam","Guardian:Preprogram"],"picked":"Guardian:Gem_Purple","floor":6.0},{"not_picked":["TH:EnergyPotion","TH:BikiniMail","TH:PixieDust"],"picked":"SKIP","floor":6.0},{"not_picked":["Guardian:Gem_Purple","Guardian:Planning","Guardian:VentSteam"],"picked":"Guardian:ChargeUp","floor":7.0},{"not_picked":["Guardian:CrystalBeam","Guardian:ShieldCharger","Guardian:TimeCapacitor"],"picked":"Guardian:BronzeArmor","floor":9.0},{"not_picked":["Guardian:Preprogram","Guardian:DonusPower","Guardian:WalkerClaw"],"picked":"Guardian:ShieldSpikes","floor":10.0},{"not_picked":["Guardian:ShieldSpikes","Guardian:Recover","Guardian:Planning"],"picked":"Guardian:MultiBeam","floor":12.0},{"not_picked":["Guardian:Harden","Guardian:Planning","Guardian:ChargeUp"],"picked":"Guardian:ChargeCore","floor":13.0},{"not_picked":["Guardian:ExploitGems","Guardian:ConstructionForm","Guardian:Emergency"],"picked":"Guardian:DonusPower","floor":14.0},{"not_picked":["TH:CopperCoins","TH:PixieDust","TH:DeckOfManyThings"],"picked":"SKIP","floor":14.0},{"not_picked":["Guardian:TemporalStrike","Guardian:ChargeCore","Guardian:Reroute","Guardian:TimeBomb"],"picked":"SKIP","floor":15.0},{"not_picked":["Guardian:Gem_Synthetic","Guardian:StasisStrike","Guardian:RevengeProtocol"],"picked":"Guardian:Gem_Orange","floor":16.0},{"not_picked":["Guardian:Clone","Guardian:Suspension","Guardian:Gem_Red"],"picked":"Guardian:Incinerate","floor":19.0},{"not_picked":["Guardian:TemporalStrike","Guardian:Incinerate","Guardian:CrystalBeam","Guardian:ChargeCore"],"picked":"SKIP","floor":20.0},{"not_picked":["Guardian:ChargeCore","Guardian:ChargeUp","Guardian:BronzeArmor+1"],"picked":"Guardian:Gem_Purple","floor":21.0},{"not_picked":["Guardian:Gem_Red","Guardian:Gem_Green","Guardian:WalkerClaw"],"picked":"Guardian:PrismaticBeam+1","floor":22.0},{"not_picked":["TH:DeckOfManyThings","TH:EnergyPotion","TH:Mimic"],"picked":"SKIP","floor":24.0},{"not_picked":["Guardian:EvasiveProtocol+1","Guardian:DonusPower","Guardian:BronzeOrb","Guardian:BaubleBeam"],"picked":"SKIP","floor":26.0},{"not_picked":["Guardian:Incinerate+1","Guardian:PiercingHide+1","Guardian:Preprogram"],"picked":"Guardian:PolyBeam","floor":27.0},{"not_picked":["Guardian:Gem_Crimson","Guardian:StasisField","Guardian:WalkerClaw+1"],"picked":"Guardian:Gem_Red","floor":29.0},{"not_picked":["TH:EnergyPotion","TH:CopperCoins","TH:ElvenBoots"],"picked":"SKIP","floor":29.0},{"not_picked":["TH:ElvenBoots","TH:PixieDust","TH:CopperCoins"],"picked":"SKIP","floor":30.0},{"not_picked":["Guardian:Emergency","Guardian:Gem_Cyan","Guardian:Suspension"],"picked":"Guardian:Gem_Orange","floor":31.0},{"not_picked":["TH:ArmorSpikes","TH:Mimic","TH:CursedSword"],"picked":"SKIP","floor":31.0},{"not_picked":["Guardian:ShieldSpikes","Guardian:Gem_Green","Guardian:GuardianWhirl+1","Guardian:TemporalStrike"],"picked":"SKIP","floor":32.0},{"not_picked":["Guardian:Emergency+1","Dodge and Roll+1","Guardian:Harden","Guardian:Gem_Green","Hidden Blade"],"picked":"SKIP","floor":36.0},{"not_picked":["hubris:Counter+1","Prepared+1","Dagger Spray+1","Guardian:TimeCapacitor"],"picked":"PiercingWail","floor":38.0},{"not_picked":["TH:Mimic","TH:CursedSword","TH:BikiniMail","TH:TreasureMap"],"picked":"SKIP","floor":41.0},{"not_picked":["hubris:TrickCloak+1","Heel Hook","Footwork+1","Guardian:Gem_Green"],"picked":"Guardian:Gem_Cyan","floor":43.0},{"not_picked":["Underhanded Strike","Expertise+1","Bane+1","Guardian:PrismaticBarrier","Hidden Blade+1"],"picked":"SKIP","floor":44.0},{"not_picked":["TH:BikiniMail","TH:ElvenBoots","TH:EnergyPotion","TH:PixieDust"],"picked":"SKIP","floor":45},{"not_picked":["Blade Dance","Terror+1","Backflip","Guardian:TemporalShield","Guardian:Reroute+1"],"picked":"SKIP","floor":45},{"not_picked":["Flying Knee+1","Blade Dance+1","Dodge and Roll","conspire:DoublingDagger+1","Poisoned Stab+1"],"picked":"SKIP","floor":46},{"not_picked":["TH:CursedSword","TH:Mimic","TH:DeckOfManyThings","TH:ElvenBoots"],"picked":"SKIP","floor":47},{"not_picked":["Guardian:ConstructionForm","Guardian:Planning+1","ReplayTheSpireMod:Shiv Toss","hubris:Sniper+1","Underhanded Strike+1"],"picked":"SKIP","floor":47},{"not_picked":["Dagger Throw","Sucker Punch","Flechettes","Cloak And Dagger","Guardian:RollAttack"],"picked":"SKIP","floor":49}],"player_experience":1493037,"relics_obtained":[{"floor":1.0,"key":"vexMod:MemoryStick"},{"floor":4.0,"key":"Question Card"},{"floor":6.0,"key":"ReplayFunnel"},{"floor":7.0,"key":"Dota2Spire:ArcaneBoots"},{"floor":14.0,"key":"Dota2Spire:ShadowBlade"},{"floor":24.0,"key":"CCEMRelics:GrapeVine"},{"floor":29.0,"key":"hubris:Metronome"},{"floor":30.0,"key":"CCEMRelics:OverlyComfyChair"},{"floor":31.0,"key":"Pear"},{"floor":36.0,"key":"wanderingMiniBosses:MasterThiefsPresence"},{"floor":36.0,"key":"halation:EternalFortune"},{"floor":41.0,"key":"Quantum Egg"},{"floor":45,"key":"hubris:PeanutButter"},{"floor":47,"key":"hubris:FunFungus"}],"event_choices":[{"damage_healed":0.0,"max_hp_gain":0.0,"max_hp_loss":0.0,"gold_gain":0.0,"event_name":"conspire:Investor","player_choice":"Leave","floor":28.0,"gold_loss":0.0,"damage_taken":0.0}],"is_beta":false,"boss_relics":[{"not_picked":["Busted Crown","conspire:RunicOctahedron"],"picked":"vexMod:TanglingVine"},{"not_picked":["jessBottle:WaterBottleRelic","hubris:HollowSoul"],"picked":"aspiration:SilentSkillbook"}],"items_purged_floors":[10,26],"is_endless":false,"potions_floor_spawned":[2,9,14,15,21,22,29,33,43,44,45,49],"ascension_level":0}}