{"host":"i9477i93mjcyimye","time":1609825546,"event":{"mods":["Aspiration","BaseMod","Bestiary","Colored Powertips","Downfall","Ironclad Rager","Minty Spire (QoL Compilation)","Quick Restart","Relic Stats","Replay The Spire","Spicy Shops","StSLib","The Jungle","Wandering Minibosses"],"gold_per_floor":[114,114,114,15,30,30,60,60,60,90,90,165,165,195,195,295,295,310,310,310,310,325,325,355,5,80,110,110,140,140,155,155,255,305,320,300,315,330,345,375,375,405,455,485,485,485,70,100,100,100],"floor_reached":51,"playtime":4870,"items_purged":["Strike_R"],"score":1183,"play_id":"47cb9b47-a392-464f-aad0-1228771342ae","local_time":"20210105164546","daily_mods":["Heirloom","Purple Cards","Elite Swarm"],"is_ascension_mode":false,"campfire_choices":[{"data":"Eruption","floor":6.0,"key":"SMITH"},{"data":"sneckomod:UnknownRareAttack","floor":8.0,"key":"SMITH"},{"data":"Slimebound:PrepareCrush","floor":11.0,"key":"SMITH"},{"floor":15.0,"key":"REST"},{"floor":23,"key":"REST"},{"data":"Evaluate","floor":28,"key":"SMITH"},{"floor":30,"key":"REST"},{"data":"Defend_R","floor":32,"key":"SMITH"},{"data":"Heavy Blade","floor":45,"key":"SMITH"},{"data":"Strike_R","floor":49,"key":"SMITH"}],"circlet_count":0,"master_deck":["Strike_R+1","Strike_R","Strike_R+1","Strike_R","Defend_R","Defend_R","Defend_R","Defend_R+1","Evaluate+1","Eruption+1","Heavy Blade+1","Guardian:ShieldCharger","sneckomod:UnknownRareAttack+1","Slimebound:PrepareCrush+1","expansioncontent:Corrupt+1","sneckomod:UnknownClassRED+1","Hallucinations","Apotheosis+1","Metallicize+1","EmptyBody+1","Fasting2+1","ReplayTheSpireMod:Limb From Limb+1","ICR:Frenzy+1","expansioncontent:FaceSlap+1","ReplayTheSpireMod:Stacked+1","champ:HeavySlash+1","FlurryOfBlows+1","champ:GutPunch+1","Slimebound:SplitAcid","champ:SwordSigil+1","champ:IgnorePain+1","ReplayTheSpireMod:Brewmster+1","ReplayTheSpireMod:Trickstab","DevaForm+1","Establishment+1","Replay:Parry+1","Sword Boomerang+1"],"relics":["champ:DuelingGlove","Replay:M_SmolderingBlood","PrismaticShard","Potion Belt","Mummified Hand","Boot","Singing Bowl","Golden Egg","Mark of Pain","Ring of Searing","Ring of Panic","Du-Vu Doll","BargainBundle","King of Hearts","HornCleat","Centennial Puzzle","Pondfish Scales","Tiny House","Replay:Baseball","Durian","Happy Flower","aspiration:HummingbirdHeart","Blue Doll","Red Skull","InkBottle"],"acts_visited":["Exordium","TheCity","TheBeyond"],"potions_floor_usage":[24,27,33,33,35,38,42,42,44,44,48,50,50,50],"damage_taken":[{"damage":10.0,"enemies":"Small Slimes","floor":1.0,"turns":3.0},{"damage":0.0,"enemies":"Jaw Worm","floor":5.0,"turns":1.0},{"damage":9.0,"enemies":"Replay:BlueRogue","floor":7.0,"turns":3.0},{"damage":0.0,"enemies":"Gremlin Nob","floor":10.0,"turns":1.0},{"damage":22.0,"enemies":"3 Sentries","floor":14.0,"turns":5.0},{"damage":3,"enemies":"The Guardian","floor":16,"turns":3},{"damage":5,"enemies":"Chosen","floor":18,"turns":4},{"damage":30,"enemies":"2 Thieves","floor":22,"turns":3},{"damage":26,"enemies":"Book of Stabbing","floor":24,"turns":5},{"damage":6,"enemies":"Slavers","floor":27,"turns":4},{"damage":22,"enemies":"Gremlin Leader","floor":29,"turns":2},{"damage":0,"enemies":"Snecko","floor":31,"turns":1},{"damage":0,"enemies":"Champ","floor":33,"turns":4},{"damage":10,"enemies":"3 Darklings","floor":35,"turns":3},{"damage":5,"enemies":"3 Shapes","floor":37,"turns":2},{"damage":15,"enemies":"Writhing Mass","floor":38,"turns":3},{"damage":18,"enemies":"Jaw Worm Horde","floor":39,"turns":4},{"damage":21,"enemies":"R_Hoarder","floor":40,"turns":4},{"damage":0,"enemies":"Nemesis","floor":42,"turns":3},{"damage":0,"enemies":"Giant Head","floor":44,"turns":4},{"damage":1,"enemies":"R_Hoarder","floor":48,"turns":4},{"damage":3,"enemies":"Time Eater","floor":50,"turns":2}],"seed_played":"-8136925521176778862","potions_obtained":[{"floor":7.0,"key":"Venom Potion"},{"floor":10.0,"key":"AttackPotion"},{"floor":16,"key":"DuplicationPotion"},{"floor":18,"key":"Elixir"},{"floor":29,"key":"Energy Potion"},{"floor":34,"key":"LiquidBronze"},{"floor":36,"key":"EssenceOfSteel"},{"floor":37,"key":"Slimebound:ThreeZeroPotion"},{"floor":38,"key":"Ancient Potion"},{"floor":48,"key":"SpeedPotion"}],"is_trial":false,"path_per_floor":["M","?","?","$","M","R","E","R","T","E","R","T","?","E","R","B",null,"M","?","?","?","M","R","E","$","T","E","R","E","R","M","R","B",null,"M","?","M","M","M","E","?","E","T","E","R","?","$","E","R","B",null],"character_chosen":"IRONCLAD","items_purchased":["PrismaticShard","Heavy Blade","BargainBundle","CultistPotion","King of Hearts","EmptyBody","Fasting2","ReplayTheSpireMod:Limb From Limb","ICR:Frenzy+1","expansioncontent:FaceSlap","ReplayTheSpireMod:Stacked","SkillPotion","Swift Potion","Blue Doll","Red Skull","Replay:Parry","Sword Boomerang"],"campfire_rested":3,"item_purchase_floors":[4,4,25,25,25,25,25,25,25,25,25,25,25,47,47,47,47],"current_hp_per_floor":[76,76,76,76,76,76,67,67,67,67,67,67,67,45,69,68,82,77,77,77,77,47,71,47,47,47,41,41,21,46,46,46,48,93,85,85,80,69,68,62,54,59,59,63,63,63,63,68,68,65],"gold":100,"neow_bonus":"","is_daily":true,"chose_seed":false,"campfire_upgraded":7,"win_rate":0.0,"timestamp":1609825546,"path_taken":["M","?","?","$","M","R","E","R","T","E","R","?","?","E","R","BOSS","M","?","?","?","?","R","E","?","T","E","R","E","R","M","R","BOSS","M","?","?","?","M","E","?","E","T","E","R","?","$","E","R","BOSS"],"items_purchased_type":["Relic","Card","Relic","Potion","Relic","Card","Card","Card","Card","Card","Card","Potion","Potion","Relic","Relic","Card","Card"],"build_version":"2020-12-22","purchased_purges":1,"victory":true,"max_hp_per_floor":[80,80,80,80,80,80,80,80,80,80,80,80,80,80,80,82,82,82,82,82,82,82,82,84,84,84,84,84,86,86,86,86,88,93,95,95,95,95,97,97,99,104,104,104,104,104,104,106,106,106],"relic_stats":{"Centennial Puzzle":[24],"Singing Bowl":16,"Happy Flower":[3],"counters":[22,68],"Mummified Hand":[32],"Boot":[17],"obtain_stats":[{"champ:DuelingGlove":0,"Golden Egg":14,"Tiny House":34,"Singing Bowl":12,"Blue Doll":47,"King of Hearts":25,"PrismaticShard":4,"Boot":10,"Burning Blood":0,"Ring of Searing":19,"Centennial Puzzle":27,"HornCleat":26,"Replay:M_SmolderingBlood":2,"Mummified Hand":9,"Ring of Panic":19,"Red Skull":47,"InkBottle":48,"Potion Belt":7,"BargainBundle":25,"Happy Flower":43,"aspiration:HummingbirdHeart":44,"Du-Vu Doll":24,"Pondfish Scales":29,"Replay:Baseball":40,"Mark of Pain":17,"Durian":42},{"champ:DuelingGlove":0,"Golden Egg":5,"Tiny House":13,"Singing Bowl":4,"Blue Doll":20,"King of Hearts":9,"PrismaticShard":1,"Boot":4,"Burning Blood":0,"Ring of Searing":7,"Centennial Puzzle":10,"HornCleat":9,"Replay:M_SmolderingBlood":1,"Mummified Hand":3,"Ring of Panic":7,"Red Skull":20,"InkBottle":21,"Potion Belt":3,"BargainBundle":9,"Happy Flower":19,"aspiration:HummingbirdHeart":20,"Du-Vu Doll":9,"Pondfish Scales":11,"Replay:Baseball":18,"Mark of Pain":6,"Durian":19},{"champ:DuelingGlove":0,"Golden Egg":13,"Tiny House":39,"Singing Bowl":8,"Blue Doll":62,"King of Hearts":28,"PrismaticShard":3,"Boot":8,"Burning Blood":0,"Ring of Searing":20,"Centennial Puzzle":32,"HornCleat":28,"Replay:M_SmolderingBlood":3,"Mummified Hand":7,"Ring of Panic":20,"Red Skull":62,"InkBottle":66,"Potion Belt":7,"BargainBundle":28,"Happy Flower":58,"aspiration:HummingbirdHeart":62,"Du-Vu Doll":28,"Pondfish Scales":34,"Replay:Baseball":55,"Mark of Pain":16,"Durian":58}],"InkBottle":[1]},"card_choices":[{"not_picked":["Havoc","Warcry"],"picked":"Evaluate","floor":1.0},{"not_picked":["Acrobatics","Guardian:Recover"],"picked":"Guardian:ShieldCharger","floor":5.0},{"not_picked":["Slimebound:DouseInSlime","Slimebound:OneTwoCombo"],"picked":"sneckomod:UnknownRareAttack","floor":7.0},{"not_picked":["Core Surge","Poison Darts"],"picked":"Slimebound:PrepareCrush","floor":10.0},{"not_picked":["Slimebound:LeechLife","Tools of the Trade"],"picked":"expansioncontent:Corrupt","floor":14.0},{"not_picked":["aspiration:Lunge","Poisoned Strike","Slimebound:WasteNot"],"picked":"Singing Bowl","floor":16},{"not_picked":["sneckomod:IronFang","Dagger Throw"],"picked":"sneckomod:UnknownClassRED+1","floor":18},{"not_picked":["sneckomod:UnknownVulnerable","Chaos+1"],"picked":"Metallicize+1","floor":22},{"not_picked":["sneckomod:UnknownRareAttack","Mirror Shield","ReplayTheSpireMod:Omega Cannon"],"picked":"Singing Bowl","floor":24},{"not_picked":["DeusExMachina","HandOfGreed"],"picked":"champ:HeavySlash","floor":27},{"not_picked":["hexamod:GiftsFromTheDead","Envenom","hexamod:TimeWarp"],"picked":"Singing Bowl","floor":29},{"not_picked":["Deflect","Slimebound:GoopSpray"],"picked":"FlurryOfBlows","floor":31},{"not_picked":["sneckomod:Mudshield","Doppelganger","hexamod:ApocalypseNow"],"picked":"Singing Bowl","floor":33},{"not_picked":["sneckomod:ImprovisedAttack","Flex+1"],"picked":"champ:GutPunch+1","floor":34},{"not_picked":["sneckomod:UnknownBlock","hexamod:HauntingEcho","Replay:Cycle+1"],"picked":"Singing Bowl","floor":35},{"not_picked":["Gash+1","Burst"],"picked":"Slimebound:SplitAcid","floor":37},{"not_picked":["champ:CrookedStrike","ReplayTheSpireMod:System Scan"],"picked":"champ:SwordSigil+1","floor":38},{"not_picked":["Warcry+1","champ:HeartStrike","Slimebound:SplitAcid+1"],"picked":"Singing Bowl","floor":39},{"not_picked":["Immolate","Slimebound:PrepareCrush"],"picked":"champ:IgnorePain","floor":40},{"not_picked":["Secret Technique","Secret Weapon"],"picked":"ReplayTheSpireMod:Brewmster","floor":41},{"not_picked":["Violence","Madness","Magnetism"],"picked":"Singing Bowl","floor":41},{"not_picked":["Specialist","Blind"],"picked":"ReplayTheSpireMod:Trickstab","floor":41},{"not_picked":["Slimebound:DouseInSlime","sneckomod:DangerNoodle"],"picked":"DevaForm","floor":42},{"not_picked":["Guardian:StasisStrike","sneckomod:SoulExchange"],"picked":"Establishment","floor":44},{"not_picked":["Slimebound:OozeBath","Thinking Ahead","Seek"],"picked":"Singing Bowl","floor":48}],"player_experience":257016,"relics_obtained":[{"floor":7.0,"key":"Potion Belt"},{"floor":9.0,"key":"Mummified Hand"},{"floor":10.0,"key":"Boot"},{"floor":12.0,"key":"Singing Bowl"},{"floor":14.0,"key":"Golden Egg"},{"floor":19,"key":"Ring of Searing"},{"floor":19,"key":"Ring of Panic"},{"floor":24,"key":"Du-Vu Doll"},{"floor":26,"key":"HornCleat"},{"floor":27,"key":"Centennial Puzzle"},{"floor":29,"key":"Pondfish Scales"},{"floor":40,"key":"Replay:Baseball"},{"floor":42,"key":"Durian"},{"floor":43,"key":"Happy Flower"},{"floor":44,"key":"aspiration:HummingbirdHeart"},{"floor":48,"key":"InkBottle"}],"event_choices":[{"damage_healed":0.0,"max_hp_gain":0.0,"max_hp_loss":0.0,"gold_gain":0.0,"event_name":"Golden Wing","player_choice":"Ignored","floor":3.0,"gold_loss":0.0,"damage_taken":0.0},{"damage_healed":0.0,"max_hp_gain":0.0,"max_hp_loss":0.0,"gold_gain":0.0,"event_name":"The Cleric","player_choice":"Leave","floor":13.0,"gold_loss":0.0,"damage_taken":0.0},{"damage_healed":0,"gold_gain":0,"player_choice":"Ignored","damage_taken":0,"max_hp_gain":0,"max_hp_loss":0,"event_name":"Transmorgrifier","floor":21,"gold_loss":0},{"damage_healed":0,"gold_gain":0,"player_choice":"Bought 1 Potion","damage_taken":0,"max_hp_gain":0,"max_hp_loss":0,"event_name":"The Woman in Blue","floor":36,"gold_loss":0},{"damage_healed":0,"gold_gain":0,"player_choice":"Memory 3","damage_taken":10,"max_hp_gain":0,"max_hp_loss":0,"event_name":"SensoryStone","floor":41,"gold_loss":0},{"damage_healed":0,"gold_gain":0,"player_choice":"Upgraded","damage_taken":0,"max_hp_gain":0,"max_hp_loss":0,"event_name":"Upgrade Shrine","floor":46,"gold_loss":0,"cards_upgraded":["FlurryOfBlows"]}],"is_beta":false,"boss_relics":[{"not_picked":["Kintsugi","aspiration:PoetsPen_weak"],"picked":"Mark of Pain"},{"not_picked":["aspiration:SilentSkillbook","Astrolabe"],"picked":"Tiny House"}],"items_purged_floors":[25],"is_endless":false,"potions_floor_spawned":[7,10,16,18,29,31,37,38,42,48],"ascension_level":0}}