{"host":"15dd7v8o90xso62x","time":1609857607,"event":{"mods":["BaseMod","Minty Spire (QoL Compilation)","Quick Restart","StSLib","SuperFastMode"],"gold_per_floor":[118,118,134,13,31,61,61,96,96,110,110,110,125,36,36,36,36],"floor_reached":16,"playtime":398,"items_purged":[],"score":220,"play_id":"f6ae14f5-c5eb-4927-b2f4-f59cd1b39fc7","local_time":"20210105234007","is_ascension_mode":true,"campfire_choices":[{"data":"Noxious Fumes","floor":7,"key":"SMITH"},{"floor":12,"key":"REST"},{"data":"Bouncing Flask","floor":15,"key":"SMITH"}],"circlet_count":0,"master_deck":["AscendersBane","Strike_G","Strike_G","Strike_G","Strike_G","Strike_G","Defend_G+1","Defend_G","Defend_G","Defend_G","Defend_G","Survivor","Neutralize","Deadly Poison","Bouncing Flask+1","Noxious Fumes+1","Calculated Gamble","Blur+1","Escape Plan","Footwork"],"relics":["Ring of the Snake","NeowsBlessing","FaceOfCleric","Singing Bowl","Paper Crane","Blue Candle"],"acts_visited":["Exordium"],"potions_floor_usage":[6,13,16],"damage_taken":[{"damage":0,"enemies":"Small Slimes","floor":1,"turns":1},{"damage":0,"enemies":"Cultist","floor":3,"turns":1},{"damage":0,"enemies":"2 Louse","floor":5,"turns":1},{"damage":17,"enemies":"Lagavulin","floor":6,"turns":5},{"damage":17,"enemies":"3 Sentries","floor":8,"turns":7},{"damage":4,"enemies":"Exordium Wildlife","floor":10,"turns":5},{"damage":5,"enemies":"Gremlin Gang","floor":13,"turns":3},{"damage":31,"enemies":"Slime Boss","floor":16,"turns":3}],"seed_played":"-1054629581721546533","potions_obtained":[{"floor":3,"key":"FearPotion"},{"floor":5,"key":"PowerPotion"},{"floor":6,"key":"Strength Potion"},{"floor":8,"key":"Fire Potion"}],"is_trial":false,"path_per_floor":["M","?","M","$","M","E","R","E","T","M","?","R","M","$","R","B"],"character_chosen":"THE_SILENT","items_purchased":["Noxious Fumes","Calculated Gamble","Footwork"],"campfire_rested":1,"item_purchase_floors":[4,4,14],"current_hp_per_floor":[59,59,60,60,61,47,47,33,33,30,7,29,27,27,27,0,0],"gold":36,"neow_bonus":"THREE_ENEMY_KILL","is_daily":false,"chose_seed":false,"campfire_upgraded":2,"win_rate":0.0,"timestamp":1609857607,"path_taken":["M","?","M","$","?","E","R","E","T","M","?","R","M","$","R","BOSS"],"items_purchased_type":["Card","Card","Card"],"build_version":"2020-12-22","purchased_purges":0,"victory":false,"max_hp_per_floor":[66,66,67,67,68,71,71,74,74,75,75,75,78,78,78,78,78],"card_choices":[{"not_picked":["Prepared","Underhanded Strike"],"picked":"Deadly Poison","floor":1},{"not_picked":["Distraction","Bane"],"picked":"Bouncing Flask","floor":3},{"not_picked":["Sucker Punch","Dagger Spray"],"picked":"Blur","floor":5},{"not_picked":["Acrobatics","Flying Knee","Setup"],"picked":"Singing Bowl","floor":6},{"not_picked":["Blade Dance","Envenom","Prepared"],"picked":"Singing Bowl","floor":8},{"not_picked":["Poisoned Stab","Quick Slash"],"picked":"Escape Plan","floor":10},{"not_picked":["Riddle With Holes","Choke","Expertise"],"picked":"Singing Bowl","floor":13}],"player_experience":1002687,"relics_obtained":[{"floor":6,"key":"Singing Bowl"},{"floor":8,"key":"Paper Crane"},{"floor":9,"key":"Blue Candle"}],"event_choices":[{"damage_healed":0,"gold_gain":0,"player_choice":"Trade","damage_taken":0,"relics_obtained":["FaceOfCleric"],"max_hp_gain":0,"max_hp_loss":0,"event_name":"FaceTrader","floor":2,"gold_loss":0},{"damage_healed":0,"gold_gain":0,"player_choice":"Entered Light","damage_taken":23,"max_hp_gain":0,"max_hp_loss":0,"event_name":"Shining Light","floor":11,"gold_loss":0,"cards_upgraded":["Defend_G","Blur"]}],"is_beta":false,"boss_relics":[],"items_purged_floors":[],"is_endless":false,"potions_floor_spawned":[3,5,6,8],"killed_by":"Slime Boss","ascension_level":20}}