{"host":"46hhpd9tbruz5rpt","time":1609835874,"event":{"mods":["BaseMod","Minty Spire (QoL Compilation)","Quick Restart","Replay The Spire","StSLib","The Cursed"],"gold_per_floor":[117,134,59,76,91,91,118,118,164,193,213,213,228,239,239,335,435,451,461,496,510,529,554,554,586,586,616,666,695,725,625,625,739,739,773,785,785],"floor_reached":36,"playtime":1908,"items_purged":["TheCursedMod:Strike_TheCursed","TheCursedMod:Strike_TheCursed"],"score":747,"play_id":"d068b121-1a2a-4138-a7c7-a543609029cb","local_time":"20210105163754","is_ascension_mode":true,"campfire_choices":[{"data":"Apotheosis","floor":6.0,"key":"SMITH"},{"data":"TheCursedMod:CleanUpWorkshop","floor":8.0,"key":"SMITH"},{"data":"TheCursedMod:Defend_TheCursed","floor":15.0,"key":"PURGE"},{"data":"TheCursedMod:VoidForm","floor":24.0,"key":"SMITH"},{"data":"TheCursedMod:Strike_TheCursed","floor":32.0,"key":"PURGE"}],"circlet_count":0,"master_deck":["TheCursedMod:Defend_TheCursed","TheCursedMod:Defend_TheCursed","TheCursedMod:Defend_TheCursed","TheCursedMod:CursedWand","TheCursedMod:CleanUpWorkshop+1","TheCursedMod:Dregs","Apotheosis+1","TheCursedMod:CircleOfCorruption","TheCursedMod:AbyssShockwave","TheCursedMod:TacticalStrike","TheCursedMod:VoidForm+1","TheCursedMod:DemonSword","TheCursedMod:WearCloak+1","TheCursedMod:CursedAmulet+1","TheCursedMod:NeowsMight","Parasite","Parasite","Overencumbered","Pain","Pain","TheCursedMod:CollectTribute"],"relics":["TheCursedMod:BlackMagic101","Divine Protection","Akabeko","Replay:Rubber Ducky","Replay:Wanted Poster","Red Mask","White Beast Statue","Ginger","Orichalcum","Happy Flower","Ring of Greed","Replay:Bandana","Tiny Chest","Replay:Bronze Core"],"acts_visited":["Exordium","TheCity","TheBeyond"],"potions_floor_usage":[33,36,36],"damage_taken":[{"damage":3.0,"enemies":"Small Slimes","floor":1.0,"turns":4.0},{"damage":0.0,"enemies":"Cultist","floor":2.0,"turns":3.0},{"damage":0.0,"enemies":"Jaw Worm","floor":4.0,"turns":3.0},{"damage":6.0,"enemies":"Blue Slaver","floor":5.0,"turns":4.0},{"damage":12.0,"enemies":"Replay:BlueRogue","floor":7.0,"turns":5.0},{"damage":0.0,"enemies":"Lagavulin","floor":10.0,"turns":5.0},{"damage":0.0,"enemies":"3 Louse","floor":11.0,"turns":2.0},{"damage":1.0,"enemies":"Red Slaver","floor":13.0,"turns":3.0},{"damage":0.0,"enemies":"2 Fungi Beasts","floor":14.0,"turns":2.0},{"damage":0.0,"enemies":"Fading Forest","floor":16.0,"turns":10.0},{"damage":12.0,"enemies":"2 Thieves","floor":18.0,"turns":3.0},{"damage":0.0,"enemies":"Chosen","floor":19.0,"turns":3.0},{"damage":0.0,"enemies":"Masked Bandits","floor":20.0,"turns":2.0},{"damage":3.0,"enemies":"Centurion and Healer","floor":21.0,"turns":3.0},{"damage":0.0,"enemies":"Snake Plant","floor":22.0,"turns":3.0},{"damage":0.0,"enemies":"Book of Stabbing","floor":23.0,"turns":5.0},{"damage":16.0,"enemies":"Gremlin Leader","floor":25.0,"turns":5.0},{"damage":0.0,"enemies":"Replay:Snechameleon","floor":27.0,"turns":4.0},{"damage":0.0,"enemies":"Cultist and Chosen","floor":29.0,"turns":4.0},{"damage":0.0,"enemies":"Sentry and Sphere","floor":30.0,"turns":4.0},{"damage":1,"enemies":"Champ","floor":33,"turns":6},{"damage":26,"enemies":"3 Darklings","floor":35,"turns":5},{"damage":6,"enemies":"Orb Walker","floor":36,"turns":4}],"seed_played":"7063850578867528881","potions_obtained":[{"floor":1.0,"key":"Block Potion"},{"floor":2.0,"key":"Regen Potion"},{"floor":5.0,"key":"Fire Potion"},{"floor":18.0,"key":"Strength Potion"},{"floor":23.0,"key":"Dexterity Potion"},{"floor":25.0,"key":"FearPotion"},{"floor":27.0,"key":"PowerPotion"},{"floor":33,"key":"Regen Potion"},{"floor":35,"key":"ColorlessPotion"}],"is_trial":false,"path_per_floor":["M","M","$","M","M","R","E","R","T","E","M","?","M","M","R","B",null,"M","M","?","M","M","E","R","E","T","E","?","M","M","$","R","B",null,"M","M"],"character_chosen":"THE_CURSED","items_purchased":[],"campfire_rested":0,"item_purchase_floors":[],"current_hp_per_floor":[65,65,65,65,59,59,47,47,47,47,47,47,46,46,46,46,68,56,56,56,53,62,62,62,46,46,46,46,46,46,46,46,45,68,42,48,48],"gold":785,"neow_bonus":"RANDOM_COLORLESS_2","is_daily":false,"chose_seed":false,"campfire_upgraded":3,"win_rate":0.0,"timestamp":1609835874,"path_taken":["M","M","$","M","M","R","E","R","T","E","M","?","M","M","R","BOSS","M","?","?","M","M","E","R","E","T","E","?","M","M","$","R","BOSS","M","M"],"items_purchased_type":[],"build_version":"2020-12-22","purchased_purges":2,"victory":false,"max_hp_per_floor":[68,68,68,68,68,68,68,68,68,68,68,68,68,68,68,68,68,68,68,68,68,68,68,68,68,68,68,68,68,68,68,68,68,68,68,68,68],"card_choices":[{"not_picked":["Secret Weapon","Mayhem"],"picked":"Apotheosis","floor":0.0},{"not_picked":["TheCursedMod:Stigma","TheCursedMod:FleshFromBone","TheCursedMod:Stretching"],"picked":"SKIP","floor":1.0},{"not_picked":["TheCursedMod:TroublousMinions","TheCursedMod:Hemoplague"],"picked":"TheCursedMod:CircleOfCorruption","floor":2.0},{"not_picked":["TheCursedMod:TroublousMinions","TheCursedMod:CursedAmulet"],"picked":"TheCursedMod:AbyssShockwave","floor":4.0},{"not_picked":["TheCursedMod:CursedBlade","TheCursedMod:AbyssShockwave","TheCursedMod:WearCloak"],"picked":"SKIP","floor":5.0},{"not_picked":["TheCursedMod:BloodBarrier","TheCursedMod:SaltUponWound","TheCursedMod:CircleOfAmplification"],"picked":"SKIP","floor":7.0},{"not_picked":["TheCursedMod:FleshFromBone","TheCursedMod:CircleOfCorruption"],"picked":"TheCursedMod:TacticalStrike","floor":10.0},{"not_picked":["TheCursedMod:Stretching","TheCursedMod:CircleOfFlame"],"picked":"TheCursedMod:VoidForm","floor":11.0},{"not_picked":["TheCursedMod:Mangle","TheCursedMod:CursedBlade","TheCursedMod:PrepareRite"],"picked":"SKIP","floor":13.0},{"not_picked":["TheCursedMod:SmokeScreen","TheCursedMod:ManaBullet","TheCursedMod:CursedShiv"],"picked":"SKIP","floor":14.0},{"not_picked":["TheCursedMod:VoidForm","TheCursedMod:ManaCirculation"],"picked":"TheCursedMod:DemonSword","floor":16.0},{"not_picked":["TheCursedMod:FuryStrike+1","TheCursedMod:ReleasedKnowledge+1","TheCursedMod:CursedStaff"],"picked":"SKIP","floor":18.0},{"not_picked":["TheCursedMod:Stigma","TheCursedMod:TacticalStrike+1","TheCursedMod:CircleOfFlame"],"picked":"SKIP","floor":19.0},{"not_picked":["TheCursedMod:HellfireBreathing","TheCursedMod:CursedBlade","TheCursedMod:SpitefulStrike"],"picked":"SKIP","floor":21.0},{"not_picked":["TheCursedMod:HellfireBreathing","TheCursedMod:CircleOfFlame"],"picked":"TheCursedMod:WearCloak+1","floor":22.0},{"not_picked":["TheCursedMod:CircleOfCorruption","TheCursedMod:Stigma","TheCursedMod:CursedMace"],"picked":"SKIP","floor":23.0},{"not_picked":["TheCursedMod:Wield+1","TheCursedMod:VitalStrike","TheCursedMod:DemonSword"],"picked":"SKIP","floor":25.0},{"not_picked":["TheCursedMod:TacticalStrike","TheCursedMod:ParallelWorld"],"picked":"TheCursedMod:CursedAmulet+1","floor":27.0},{"not_picked":["TheCursedMod:Obscuration","TheCursedMod:RapidMovement+1","TheCursedMod:CursedShiv"],"picked":"SKIP","floor":29.0},{"not_picked":["TheCursedMod:CursedSpellbook","TheCursedMod:CursedMace"],"picked":"TheCursedMod:NeowsMight","floor":30.0},{"not_picked":["TheCursedMod:Neurasthenia","TheCursedMod:DarkBarrier"],"picked":"TheCursedMod:CollectTribute","floor":33},{"not_picked":["TheCursedMod:Wield","TheCursedMod:FleshFromBone+1","TheCursedMod:WearCloak"],"picked":"SKIP","floor":35}],"player_experience":83772,"relics_obtained":[{"floor":7.0,"key":"Divine Protection"},{"floor":9.0,"key":"Akabeko"},{"floor":10.0,"key":"Replay:Rubber Ducky"},{"floor":20.0,"key":"Red Mask"},{"floor":23.0,"key":"White Beast Statue"},{"floor":25.0,"key":"Ginger"},{"floor":26.0,"key":"Orichalcum"},{"floor":27.0,"key":"Happy Flower"},{"floor":28.0,"key":"Ring of Greed"},{"floor":28.0,"key":"Replay:Bandana"},{"floor":28.0,"key":"Tiny Chest"}],"event_choices":[{"cards_removed":["TheCursedMod:Strike_TheCursed"],"damage_healed":0.0,"max_hp_gain":0.0,"max_hp_loss":0.0,"gold_gain":0.0,"event_name":"Bonfire Elementals","player_choice":"Offered Basic","floor":12.0,"gold_loss":0.0,"damage_taken":0.0},{"damage_healed":0.0,"max_hp_gain":0.0,"max_hp_loss":0.0,"gold_gain":0.0,"event_name":"Masked Bandits","player_choice":"Fought Bandits","floor":20.0,"gold_loss":0.0,"damage_taken":0.0}],"is_beta":false,"boss_relics":[{"not_picked":["Runic Pyramid","Sozu"],"picked":"Replay:Wanted Poster"},{"not_picked":["Coffee Dripper","Runic Dome"],"picked":"Replay:Bronze Core"}],"items_purged_floors":[3,31],"is_endless":false,"potions_floor_spawned":[1,2,5,10,18,23,25,27,29,30,33,35],"killed_by":"Orb Walker","ascension_level":3}}