{"host":"exyz3r55z4kt6m9o","time":1609836964,"event":{"mods":["2.2 Compatiblity","AchievementEnabler","Aspiration","BaseMod","Better Altar","Better Match","Better Note","Better Sensory Stone","Better Skull","Better Third Choice","BetterRewards","Colored Powertips","Energized Spire","Friendly Minions","GifTheSpireLib","Infinite Spire","Ironclad Rager","Jorbs\u0027s Wanderer Trilogy","Luminous","Marisa????????","Minty Spire (QoL Compilation)","Permanent Neow","Rare Cards Sparkle","Reimu??????","Relic Filter","Replay The Spire","Spicy Shops","StSLib","The Bladedancer","The Blue Laboratory","The Gatherer","The Hayseed","The Mystic","The Runesmith","Wandering Minibosses","yUi"],"gold_per_floor":[110,125,136,1,16,43,43,72,72,72,85,85,12,23,23,120,120,139,153,153,153,53,53,53,53,53,53,64,114,126,126,126,126,126],"floor_reached":33,"playtime":1437,"items_purged":["Runesmith:Strike_RS","Runesmith:Strike_RS","Runesmith:Strike_RS"],"score":305,"play_id":"1cb83485-907c-49b5-855c-4adfb009f5a6","local_time":"20210105035604","is_ascension_mode":false,"campfire_choices":[{"data":"Runesmith:Reinforce","floor":7,"key":"SMITH"},{"floor":10,"key":"REST"},{"data":"Runesmith:Permafrost","floor":15,"key":"SMITH"},{"floor":23,"key":"REST"},{"floor":25,"key":"REST"},{"data":"Runesmith:Grindstone","floor":27,"key":"SMITH"},{"floor":32,"key":"REST"}],"circlet_count":0,"master_deck":["Runesmith:Strike_RS","Runesmith:Defend_RS","Runesmith:Defend_RS","Runesmith:Defend_RS","Runesmith:Defend_RS","Runesmith:Fortify","ReplayTheSpireMod:Trickstab","Runesmith:Reinforce+1","Runesmith:Firestorm+1","Runesmith:ChiselStab","Runesmith:CraftMagma","Runesmith:ChiselStab","ReplayTheSpireMod:Armaments MK-II-B","Runesmith:Permafrost+1","Runesmith:CraftMedicinae","Runesmith:Grindstone+1","Runesmith:Grindstone+1","Runesmith:CreatorForm"],"relics":["Strange Spoon","Akabeko","Tea:ReiMu","aspiration:StickyExplosives","m_RuneBlood","Chemical X","Nloth\u0027s Gift","Pear","Tiny House"],"acts_visited":["Exordium","TheCity"],"potions_floor_usage":[8,8,14,16,33,33],"damage_taken":[{"damage":3,"enemies":"Cultist","floor":1,"turns":4},{"damage":6,"enemies":"Jaw Worm","floor":2,"turns":3},{"damage":2,"enemies":"Small Slimes","floor":3,"turns":3},{"damage":4,"enemies":"3 Louse","floor":5,"turns":5},{"damage":24,"enemies":"3 Sentries","floor":6,"turns":10},{"damage":0,"enemies":"Lagavulin","floor":8,"turns":7},{"damage":13,"enemies":"Exordium Wildlife","floor":11,"turns":4},{"damage":15,"enemies":"Exordium Thugs","floor":14,"turns":6},{"damage":15,"enemies":"The Guardian","floor":16,"turns":10},{"damage":26,"enemies":"2 Thieves","floor":18,"turns":4},{"damage":39,"enemies":"Spheric Guardian","floor":19,"turns":5},{"damage":39,"enemies":"Snecko","floor":28,"turns":10},{"damage":27,"enemies":"Chosen and Byrds","floor":30,"turns":10},{"damage":53,"enemies":"Collector","floor":33,"turns":6}],"seed_played":"-3700723907534021338","potions_obtained":[{"floor":2,"key":"blueLaboratory:BottleOfVodka"},{"floor":5,"key":"SpeedPotion"},{"floor":11,"key":"ColorlessPotion"},{"floor":14,"key":"blueLaboratory:StoneskinPotion"},{"floor":28,"key":"blueLaboratory:RememoryPotion"},{"floor":29,"key":"Doom Potion"}],"is_trial":false,"path_per_floor":["M","M","M","$","M","E","R","E","T","R","M","?","$","M","R","B",null,"M","M","?","?","$","R","?","R","T","R","M","AVR","M","?","R","B"],"character_chosen":"RUNESMITH_CLASS","items_purchased":["Strange Spoon","Chemical X"],"campfire_rested":4,"item_purchase_floors":[4,13],"current_hp_per_floor":[67,61,59,59,55,31,31,31,31,52,39,39,39,27,48,36,70,47,11,11,11,11,32,32,53,63,63,30,35,11,11,36,0,0],"gold":126,"neow_bonus":"COLORLESS_CARD","is_daily":false,"chose_seed":false,"campfire_upgraded":3,"win_rate":0.0,"timestamp":1609836964,"path_taken":["M","M","M","$","M","E","R","E","T","R","?","?","$","M","R","BOSS","M","M","?","?","$","R","?","R","T","R","M","AVR","?","?","R","BOSS"],"items_purchased_type":["Relic","Relic"],"build_version":"2020-12-22","purchased_purges":3,"victory":false,"max_hp_per_floor":[70,70,70,70,70,70,70,70,70,70,70,70,70,70,70,70,70,70,70,70,70,70,70,70,70,80,80,80,85,85,85,85,85,85],"card_choices":[{"not_picked":["Runesmith:Malloc","Runesmith:Overpower","Runesmith:Prism"],"picked":"SKIP","floor":1},{"not_picked":["Runesmith:HeatExchange","Runesmith:CraftProtectio"],"picked":"Runesmith:Reinforce","floor":2},{"not_picked":["Runesmith:LithiumIon","Runesmith:Repurpose"],"picked":"Runesmith:Firestorm","floor":3},{"not_picked":["Runesmith:RunicBlueprint","Runesmith:HeatedChisel"],"picked":"Runesmith:ChiselStab","floor":5},{"not_picked":["Runesmith:LastStand","Runesmith:Repurpose"],"picked":"Runesmith:CraftMagma","floor":6},{"not_picked":["Runesmith:HammerThrow","Runesmith:Superposition"],"picked":"Runesmith:ChiselStab","floor":8},{"not_picked":["Runesmith:StaticCage","Runesmith:ShiftingStrike","Runesmith:BackupBattery"],"picked":"SKIP","floor":11},{"not_picked":["Runesmith:HeatedChisel","Runesmith:Retool"],"picked":"Runesmith:Permafrost","floor":14},{"not_picked":["Runesmith:GenerateForcefield","Runesmith:GrandSlam"],"picked":"Runesmith:CraftMedicinae","floor":16},{"not_picked":["Runesmith:Accelerate+1","Runesmith:Prism"],"picked":"Runesmith:Grindstone","floor":18},{"not_picked":["Runesmith:ShiftingStrike","Runesmith:HammerThrow","Runesmith:UnstableHammer+1"],"picked":"SKIP","floor":19},{"not_picked":["Runesmith:ShiftingStrike","Runesmith:CraftProtectio","Runesmith:RuneHurl"],"picked":"SKIP","floor":28},{"not_picked":["Runesmith:UnstableHammer","Runesmith:RuneHurl"],"picked":"Runesmith:Grindstone+1","floor":29},{"not_picked":["Runesmith:LightningRod","Runesmith:HeatExchange"],"picked":"Runesmith:CreatorForm","floor":30}],"player_experience":667866,"relics_obtained":[{"floor":6,"key":"Akabeko"},{"floor":8,"key":"Tea:ReiMu"},{"floor":9,"key":"aspiration:StickyExplosives"},{"floor":26,"key":"Pear"}],"event_choices":[{"damage_healed":0,"gold_gain":0,"player_choice":"Ignored","damage_taken":0,"max_hp_gain":0,"max_hp_loss":0,"event_name":"Transmorgrifier","floor":20,"gold_loss":0},{"cards_removed":["Pride"],"damage_healed":0,"gold_gain":0,"player_choice":"Purged","damage_taken":0,"max_hp_gain":0,"max_hp_loss":0,"event_name":"Purifier","floor":21,"gold_loss":0},{"damage_healed":0,"gold_gain":0,"player_choice":"Traded Relic","damage_taken":0,"relics_obtained":["Nloth\u0027s Gift"],"max_hp_gain":0,"max_hp_loss":0,"event_name":"N\u0027loth","floor":24,"relics_lost":["Sozu"],"gold_loss":0},{"damage_healed":0,"gold_gain":0,"player_choice":"Ignored","damage_taken":0,"max_hp_gain":0,"max_hp_loss":0,"event_name":"Ghosts","floor":31,"gold_loss":0}],"is_beta":false,"boss_relics":[{"not_picked":["energizedSpire:HugeHouse","aspiration:FutureDiary"],"picked":"Sozu"}],"items_purged_floors":[4,22,29],"is_endless":false,"potions_floor_spawned":[2,5,11,14,18,28],"killed_by":"Collector","ascension_level":0}}