{"host":"dcj2yvrgcvh5dl2s","time":1609806466,"event":{"mods":["BaseMod","Better Note","Block Reminder","Colored Powertips","DeckTracker","Minty Spire (QoL Compilation)","Quick Restart","Rare Cards Sparkle","Relic Stats","StSLib"],"gold_per_floor":[361,374,16,16,27,57,57,77,77,96,96,171,6,26,26,105,105,121,46,58,58,58,58,88,88,88,104,104,114,114,114],"floor_reached":30,"playtime":1082,"items_purged":["Regret"],"score":513,"play_id":"a06c9dea-5473-4dd6-a9dc-97029be365fb","local_time":"20210105102746","is_ascension_mode":true,"campfire_choices":[{"floor":7.0,"key":"REST"},{"data":"Carnage","floor":11.0,"key":"SMITH"},{"floor":15.0,"key":"REST"},{"data":"Barricade","floor":23.0,"key":"SMITH"},{"data":"Flex","floor":25.0,"key":"SMITH"},{"floor":28.0,"key":"REST"}],"circlet_count":0,"master_deck":["AscendersBane","Defend_R","Defend_R","Defend_R","Defend_R","Bash","Thunderclap","Inflame","Carnage+1","Shockwave","Disarm","Sword Boomerang","Disarm","Barricade+1","CurseOfTheBell","Heavy Blade","Flex+1","Bite","Bite","Bite","Bite","Bite","Pommel Strike+1","Metallicize","Metallicize"],"relics":["Burning Blood","Gremlin Horn","Mercury Hourglass","Mummified Hand","Paper Frog","DollysMirror","Calling Bell","Bronze Scales","Singing Bowl","Prayer Wheel","Smiling Mask","Peace Pipe"],"acts_visited":["Exordium","TheCity"],"potions_floor_usage":[30],"damage_taken":[{"damage":15.0,"enemies":"Small Slimes","floor":1.0,"turns":3.0},{"damage":8.0,"enemies":"2 Louse","floor":2.0,"turns":3.0},{"damage":0.0,"enemies":"Cultist","floor":5.0,"turns":2.0},{"damage":35.0,"enemies":"Gremlin Nob","floor":6.0,"turns":4.0},{"damage":2.0,"enemies":"Large Slime","floor":8.0,"turns":4.0},{"damage":7.0,"enemies":"3 Louse","floor":10.0,"turns":3.0},{"damage":7.0,"enemies":"Exordium Wildlife","floor":14.0,"turns":2.0},{"damage":57.0,"enemies":"The Guardian","floor":16.0,"turns":9.0},{"damage":0.0,"enemies":"3 Byrds","floor":18.0,"turns":2.0},{"damage":25.0,"enemies":"Shell Parasite","floor":20.0,"turns":4.0},{"damage":18.0,"enemies":"Gremlin Leader","floor":24.0,"turns":5.0},{"damage":27.0,"enemies":"Cultist and Chosen","floor":27.0,"turns":6.0},{"damage":48.0,"enemies":"Snecko","floor":29.0,"turns":5.0},{"damage":18,"enemies":"Snake Plant","floor":30,"turns":2}],"seed_played":"-1079441092888917154","potions_obtained":[{"floor":2.0,"key":"LiquidBronze"},{"floor":6.0,"key":"SpeedPotion"},{"floor":16.0,"key":"DuplicationPotion"},{"floor":20.0,"key":"CultistPotion"},{"floor":24.0,"key":"CultistPotion"}],"is_trial":false,"path_per_floor":["M","M","$","?","M","E","R","M","T","M","R","?","$","M","R","B",null,"M","$","M","?","?","R","E","R","T","M","R","M","M"],"character_chosen":"IRONCLAD","items_purchased":["Gremlin Horn","Inflame","DollysMirror"],"campfire_rested":3,"item_purchase_floors":[3,3,13],"current_hp_per_floor":[59,57,57,57,63,34,54,58,58,57,57,46,46,45,65,14,55,63,63,46,46,46,46,48,48,48,35,50,14,0,0],"gold":114,"neow_bonus":"TWO_FIFTY_GOLD","is_daily":false,"chose_seed":false,"campfire_upgraded":3,"win_rate":0.0,"timestamp":1609806466,"path_taken":["M","M","$","?","M","E","R","M","T","M","R","?","$","M","R","BOSS","M","$","M","?","?","R","E","R","T","M","R","M","M"],"items_purchased_type":["Relic","Card","Relic"],"build_version":"2020-12-22","purchased_purges":1,"victory":false,"max_hp_per_floor":[68,68,68,68,68,68,68,68,68,68,68,68,68,68,68,68,68,70,70,72,50,50,50,50,50,50,52,52,54,54,54],"relic_stats":{"Peace Pipe":0,"Gremlin Horn":[11,11],"Singing Bowl":8,"counters":[14,52],"Mummified Hand":[12],"Bronze Scales":[96],"Prayer Wheel":4,"Smiling Mask":0,"obtain_stats":[{"Calling Bell":17,"Peace Pipe":26,"Gremlin Horn":3,"Singing Bowl":17,"Mummified Hand":6,"DollysMirror":13,"Bronze Scales":17,"Prayer Wheel":17,"Smiling Mask":24,"Burning Blood":0,"Mercury Hourglass":4,"Paper Frog":9},{"Calling Bell":8,"Peace Pipe":11,"Gremlin Horn":2,"Singing Bowl":8,"Mummified Hand":4,"DollysMirror":6,"Bronze Scales":8,"Prayer Wheel":8,"Smiling Mask":11,"Burning Blood":0,"Mercury Hourglass":2,"Paper Frog":5},{"Calling Bell":28,"Peace Pipe":39,"Gremlin Horn":6,"Singing Bowl":28,"Mummified Hand":12,"DollysMirror":17,"Bronze Scales":28,"Prayer Wheel":28,"Smiling Mask":39,"Burning Blood":0,"Mercury Hourglass":6,"Paper Frog":15}],"Burning Blood":78,"Mercury Hourglass":[175]},"card_choices":[{"not_picked":["True Grit","Iron Wave","Burning Pact"],"picked":"SKIP","floor":1.0},{"not_picked":["Sentinel","Dropkick"],"picked":"Thunderclap","floor":2.0},{"not_picked":["Armaments","Cleave"],"picked":"Carnage","floor":5.0},{"not_picked":["Dark Embrace","Bludgeon"],"picked":"Shockwave","floor":6.0},{"not_picked":["Carnage","Inflame"],"picked":"Disarm","floor":8.0},{"not_picked":["Searing Blow","Fire Breathing"],"picked":"Sword Boomerang","floor":10.0},{"not_picked":["Clothesline","Warcry","Headbutt"],"picked":"SKIP","floor":14.0},{"not_picked":["Fiend Fire","Brutality"],"picked":"Barricade","floor":16.0},{"not_picked":["Havoc","Wild Strike"],"picked":"Heavy Blade","floor":18.0},{"not_picked":["Thunderclap","Armaments","Combust"],"picked":"Singing Bowl","floor":18.0},{"not_picked":["Perfected Strike","Reckless Charge+1"],"picked":"Flex","floor":20.0},{"not_picked":["Havoc","Clothesline","Heavy Blade"],"picked":"Singing Bowl","floor":20.0},{"not_picked":["Power Through","Twin Strike"],"picked":"Pommel Strike+1","floor":24.0},{"not_picked":["Thunderclap","Armaments","Clothesline"],"picked":"Singing Bowl","floor":27.0},{"not_picked":["Warcry+1","Clash"],"picked":"Metallicize","floor":27.0},{"not_picked":["Bludgeon","Twin Strike","Evolve"],"picked":"Singing Bowl","floor":29.0},{"not_picked":["Rampage","Cleave+1"],"picked":"Metallicize","floor":29.0}],"player_experience":2186420,"relics_obtained":[{"floor":6.0,"key":"Mummified Hand"},{"floor":9.0,"key":"Paper Frog"},{"floor":17.0,"key":"Bronze Scales"},{"floor":17.0,"key":"Singing Bowl"},{"floor":17.0,"key":"Prayer Wheel"},{"floor":24.0,"key":"Smiling Mask"},{"floor":26.0,"key":"Peace Pipe"}],"event_choices":[{"damage_healed":0.0,"max_hp_gain":0.0,"max_hp_loss":0.0,"gold_gain":0.0,"event_name":"Big Fish","player_choice":"Box","floor":4.0,"gold_loss":0.0,"damage_taken":0.0,"relics_obtained":["Mercury Hourglass"],"cards_obtained":["Regret"]},{"damage_healed":0.0,"max_hp_gain":0.0,"max_hp_loss":0.0,"gold_gain":75.0,"event_name":"World of Goop","player_choice":"Gather Gold","floor":12.0,"gold_loss":0.0,"damage_taken":11.0},{"damage_healed":0.0,"max_hp_gain":0.0,"max_hp_loss":22.0,"gold_gain":0.0,"event_name":"Vampires","player_choice":"Became a vampire","floor":21.0,"gold_loss":0.0,"damage_taken":0.0,"cards_obtained":["Bite","Bite","Bite","Bite","Bite"]},{"damage_healed":0.0,"max_hp_gain":0.0,"max_hp_loss":0.0,"gold_gain":0.0,"event_name":"Ghosts","player_choice":"Ignored","floor":22.0,"gold_loss":0.0,"damage_taken":0.0}],"is_beta":false,"boss_relics":[{"not_picked":["SlaversCollar","SacredBark"],"picked":"Calling Bell"}],"items_purged_floors":[19],"is_endless":false,"potions_floor_spawned":[2,6,16,18,20,24],"killed_by":"Snake Plant","ascension_level":19}}