{"host":"709gjpjg43u3i5a8","time":1609832475,"event":{"mods":["Act Like it!","BaseMod","Colored Map","Colored Powertips","Downfall","Duelist Mod","Gensokyo","GifTheSpireLib","Hallownest","Hermit","Hubris","Infinite Spire","Koishi","Marisa????????","Minty Spire (QoL Compilation)","Remilia??????","Shop Mod","StSLib","Td1madao Mod","The Administrix","The Animator","The Bug Knight","The Construct","The Cursed","The Disciple","The Hierophant","The Jungle","The Necromancer","The Poker Player","The Runesmith","The Servant 0.9.4"],"gold_per_floor":[109,109,109,124,124,155,155,185,232,266,278,291,221,231,231,231,231],"floor_reached":16,"playtime":1224,"items_purged":[],"score":151,"play_id":"c6cbe782-76f5-4bbf-b638-d230e0e6176d","local_time":"20210105004115","is_ascension_mode":true,"campfire_choices":[{"data":"HollowMod:SoulStrike","floor":7,"key":"SMITH"},{"data":"HollowMod:RecoilStrike","floor":15,"key":"SMITH"}],"circlet_count":0,"master_deck":["HollowMod:NailStrikeStart","HollowMod:NailStrikeStart","HollowMod:NailStrikeStart","HollowMod:NailStrikeStart","HollowMod:QuickDashStart","HollowMod:QuickDashStart","HollowMod:QuickDashStart","HollowMod:QuickDashStart","HollowMod:FocusHealStart","HollowMod:PogoStrike","HollowMod:MonarchWings","Hallownest:curseDreamersLament","HollowMod:HuntersJournal","HollowMod:SoulStrike+1","HollowMod:VengefulSpirit","HollowMod:SoulVessel","HollowMod:CornifersMapStart","HollowMod:CornifersMapStart","HollowMod:RecoilStrike+1"],"relics":["HollowMod:VesselMask","NeowsBlessing","Hallownest:TeacherSealRelic","Blood Vial","Happy Flower","construct:FoamFinger","Bag of Marbles","Potion Belt","Pen Nib","Hallownest:StagBellRelic1"],"acts_visited":["Exordium"],"potions_floor_usage":[12,14,16],"damage_taken":[{"damage":0,"enemies":"Hallownest:monsterHuskWarrior","floor":1,"turns":1},{"damage":0,"enemies":"2_ Uuma","floor":4,"turns":1},{"damage":1,"enemies":"Hallownest:eliteMossKnight","floor":6,"turns":1},{"damage":15,"enemies":"Hallownest:eliteVengeflyKing","floor":8,"turns":10},{"damage":23,"enemies":"Hallownest:eliteCrystalGuardian","floor":10,"turns":6},{"damage":0,"enemies":"Hallownest:monsterHuskGuard","floor":11,"turns":1},{"damage":1,"enemies":"Hallownest:Guard_and_Warrior","floor":12,"turns":5},{"damage":1,"enemies":"Hallownest:1_Baldur_1_Crawlid_1_Warrior","floor":14,"turns":3},{"damage":60,"enemies":"Hallownest:BossFalseKnight","floor":16,"turns":6}],"seed_played":"7580900218525483532","potions_obtained":[{"floor":10,"key":"AttackPotion"},{"floor":11,"key":"Energy Potion"},{"floor":12,"key":"PowerPotion"},{"floor":14,"key":"Regen Potion"}],"is_trial":false,"path_per_floor":["M","?","?","M","?","E","R","E","T","E","M","M","?","M","R","B"],"character_chosen":"THE_BUGKNIGHT","items_purchased":[],"campfire_rested":0,"item_purchase_floors":[],"current_hp_per_floor":[75,75,75,75,35,36,36,35,35,24,26,37,37,48,48,0,0],"gold":231,"neow_bonus":"THREE_ENEMY_KILL","is_daily":false,"chose_seed":false,"campfire_upgraded":2,"win_rate":0.0,"timestamp":1609832475,"path_taken":["M","?","?","?","?","E","R","E","T","E","M","M","?","?","R","BOSS"],"items_purchased_type":[],"build_version":"2020-12-22","purchased_purges":0,"victory":false,"max_hp_per_floor":[75,75,75,75,75,75,75,75,75,75,75,75,75,75,75,75,75],"card_choices":[{"not_picked":["HollowMod:SharpenedNail","HollowMod:BrokenVessel"],"picked":"HollowMod:MonarchWings","floor":1},{"not_picked":["HollowMod:NewLittleFool","HollowMod:GoodIntentions"],"picked":"HollowMod:HuntersJournal","floor":4},{"not_picked":["HollowMod:CornifersMapStart","HollowMod:SiblingsSouls"],"picked":"HollowMod:SoulStrike","floor":6},{"not_picked":["HollowMod:FallenFury","HollowMod:ShapeofUnn"],"picked":"HollowMod:VengefulSpirit","floor":8},{"not_picked":["HollowMod:InfectedCysts","HollowMod:SiblingsShadow"],"picked":"HollowMod:SoulVessel","floor":10},{"not_picked":["HollowMod:VengefulVoid","HollowMod:TaintedHusks"],"picked":"HollowMod:CornifersMapStart","floor":11},{"not_picked":["HollowMod:AbyssShriek","HollowMod:InfectionAssault"],"picked":"HollowMod:CornifersMapStart","floor":12},{"not_picked":["HollowMod:MawleksShell","HollowMod:TaintedHusks"],"picked":"HollowMod:RecoilStrike","floor":14}],"player_experience":453643,"relics_obtained":[{"floor":6,"key":"construct:FoamFinger"},{"floor":8,"key":"Bag of Marbles"},{"floor":9,"key":"Potion Belt"},{"floor":10,"key":"Pen Nib"}],"event_choices":[],"is_beta":false,"boss_relics":[],"items_purged_floors":[],"is_endless":false,"potions_floor_spawned":[10,11,12,14],"killed_by":"Hallownest:BossFalseKnight","ascension_level":1}}