{"host":"6pgtslebjnyv5xmi","time":1609851758,"event":{"mods":["AchievementEnabler","BaseMod","Colored Map","Minty Spire (QoL Compilation)","Rare Cards Sparkle","StSLib","SuperFastMode","everything is the same but u backflip on backflip"],"gold_per_floor":[119,38,38,113,63,63,90,90,90,103,120,139,68,80,80,157,157,170,186,96,96,96],"floor_reached":21,"playtime":14285,"items_purged":[],"score":295,"play_id":"dbd4ecff-7668-4e86-86b6-ed80b704942e","local_time":"20210105220238","is_ascension_mode":true,"campfire_choices":[{"data":"Combust","floor":6.0,"key":"SMITH"},{"floor":8.0,"key":"REST"},{"data":"Rupture","floor":15.0,"key":"SMITH"}],"circlet_count":0,"master_deck":["AscendersBane","Strike_R","Strike_R+1","Strike_R","Strike_R","Defend_R","Defend_R","Defend_R","Defend_R","Bash","Brutality","Headbutt","Combust+1","Flame Barrier","Rupture+1","Limit Break","Sword Boomerang"],"relics":["Burning Blood","Gremlin Horn","Pantograph","Centennial Puzzle","Runic Pyramid"],"acts_visited":["Exordium","TheCity"],"potions_floor_usage":[21],"damage_taken":[{"damage":13.0,"enemies":"Jaw Worm","floor":1.0,"turns":4.0},{"damage":46.0,"enemies":"Gremlin Nob","floor":7.0,"turns":5.0},{"damage":1.0,"enemies":"2 Louse","floor":10.0,"turns":2.0},{"damage":0.0,"enemies":"Small Slimes","floor":11.0,"turns":3.0},{"damage":30.0,"enemies":"Gremlin Gang","floor":12.0,"turns":3.0},{"damage":23.0,"enemies":"3 Louse","floor":14.0,"turns":3.0},{"damage":43.0,"enemies":"Slime Boss","floor":16.0,"turns":6.0},{"damage":16,"enemies":"3 Byrds","floor":18,"turns":3},{"damage":24,"enemies":"Shell Parasite","floor":19,"turns":4},{"damage":13,"enemies":"Snake Plant","floor":21,"turns":3}],"seed_played":"1130351126022177784","potions_obtained":[{"floor":10.0,"key":"BloodPotion"},{"floor":11.0,"key":"ElixirPotion"},{"floor":19,"key":"Weak Potion"}],"is_trial":false,"path_per_floor":["M","$","?","?","?","R","E","R","T","M","M","M","$","M","R","B",null,"M","M","?","M"],"character_chosen":"IRONCLAD","items_purchased":["Combust","Rupture"],"campfire_rested":1,"item_purchase_floors":[2,13],"current_hp_per_floor":[65,65,65,54,54,54,14,35,35,40,46,22,22,19,19,7,56,46,28,28,15,15],"gold":96,"neow_bonus":"THREE_RARE_CARDS","is_daily":false,"chose_seed":false,"campfire_upgraded":2,"win_rate":0.0,"timestamp":1609851758,"path_taken":["M","$","?","?","?","R","E","R","T","M","?","M","$","M","R","BOSS","M","M","?","?"],"items_purchased_type":["Card","Card"],"build_version":"2020-12-22","purchased_purges":0,"victory":false,"max_hp_per_floor":[72,72,72,72,72,72,72,72,72,72,72,72,72,72,72,72,72,72,72,72,72,72],"card_choices":[{"not_picked":["Impervious","Offering"],"picked":"Brutality","floor":0.0},{"not_picked":["Thunderclap","Twin Strike"],"picked":"Headbutt","floor":1.0},{"not_picked":["Hemokinesis","Perfected Strike"],"picked":"Flame Barrier","floor":7.0},{"not_picked":["Thunderclap","Warcry","Pommel Strike"],"picked":"SKIP","floor":10.0},{"not_picked":["Perfected Strike","Infernal Blade","Twin Strike"],"picked":"SKIP","floor":11.0},{"not_picked":["Armaments","Reckless Charge","Wild Strike"],"picked":"SKIP","floor":12.0},{"not_picked":["Twin Strike","Perfected Strike","Thunderclap"],"picked":"SKIP","floor":14.0},{"not_picked":["Offering","Immolate"],"picked":"Limit Break","floor":16.0},{"not_picked":["Perfected Strike","Pommel Strike"],"picked":"Sword Boomerang","floor":18},{"not_picked":["Rampage","Evolve","Clothesline+1"],"picked":"SKIP","floor":19}],"player_experience":718087,"relics_obtained":[{"floor":7.0,"key":"Pantograph"},{"floor":9.0,"key":"Centennial Puzzle"}],"event_choices":[{"damage_healed":0.0,"max_hp_gain":0.0,"max_hp_loss":0.0,"gold_gain":0.0,"event_name":"Big Fish","player_choice":"Box","floor":3.0,"gold_loss":0.0,"damage_taken":0.0,"relics_obtained":["Gremlin Horn"],"cards_obtained":["Regret"]},{"damage_healed":0.0,"max_hp_gain":0.0,"max_hp_loss":0.0,"gold_gain":75.0,"event_name":"World of Goop","player_choice":"Gather Gold","floor":4.0,"gold_loss":0.0,"damage_taken":11.0},{"cards_removed":["Regret"],"damage_healed":0.0,"max_hp_gain":0.0,"max_hp_loss":0.0,"gold_gain":0.0,"event_name":"The Cleric","player_choice":"Card Removal","floor":5.0,"gold_loss":50.0,"damage_taken":0.0},{"cards_removed":["Strike_R"],"damage_healed":0,"gold_gain":0,"player_choice":"Upgrade and Remove","damage_taken":0,"max_hp_gain":0,"max_hp_loss":0,"event_name":"Designer","floor":20,"gold_loss":90,"cards_upgraded":["Strike_R"]}],"is_beta":false,"boss_relics":[{"not_picked":["Snecko Eye","Pandora\u0027s Box"],"picked":"Runic Pyramid"}],"items_purged_floors":[],"is_endless":false,"potions_floor_spawned":[10,11,12,19],"killed_by":"Snake Plant","ascension_level":13}}