{"host":"vocz1ewhme5jcb36","time":1609883834,"event":{"mods":["BaseMod","Block Reminder","Colored Map","Downfall","Minty Spire (QoL Compilation)","Relic Stats","StSLib","The Bug Knight","The Cursed","The Disciple","The Jungle","The Marked","The Necromancer","The Servant 0.9.4"],"gold_per_floor":[99,99,99,25,25,25,25,25,25,25,70,70,87,99,111,210,210,210,226,236,246,257,268,268,268,286,306,341,341,341,124,134,233,233,233,247,263,283,283,296,322,336,386,386,403,416,431,447,463,463],"floor_reached":51,"playtime":5423,"items_purged":[],"score":792,"play_id":"c9e1c7ca-6138-4cd8-98f1-89e5accac95d","local_time":"20210105165714","is_ascension_mode":false,"campfire_choices":[{"floor":1,"key":"RECALL"},{"data":"Slimebound:SplitAcid","floor":6,"key":"SMITH"},{"data":"Slimebound:MassFeed","floor":10,"key":"SMITH"},{"data":"Slimebound:CorrosiveSpit","floor":12,"key":"SMITH"},{"data":"Slimebound:FirmFortitude","floor":18,"key":"SMITH"},{"floor":29,"key":"DIG"},{"floor":30,"key":"DIG"},{"floor":35,"key":"DIG"},{"floor":44,"key":"DIG"}],"circlet_count":0,"master_deck":["Slimebound:Strike_Slimebound","Slimebound:Tackle","Slimebound:Defend_Slimebound","Slimebound:Defend_Slimebound","Slimebound:Defend_Slimebound","Slimebound:Split+1","Slimebound:CorrosiveSpit+1","Slimebound:OneTwoCombo+1","Slimebound:LevelUp+1","Slimebound:SplitAcid+1","Slimebound:SplitLeeching","Slimebound:MassFeed+1","Slimebound:Replication","Slimebound:Schlurp","Slimebound:MassRepurpose","Slimebound:FirmFortitude+1","Slimebound:SlimeBarrage","Slimebound:OneTwoCombo","Slimebound:HauntingLick+1","Slimebound:SpikyOuterGoop+1","Slimebound:GrowthPunch+1","Slimebound:FormOfPuddle","Slimebound:RainOfGoop+1","Slimebound:LeadByExample","Slimebound:ProtectTheBoss","Slimebound:OozeBath","Slimebound:GrowthPunch+1","Slimebound:SplitBruiser","Slimebound:LeechingTouch","Slimebound:SplitLeeching+1","Slimebound:SplitMire","Slimebound:GoopSpray","Slimebound:RallyTheTroops","Slimebound:SlimeTap+1","Slimebound:SlimeSlap","Slimebound:RainOfGoop+1","Slimebound:SplitAcid+1","Slimebound:SplitLeeching+1","Slimebound:Equalize+1","Slimebound:SplitAcid","Slimebound:MinionMaster","Slimebound:LevelUp+1","Slimebound:SlimeBarrage+1","Slimebound:RallyTheTroops","Slimebound:AcidTongue+1","Slimebound:SplitBruiser+1","Slimebound:SlimeTap","expansioncontent:FaceSlap","Slimebound:Repurpose","Slimebound:SplitLeeching+1","Parasite","Slimebound:LevelUp+1","Slimebound:Overexert","Slimebound:SplitBruiser+1","Slimebound:SplitBruiser+1","Slimebound:LevelUp+1","Slimebound:SplitAcid","Slimebound:Gluttony","Slimebound:SplitBruiser","Slimebound:SpikyOuterGoop","Slimebound:LevelUp+1"],"relics":["Slimebound:AbsorbEndCombat","downfall:HeartsMalice","HollowMod:StagPassRelic","Prayer Wheel","NlothsMask","Astrolabe","Shovel","WingedGreaves","Bronze Scales","Bag of Preparation","Membership Card","Sozu","Thread and Needle","Bag of Marbles","Ginger","Smiling Mask"],"acts_visited":["Exordium","Exordium","TheBeyond"],"potions_floor_usage":[42,50],"damage_taken":[{"damage":0,"enemies":"downfall:FleeingMerchant","floor":4,"turns":1},{"damage":0,"enemies":"2 Louse","floor":5,"turns":1},{"damage":0,"enemies":"Cultist","floor":9,"turns":1},{"damage":5,"enemies":"Jaw Worm","floor":13,"turns":2},{"damage":8,"enemies":"Exordium Wildlife","floor":14,"turns":2},{"damage":15,"enemies":"3 Louse","floor":15,"turns":2},{"damage":58,"enemies":"downfall:Silent","floor":16,"turns":6},{"damage":20,"enemies":"theJungle:Flameango_and_Byrd","floor":19,"turns":4},{"damage":24,"enemies":"theJungle:MUSHROOMGANG","floor":20,"turns":3},{"damage":15,"enemies":"theJungle:SlimyTreeVines","floor":21,"turns":4},{"damage":12,"enemies":"theJungle:Snecko_Cultist_And_Trap","floor":22,"turns":5},{"damage":23,"enemies":"theJungle:2_Flameangoes","floor":23,"turns":4},{"damage":0,"enemies":"theJungle:Lyon","floor":26,"turns":3},{"damage":18,"enemies":"theJungle:Snecko_Cultist_And_Trap","floor":27,"turns":4},{"damage":16,"enemies":"theJungle:Cassacara","floor":28,"turns":4},{"damage":18,"enemies":"downfall:FleeingMerchant","floor":31,"turns":4},{"damage":18,"enemies":"Snake Plant","floor":32,"turns":3},{"damage":28,"enemies":"downfall:Defect","floor":33,"turns":5},{"damage":14,"enemies":"Orb Walker","floor":36,"turns":2},{"damage":13,"enemies":"3 Darklings","floor":37,"turns":2},{"damage":16,"enemies":"Transient","floor":38,"turns":5},{"damage":8,"enemies":"Spire Growth","floor":40,"turns":2},{"damage":20,"enemies":"Writhing Mass","floor":42,"turns":3},{"damage":4,"enemies":"Mind Bloom Boss Battle","floor":43,"turns":3},{"damage":22,"enemies":"4 Shapes","floor":45,"turns":3},{"damage":29,"enemies":"Transient","floor":46,"turns":5},{"damage":20,"enemies":"Maw","floor":47,"turns":5},{"damage":57,"enemies":"HollowMod:SlobberingHusk","floor":48,"turns":6},{"damage":23,"enemies":"4 Shapes","floor":49,"turns":2},{"damage":22,"enemies":"downfall:Watcher","floor":50,"turns":5}],"seed_played":"6916648065348618724","potions_obtained":[{"floor":13,"key":"Regen Potion"},{"floor":16,"key":"AttackPotion"},{"floor":19,"key":"Slimebound:ThreeZeroPotion"},{"floor":27,"key":"DistilledChaos"}],"is_trial":false,"path_per_floor":["R","?","?","$","M","R","T","?","M","R","T","R","M","M","M","B",null,"R","M","M","M","M","M","T","?","M","M","E","R","R","$","M","B",null,"R","M","M","M","?","M","T","M","?","R","M","M","M","M","M","B",null],"character_chosen":"SLIMEBOUND","items_purchased":["Slimebound:LevelUp","Membership Card","Slimebound:SplitAcid","Slimebound:SplitLeeching"],"campfire_rested":0,"item_purchase_floors":[4,31,31,31],"current_hp_per_floor":[60,53,53,53,53,53,53,53,53,53,53,53,58,60,61,41,64,64,66,48,68,69,65,65,53,67,80,80,80,80,80,72,75,80,80,80,80,76,76,80,80,76,80,80,74,80,68,37,32,58],"gold":463,"neow_bonus":"THREE_ENEMY_KILL","is_daily":false,"chose_seed":false,"campfire_upgraded":4,"win_rate":0.0,"timestamp":1609883834,"path_taken":["R","?","?","$","?","R","T","?","?","R","?","R","M","M","M","BOSS","R","M","M","M","M","M","T","?","M","M","E","R","R","$","M","BOSS","R","M","M","M","?","M","T","M","?","R","M","M","M","M","M","BOSS"],"items_purchased_type":["Card","Relic","Card","Card"],"build_version":"2020-12-22","purchased_purges":0,"victory":true,"max_hp_per_floor":[60,60,60,60,60,60,60,60,60,60,60,60,64,64,64,64,64,64,68,68,68,72,72,72,72,76,80,80,80,80,80,80,80,80,80,80,80,80,80,80,80,80,80,80,80,80,80,80,80,80],"relic_stats":{"Sozu":4,"Shovel":4,"counters":[30,97],"Astrolabe":["Slimebound:HauntingLick","Slimebound:SpikyOuterGoop","Slimebound:GrowthPunch"],"Bronze Scales":[132],"Prayer Wheel":22,"Bag of Preparation":[30],"Ginger":[3],"Smiling Mask":0,"obtain_stats":[{"Astrolabe":17,"downfall:HeartsMalice":0,"Thread and Needle":35,"Bag of Preparation":30,"Ginger":43,"HollowMod:StagPassRelic":2,"Smiling Mask":44,"Sozu":34,"Shovel":25,"Bronze Scales":29,"Prayer Wheel":7,"WingedGreaves":28,"Slimebound:AbsorbEndCombat":0,"Bag of Marbles":41,"Membership Card":31,"NlothsMask":8},{"Astrolabe":7,"downfall:HeartsMalice":0,"Thread and Needle":18,"Bag of Preparation":15,"Ginger":24,"HollowMod:StagPassRelic":0,"Smiling Mask":24,"Sozu":18,"Shovel":12,"Bronze Scales":15,"Prayer Wheel":2,"WingedGreaves":15,"Slimebound:AbsorbEndCombat":0,"Bag of Marbles":22,"Membership Card":16,"NlothsMask":2},{"Astrolabe":12,"downfall:HeartsMalice":0,"Thread and Needle":55,"Bag of Preparation":43,"Ginger":72,"HollowMod:StagPassRelic":0,"Smiling Mask":72,"Sozu":55,"Shovel":32,"Bronze Scales":43,"Prayer Wheel":0,"WingedGreaves":43,"Slimebound:AbsorbEndCombat":0,"Bag of Marbles":66,"Membership Card":47,"NlothsMask":0}]},"card_choices":[{"not_picked":["Slimebound:GrowthPunch","Slimebound:FinishingTackle"],"picked":"Slimebound:OneTwoCombo","floor":4},{"not_picked":["Slimebound:PressTheAttack","Slimebound:ComboTackle"],"picked":"Slimebound:SplitAcid","floor":5},{"not_picked":["Slimebound:ViciousTackle","Slimebound:SplitMire"],"picked":"Slimebound:SplitLeeching","floor":9},{"not_picked":["Slimebound:GrowthPunch","Slimebound:RollThrough"],"picked":"Slimebound:MassFeed","floor":9},{"not_picked":["Slimebound:FlameTackle","Slimebound:GoopSpray"],"picked":"Slimebound:Replication","floor":13},{"not_picked":["Slimebound:FinishingTackle","Slimebound:Equalize"],"picked":"Slimebound:Schlurp","floor":13},{"not_picked":["Slimebound:Chomp","Slimebound:Schlurp"],"picked":"Slimebound:MassRepurpose","floor":14},{"not_picked":["Slimebound:ComboTackle","Slimebound:SplitLeeching","Slimebound:GrowthPunch"],"picked":"SKIP","floor":14},{"not_picked":["Slimebound:SplitAcid","Slimebound:Chomp"],"picked":"Slimebound:FirmFortitude","floor":15},{"not_picked":["Slimebound:Prepare","Slimebound:SplitLeeching"],"picked":"Slimebound:SlimeBarrage","floor":15},{"not_picked":["Slimebound:LeechLife","Slimebound:Overexert"],"picked":"Slimebound:OneTwoCombo","floor":16},{"not_picked":["Slimebound:Chomp","Slimebound:Dissolve"],"picked":"Slimebound:FormOfPuddle","floor":19},{"not_picked":["Slimebound:BestDefense+1","Slimebound:SplitBruiser","Slimebound:ViciousTackle"],"picked":"SKIP","floor":19},{"not_picked":["Slimebound:ItLooksTasty","Slimebound:Repurpose"],"picked":"Slimebound:RainOfGoop+1","floor":20},{"not_picked":["Slimebound:LeechingTouch","Slimebound:DisruptingSlam"],"picked":"Slimebound:LeadByExample","floor":20},{"not_picked":["Slimebound:LeechingTouch","Slimebound:SlimeTap"],"picked":"Slimebound:ProtectTheBoss","floor":21},{"not_picked":["Slimebound:SplitMire","Slimebound:SplitLeeching"],"picked":"Slimebound:OozeBath","floor":21},{"not_picked":["Slimebound:SamplingLick+1","Slimebound:TongueLash"],"picked":"Slimebound:GrowthPunch+1","floor":22},{"not_picked":["Slimebound:FlameTackle","Slimebound:Chomp"],"picked":"Slimebound:SplitBruiser","floor":22},{"not_picked":["Slimebound:HauntingLick","Slimebound:SlimeSpikes"],"picked":"Slimebound:LeechingTouch","floor":23},{"not_picked":["Slimebound:Equalize","Slimebound:PressTheAttack"],"picked":"Slimebound:SplitLeeching+1","floor":23},{"not_picked":["Slimebound:ViciousTackle+1","Slimebound:ComboTackle"],"picked":"Slimebound:SplitMire","floor":26},{"not_picked":["Slimebound:Replication","Slimebound:SpikyOuterGoop"],"picked":"Slimebound:GoopSpray","floor":26},{"not_picked":["Slimebound:Chomp","Slimebound:SplitMire"],"picked":"Slimebound:RallyTheTroops","floor":27},{"not_picked":["Slimebound:Equalize","Slimebound:DisruptingSlam+1"],"picked":"Slimebound:SlimeTap+1","floor":27},{"not_picked":["Slimebound:FinishingTackle","Slimebound:SlimeTap+1"],"picked":"Slimebound:SlimeSlap","floor":28},{"not_picked":["Slimebound:ItLooksTasty","Slimebound:GrowthPunch"],"picked":"Slimebound:RainOfGoop+1","floor":31},{"not_picked":["Slimebound:Schlurp+1","Slimebound:GrowthPunch"],"picked":"Slimebound:Equalize+1","floor":32},{"not_picked":["Slimebound:GoopSpray","Slimebound:FlameTackle"],"picked":"Slimebound:SplitAcid","floor":32},{"not_picked":["Slimebound:RallyTheTroops","Slimebound:DuplicatedForm"],"picked":"Slimebound:MinionMaster","floor":33},{"not_picked":["Slimebound:ItLooksTasty+1","Slimebound:RollThrough+1"],"picked":"Slimebound:LevelUp+1","floor":36},{"not_picked":["Slimebound:SlimeSpikes","Slimebound:PressTheAttack"],"picked":"Slimebound:SlimeBarrage+1","floor":36},{"not_picked":["Slimebound:LeechEnergy","Slimebound:SplitBruiser"],"picked":"Slimebound:RallyTheTroops","floor":37},{"not_picked":["Slimebound:ComboTackle+1","Slimebound:RejuvenatingLick+1"],"picked":"Slimebound:AcidTongue+1","floor":37},{"not_picked":["Slimebound:BestDefense+1","Slimebound:Gluttony"],"picked":"Slimebound:SplitBruiser+1","floor":38},{"not_picked":["Slimebound:Schlurp+1","Slimebound:GrowthPunch+1"],"picked":"Slimebound:SlimeTap","floor":38},{"not_picked":["expansioncontent:Flail","expansioncontent:DecasProtection"],"picked":"expansioncontent:FaceSlap","floor":39},{"not_picked":["Slimebound:RollThrough+1","Slimebound:ViciousTackle"],"picked":"Slimebound:Repurpose","floor":40},{"not_picked":["Slimebound:ComboTackle","Slimebound:SplitAcid"],"picked":"Slimebound:SplitLeeching+1","floor":40},{"not_picked":["Slimebound:SplitAcid","Slimebound:Nibble+1"],"picked":"Slimebound:LevelUp+1","floor":42},{"not_picked":["Slimebound:SplitMire","Slimebound:LeechingTouch+1"],"picked":"Slimebound:Overexert","floor":42},{"not_picked":["Slimebound:Nibble","Slimebound:SplitAcid"],"picked":"Slimebound:SplitBruiser+1","floor":43},{"not_picked":["Slimebound:SplitLeeching+1","Slimebound:SplitMire"],"picked":"Slimebound:SplitBruiser+1","floor":45},{"not_picked":["Slimebound:LeechingTouch+1","Slimebound:ItLooksTasty"],"picked":"Slimebound:LevelUp+1","floor":45},{"not_picked":["Slimebound:SlimeSpikes","Slimebound:SamplingLick"],"picked":"Slimebound:SplitAcid","floor":46},{"not_picked":["Slimebound:FinishingTackle","Slimebound:PressTheAttack","Slimebound:RollThrough"],"picked":"SKIP","floor":46},{"not_picked":["Slimebound:ItLooksTasty","Slimebound:SplitAcid+1"],"picked":"Slimebound:Gluttony","floor":47},{"not_picked":["Slimebound:Dissolve","Slimebound:Prepare+1","Slimebound:LeechingTouch+1"],"picked":"SKIP","floor":47},{"not_picked":["Slimebound:PressTheAttack","Slimebound:GrowthPunch+1"],"picked":"Slimebound:SplitBruiser","floor":48},{"not_picked":["Slimebound:LeechingTouch+1","Slimebound:PressTheAttack+1","Slimebound:RollThrough+1"],"picked":"SKIP","floor":48},{"not_picked":["Slimebound:SlimeTap","Slimebound:HauntingLick"],"picked":"Slimebound:SpikyOuterGoop","floor":49},{"not_picked":["Slimebound:FinishingTackle","Slimebound:AcidTongue+1"],"picked":"Slimebound:LevelUp+1","floor":49}],"player_experience":276864,"relics_obtained":[{"floor":7,"key":"Prayer Wheel"},{"floor":28,"key":"WingedGreaves"},{"floor":29,"key":"Bronze Scales"},{"floor":30,"key":"Bag of Preparation"},{"floor":35,"key":"Thread and Needle"},{"floor":41,"key":"Bag of Marbles"},{"floor":43,"key":"Ginger"},{"floor":44,"key":"Smiling Mask"}],"event_choices":[{"damage_healed":0,"gold_gain":0,"player_choice":"Success","damage_taken":7,"relics_obtained":["HollowMod:StagPassRelic"],"max_hp_gain":0,"max_hp_loss":0,"event_name":"Scrap Ooze","floor":2,"gold_loss":0},{"damage_healed":0,"gold_gain":0,"player_choice":"Upgraded","damage_taken":0,"max_hp_gain":0,"max_hp_loss":0,"event_name":"Upgrade Shrine","floor":3,"gold_loss":0,"cards_upgraded":["Slimebound:Split"]},{"damage_healed":0,"gold_gain":0,"player_choice":"Trade","damage_taken":0,"relics_obtained":["NlothsMask"],"max_hp_gain":0,"max_hp_loss":0,"event_name":"FaceTrader","floor":8,"gold_loss":0}],"is_beta":false,"boss_relics":[{"not_picked":["Fusion Hammer","Slimebound:TarBlob"],"picked":"Astrolabe"},{"not_picked":["Velvet Choker","Snecko Eye"],"picked":"Sozu"}],"items_purged_floors":[],"is_endless":false,"potions_floor_spawned":[13,16,19,20,22,27,28,40,42,43,46,47,49],"ascension_level":0}}