{"host":"g5zc4ej6zn2at89o","time":1609849213,"event":{"mods":["2.2 Compatiblity","AchievementEnabler","BaseMod","Colored Map","DeckTracker","Highlight Path","KOR Keyword Fix","Keyboard Shortcuts","Minty Spire (QoL Compilation)","Permanent Neow","Quick Restart","Say the Spire","StSLib","SuperFastMode","everything is the same but u backflip on backflip"],"gold_per_floor":[35,112,112,122,34,48,48,66,66,66,129,161,181,200,87,87,186,186,202,52,63,77,90,115,115,115,141,141,141,141,153,184,184,286,286,296,296,309,327,380,380,405,405,405,37,54,87,100,28,28,28],"floor_reached":51,"playtime":2959,"items_purged":["Strike_R","Strike_R+1"],"score":922,"play_id":"eff9f340-8b78-4461-8748-36b435356028","local_time":"20210105212013","is_ascension_mode":true,"campfire_choices":[{"data":"Corruption","floor":6.0,"key":"SMITH"},{"data":"Armaments","floor":8.0,"key":"SMITH"},{"data":"Bludgeon","floor":15.0,"key":"SMITH"},{"data":"Offering","floor":24,"key":"SMITH"},{"data":"Carnage","floor":27,"key":"SMITH"},{"floor":32,"key":"REST"},{"floor":40,"key":"REST"},{"floor":42,"key":"RECALL"},{"floor":49,"key":"REST"}],"circlet_count":0,"master_deck":["Strike_R+1","Strike_R+1","Strike_R+1","Defend_R+1","Defend_R+1","Defend_R+1","Defend_R+1","Bash","Corruption+1","Armaments+1","Evolve","Shrug It Off","Power Through","Sword Boomerang","Headbutt","Bludgeon+1","Battle Trance+1","Heavy Blade","Pommel Strike","Seeing Red","Offering+1","Carnage+1","Shrug It Off+1","Havoc","Flex","Shrug It Off+1","Disarm","Impervious","Clumsy","Disarm+1","Berserk","Body Slam+1","Spot Weakness","Shrug It Off+1","Rupture+1","Pain","Exhume+1","Inflame+1","Fire Breathing+1"],"relics":["Burning Blood","FaceOfCleric","Letter Opener","Darkstone Periapt","Pen Nib","Cursed Key","Orrery","Nunchaku","Bag of Marbles","Calipers","Fusion Hammer","FossilizedHelix","Smiling Mask","Blue Candle","War Paint","Potion Belt"],"acts_visited":["Exordium","TheCity","TheBeyond"],"potions_floor_usage":[23,33,39,50,50],"damage_taken":[{"damage":12.0,"enemies":"Small Slimes","floor":1.0,"turns":3.0},{"damage":1.0,"enemies":"Cultist","floor":3.0,"turns":4.0},{"damage":6.0,"enemies":"Jaw Worm","floor":5.0,"turns":6.0},{"damage":10.0,"enemies":"Gremlin Gang","floor":7.0,"turns":4.0},{"damage":25.0,"enemies":"Lagavulin Event","floor":10.0,"turns":6.0},{"damage":8.0,"enemies":"3 Sentries","floor":11.0,"turns":6.0},{"damage":8.0,"enemies":"Blue Slaver","floor":12.0,"turns":4.0},{"damage":1.0,"enemies":"2 Fungi Beasts","floor":13.0,"turns":3.0},{"damage":20.0,"enemies":"The Guardian","floor":16.0,"turns":6.0},{"damage":20.0,"enemies":"Spheric Guardian","floor":18.0,"turns":4.0},{"damage":12,"enemies":"Chosen","floor":20,"turns":2},{"damage":28,"enemies":"Snecko","floor":21,"turns":4},{"damage":7,"enemies":"Cultist and Chosen","floor":22,"turns":3},{"damage":8,"enemies":"Book of Stabbing","floor":23,"turns":3},{"damage":6,"enemies":"Chosen and Byrds","floor":30,"turns":4},{"damage":6,"enemies":"Gremlin Leader","floor":31,"turns":5},{"damage":24,"enemies":"Collector","floor":33,"turns":8},{"damage":6,"enemies":"Orb Walker","floor":35,"turns":4},{"damage":1,"enemies":"3 Darklings","floor":37,"turns":4},{"damage":30,"enemies":"Sphere and 2 Shapes","floor":38,"turns":5},{"damage":6,"enemies":"2 Orb Walkers","floor":39,"turns":3},{"damage":6,"enemies":"Nemesis","floor":41,"turns":5},{"damage":19,"enemies":"Spire Growth","floor":45,"turns":2},{"damage":75,"enemies":"Reptomancer","floor":46,"turns":6},{"damage":23,"enemies":"Writhing Mass","floor":47,"turns":3},{"damage":30,"enemies":"Awakened One","floor":50,"turns":8}],"seed_played":"2106918119628821493","potions_obtained":[{"floor":1.0,"key":"FairyPotion"},{"floor":5.0,"key":"Explosive Potion"},{"floor":11.0,"key":"DuplicationPotion"},{"floor":16.0,"key":"ColorlessPotion"},{"floor":23,"key":"DuplicationPotion"},{"floor":30,"key":"FairyPotion"},{"floor":38,"key":"GamblersBrew"},{"floor":39,"key":"SteroidPotion"}],"is_trial":false,"path_per_floor":["M","?","M","$","M","R","M","R","T","?","E","M","M","$","R","B",null,"M","$","M","M","M","E","R","?","T","R","?","?","M","E","R","B",null,"M","?","M","M","?","R","E","R","T","$","M","E","M","$","R","B",null],"character_chosen":"IRONCLAD","items_purchased":["Shrug It Off","Power Through","Seeing Red","Orrery","Exhume","War Paint","DistilledChaos"],"campfire_rested":3,"item_purchase_floors":[4,4,14,19,44,44,48],"current_hp_per_floor":[57,66,66,72,72,73,73,70,70,70,52,51,50,56,56,56,43,80,67,67,62,41,41,40,40,40,46,46,46,46,47,48,75,58,94,95,95,96,73,74,98,99,99,105,105,93,25,9,9,41,18],"gold":28,"neow_bonus":"THREE_RARE_CARDS","is_daily":false,"chose_seed":false,"campfire_upgraded":5,"win_rate":0.0,"timestamp":1609849213,"path_taken":["M","?","M","$","?","R","M","R","T","?","E","M","M","?","R","BOSS","M","$","?","M","M","E","R","?","T","R","?","?","M","E","R","BOSS","M","?","M","M","?","R","E","R","T","$","M","E","M","?","R","BOSS"],"items_purchased_type":["Card","Card","Card","Relic","Card","Relic","Potion"],"build_version":"2020-12-22","purchased_purges":2,"victory":true,"max_hp_per_floor":[80,72,72,73,73,74,74,75,75,75,76,77,78,79,79,79,80,80,81,81,82,83,84,85,85,85,91,91,91,91,92,93,93,94,94,95,95,96,97,98,98,99,99,105,105,106,107,108,108,108,109],"card_choices":[{"not_picked":["Brutality","Reaper"],"picked":"Corruption","floor":0.0},{"not_picked":["Rampage","Thunderclap"],"picked":"Armaments","floor":1.0},{"not_picked":["Rage","Shrug It Off"],"picked":"Evolve","floor":3.0},{"not_picked":["True Grit","Twin Strike"],"picked":"Sword Boomerang","floor":5.0},{"not_picked":["Sword Boomerang","Second Wind"],"picked":"Headbutt","floor":7.0},{"not_picked":["Bloodletting","True Grit"],"picked":"Bludgeon","floor":10.0},{"not_picked":["Armaments","Havoc"],"picked":"Battle Trance","floor":11.0},{"not_picked":["Rampage","Perfected Strike"],"picked":"Heavy Blade","floor":12.0},{"not_picked":["Body Slam","Headbutt"],"picked":"Pommel Strike","floor":13.0},{"not_picked":["Juggernaut","Fiend Fire"],"picked":"Offering","floor":16.0},{"not_picked":["True Grit","Heavy Blade","Evolve"],"picked":"SKIP","floor":18.0},{"not_picked":["Bludgeon","Brutality"],"picked":"Carnage","floor":19.0},{"not_picked":["Cleave","Havoc"],"picked":"Shrug It Off+1","floor":19.0},{"not_picked":["Burning Pact","Uppercut"],"picked":"Havoc","floor":19.0},{"not_picked":["Body Slam+1","Rampage"],"picked":"Flex","floor":19.0},{"not_picked":["Searing Blow","Iron Wave"],"picked":"Shrug It Off+1","floor":19.0},{"not_picked":["Pommel Strike","True Grit","Headbutt"],"picked":"SKIP","floor":20},{"not_picked":["Shrug It Off+1","Feed"],"picked":"Disarm","floor":21},{"not_picked":["Warcry","True Grit","Cleave"],"picked":"SKIP","floor":22},{"not_picked":["Anger+1","Sword Boomerang"],"picked":"Impervious","floor":23},{"not_picked":["Sword Boomerang","Headbutt"],"picked":"Disarm+1","floor":30},{"not_picked":["Heavy Blade+1","Second Wind","Anger"],"picked":"SKIP","floor":31},{"not_picked":["Brutality","Barricade"],"picked":"Berserk","floor":33},{"not_picked":["Sword Boomerang","Anger+1"],"picked":"Body Slam+1","floor":35},{"not_picked":["Entrench+1","Iron Wave"],"picked":"Spot Weakness","floor":37},{"not_picked":["Clothesline","Shrug It Off+1","Iron Wave"],"picked":"SKIP","floor":38},{"not_picked":["Clash+1","Iron Wave"],"picked":"Shrug It Off+1","floor":39},{"not_picked":["Anger","Armaments+1"],"picked":"Rupture+1","floor":41},{"not_picked":["Pummel","Sever Soul+1","Sword Boomerang+1"],"picked":"SKIP","floor":45},{"not_picked":["Bludgeon","Anger+1"],"picked":"Inflame+1","floor":46},{"not_picked":["Iron Wave","Entrench"],"picked":"Fire Breathing+1","floor":47}],"player_experience":111070,"relics_obtained":[{"floor":9.0,"key":"Letter Opener"},{"floor":10.0,"key":"Darkstone Periapt"},{"floor":11.0,"key":"Pen Nib"},{"floor":23,"key":"Nunchaku"},{"floor":26,"key":"Bag of Marbles"},{"floor":31,"key":"Calipers"},{"floor":39,"key":"FossilizedHelix"},{"floor":41,"key":"Smiling Mask"},{"floor":43,"key":"Blue Candle"},{"floor":46,"key":"Potion Belt"}],"event_choices":[{"damage_healed":0.0,"max_hp_gain":0.0,"max_hp_loss":0.0,"gold_gain":0.0,"event_name":"FaceTrader","player_choice":"Trade","floor":2.0,"gold_loss":0.0,"damage_taken":0.0,"relics_obtained":["FaceOfCleric"]},{"damage_healed":0.0,"max_hp_gain":0.0,"max_hp_loss":0.0,"gold_gain":30.0,"event_name":"Dead Adventurer","player_choice":"Searched \u00272\u0027 times","floor":10.0,"gold_loss":0.0,"damage_taken":0.0},{"damage_healed":0,"gold_gain":0,"player_choice":"Simplicity","damage_taken":0,"max_hp_gain":0,"max_hp_loss":0,"event_name":"Back to Basics","floor":25,"gold_loss":0,"cards_upgraded":["Strike_R","Strike_R","Strike_R","Strike_R","Defend_R","Defend_R","Defend_R","Defend_R"]},{"damage_healed":0,"gold_gain":0,"player_choice":"Ignored","damage_taken":0,"max_hp_gain":0,"max_hp_loss":0,"event_name":"Vampires","floor":28,"gold_loss":0},{"damage_healed":0,"gold_gain":0,"player_choice":"Ignored","damage_taken":0,"max_hp_gain":0,"max_hp_loss":0,"event_name":"Ghosts","floor":29,"gold_loss":0},{"damage_healed":0,"gold_gain":0,"player_choice":"Ignored","damage_taken":0,"max_hp_gain":0,"max_hp_loss":0,"event_name":"Tomb of Lord Red Mask","floor":36,"gold_loss":0},{"damage_healed":0,"gold_gain":0,"player_choice":"Fight","damage_taken":0,"max_hp_gain":0,"max_hp_loss":0,"event_name":"Mysterious Sphere","floor":39,"gold_loss":0}],"is_beta":false,"boss_relics":[{"not_picked":["Mark of Pain","Snecko Eye"],"picked":"Cursed Key"},{"not_picked":["Astrolabe","Runic Cube"],"picked":"Fusion Hammer"}],"items_purged_floors":[14,44],"is_endless":false,"potions_floor_spawned":[1,5,11,16,23,30,31,38,39,41],"ascension_level":2}}