{"host":"ewfe3cr33ktd9xzj","time":1609806874,"event":{"mods":["AchievementEnabler","BaseMod","Colored Map","Custom Start","DeckTracker","Minty Spire (QoL Compilation)","Rare Cards Sparkle","StSLib","everything is the same but u backflip on backflip"],"gold_per_floor":[117,117,117,134,134,169,169,44,90,90,116,126,26,45,45,119,119],"floor_reached":16,"playtime":400,"items_purged":["Strike_G","Defend_G"],"score":366,"play_id":"19142a56-c30d-4c4d-8bc6-dc2a7c5e9a6e","local_time":"20210105093434","is_ascension_mode":true,"campfire_choices":[{"data":"Blade Dance","floor":7,"key":"SMITH"},{"floor":15,"key":"REST"}],"circlet_count":0,"master_deck":["AscendersBane","Strike_G+1","Strike_G+1","Strike_G+1","Defend_G","Defend_G","Defend_G","Defend_G","Survivor","Neutralize+1","Bouncing Flask","Blade Dance+1","Cloak And Dagger","Cloak And Dagger","Underhanded Strike","Cloak And Dagger"],"relics":["Ring of the Snake","NeowsBlessing","Pocketwatch","Whetstone","InkBottle"],"acts_visited":["Exordium"],"potions_floor_usage":[16],"damage_taken":[{"damage":0,"enemies":"Jaw Worm","floor":1,"turns":1},{"damage":0,"enemies":"Small Slimes","floor":4,"turns":1},{"damage":0,"enemies":"Lagavulin","floor":6,"turns":1},{"damage":21,"enemies":"3 Sentries","floor":11,"turns":9},{"damage":0,"enemies":"Cultist","floor":12,"turns":3},{"damage":6,"enemies":"3 Louse","floor":14,"turns":3},{"damage":30,"enemies":"Hexaghost","floor":16,"turns":11}],"seed_played":"-950046803759716157","potions_obtained":[{"floor":1,"key":"Swift Potion"},{"floor":11,"key":"CunningPotion"}],"is_trial":false,"path_per_floor":["M","?","?","M","?","E","R","$","T","?","E","M","$","M","R","B"],"character_chosen":"THE_SILENT","items_purchased":["Cloak And Dagger"],"campfire_rested":1,"item_purchase_floors":[8],"current_hp_per_floor":[59,64,64,64,43,43,43,43,43,43,22,22,22,16,37,7,7],"gold":119,"neow_bonus":"THREE_ENEMY_KILL","is_daily":false,"chose_seed":false,"campfire_upgraded":1,"win_rate":0.0,"timestamp":1609806874,"path_taken":["M","?","?","?","?","E","R","$","T","?","E","M","$","M","R","BOSS"],"items_purchased_type":["Card"],"build_version":"2020-12-22","purchased_purges":2,"victory":false,"max_hp_per_floor":[66,71,71,71,71,71,71,71,71,71,71,71,71,71,71,71,71],"card_choices":[{"not_picked":["Footwork","Sucker Punch"],"picked":"Bouncing Flask","floor":1},{"not_picked":["Reflex","Setup","Underhanded Strike"],"picked":"SKIP","floor":4},{"not_picked":["Bouncing Flask","Quick Slash"],"picked":"Cloak And Dagger","floor":6},{"not_picked":["Wraith Form v2","Outmaneuver","Crippling Poison"],"picked":"SKIP","floor":11},{"not_picked":["Underhanded Strike","Reflex"],"picked":"Cloak And Dagger","floor":12},{"not_picked":["Dodge and Roll","Caltrops","Prepared"],"picked":"SKIP","floor":14}],"player_experience":17484,"relics_obtained":[{"floor":6,"key":"Pocketwatch"},{"floor":9,"key":"Whetstone"},{"floor":11,"key":"InkBottle"}],"event_choices":[{"damage_healed":0,"gold_gain":0,"player_choice":"Donut","damage_taken":0,"max_hp_gain":5,"max_hp_loss":0,"event_name":"Big Fish","floor":2,"gold_loss":0},{"damage_healed":0,"gold_gain":0,"player_choice":"1 cards matched","damage_taken":0,"max_hp_gain":0,"max_hp_loss":0,"event_name":"Match and Keep!","floor":3,"gold_loss":0,"cards_obtained":["Blade Dance"]},{"damage_healed":0,"gold_gain":0,"player_choice":"Entered Light","damage_taken":21,"max_hp_gain":0,"max_hp_loss":0,"event_name":"Shining Light","floor":5,"gold_loss":0,"cards_upgraded":["Strike_G","Neutralize"]},{"damage_healed":0,"gold_gain":0,"cards_transformed":["Strike_G"],"player_choice":"Transformed","damage_taken":0,"max_hp_gain":0,"max_hp_loss":0,"event_name":"Transmorgrifier","floor":10,"gold_loss":0,"cards_obtained":["Underhanded Strike"]}],"is_beta":false,"boss_relics":[],"items_purged_floors":[8,13],"is_endless":false,"potions_floor_spawned":[1,11,14],"killed_by":"Hexaghost","ascension_level":20}}