{"host":"ig7tc0uedzltt2sr","time":1609825495,"event":{"mods":["BaseMod","Better Twitch Integration","Block Reminder","Colored Map","Colored Powertips","Communication Mod","Current Relic Mod","GifTheSpireLib","HexUI Lib","Minty Spire (QoL Compilation)","Quick Restart","Random Character Button","Rare Cards Sparkle","Relic Sorter","Relic Stats","Slay the Relics Exporter","StSLib","SuperFastMode","Synergy Search","Twitch Decklist","Twitch Utils","everything is the same but u backflip on backflip","slay the spire mod where everything is the same but ironclad has a cowboy hat"],"gold_per_floor":[109,128,128,186,35,35,67,78,78,89,122,122,147,168,168,168,168],"floor_reached":16,"playtime":77,"items_purged":[],"score":137,"play_id":"faf71b68-a802-444d-abb9-ea6fcbc5ba84","local_time":"20210104214455","is_ascension_mode":false,"campfire_choices":[{"data":"Defend_R","floor":6,"key":"SMITH"},{"data":"Bash","floor":15,"key":"SMITH"}],"circlet_count":0,"master_deck":["Strike_R+1","Strike_R","Strike_R","Strike_R","Strike_R","Defend_R+1","Defend_R","Defend_R","Defend_R","Bash+1","Clash","Twin Strike","Blood for Blood","Headbutt","Combust","Injury"],"relics":["Burning Blood","NeowsBlessing","Prayer Wheel","Singing Bowl","Toy Ornithopter","Golden Idol"],"acts_visited":["Exordium"],"potions_floor_usage":[],"damage_taken":[{"damage":5,"enemies":"Small Slimes","floor":1,"turns":4},{"damage":0,"enemies":"2 Louse","floor":2,"turns":2},{"damage":0,"enemies":"Lagavulin","floor":7,"turns":1},{"damage":3,"enemies":"Jaw Worm","floor":8,"turns":3},{"damage":8,"enemies":"Red Slaver","floor":10,"turns":3},{"damage":32,"enemies":"3 Sentries","floor":11,"turns":7},{"damage":14,"enemies":"Large Slime","floor":13,"turns":5},{"damage":18,"enemies":"Exordium Wildlife","floor":14,"turns":4},{"damage":52,"enemies":"The Guardian","floor":16,"turns":5}],"seed_played":"-5840453292031324540","potions_obtained":[{"floor":1,"key":"BlessingOfTheForge"},{"floor":2,"key":"ColorlessPotion"},{"floor":10,"key":"Explosive Potion"},{"floor":13,"key":"LiquidBronze"}],"is_trial":false,"path_per_floor":["M","M","?","?","$","R","E","M","T","M","E","?","M","M","R","B"],"character_chosen":"IRONCLAD","items_purchased":["Weak Potion","SneckoOil"],"campfire_rested":0,"item_purchase_floors":[5,5],"current_hp_per_floor":[80,80,80,80,80,80,80,80,80,82,58,58,50,47,47,0,0],"gold":168,"neow_bonus":"THREE_ENEMY_KILL","is_daily":false,"chose_seed":false,"campfire_upgraded":2,"win_rate":0.0,"timestamp":1609825495,"path_taken":["M","M","?","?","?","R","E","?","T","M","E","?","M","M","R","BOSS"],"items_purchased_type":["Potion","Potion"],"build_version":"2020-12-22","purchased_purges":0,"victory":false,"max_hp_per_floor":[80,80,80,80,80,80,80,80,80,84,86,86,86,90,90,90,90],"relic_stats":{"Singing Bowl":10,"counters":[9,34],"Golden Idol":9,"Prayer Wheel":4,"obtain_stats":[{"NeowsBlessing":0,"Singing Bowl":9,"Golden Idol":12,"Prayer Wheel":7,"Burning Blood":0,"Toy Ornithopter":11},{"NeowsBlessing":0,"Singing Bowl":4,"Golden Idol":6,"Prayer Wheel":3,"Burning Blood":0,"Toy Ornithopter":6},{"NeowsBlessing":0,"Singing Bowl":10,"Golden Idol":20,"Prayer Wheel":7,"Burning Blood":0,"Toy Ornithopter":20}],"Burning Blood":32,"Toy Ornithopter":5},"card_choices":[{"not_picked":["Disarm","Headbutt"],"picked":"Clash","floor":1},{"not_picked":["Pommel Strike","Heavy Blade"],"picked":"Twin Strike","floor":2},{"not_picked":["Shrug It Off","Disarm"],"picked":"Blood for Blood","floor":7},{"not_picked":["True Grit","Twin Strike"],"picked":"Headbutt","floor":8},{"not_picked":["Thunderclap","Clothesline"],"picked":"Combust","floor":8},{"not_picked":["True Grit","Havoc","Searing Blow"],"picked":"Singing Bowl","floor":10},{"not_picked":["Headbutt","Blood for Blood","Armaments"],"picked":"Singing Bowl","floor":10},{"not_picked":["Flame Barrier","Berserk","Pommel Strike"],"picked":"Singing Bowl","floor":11},{"not_picked":["Armaments","Sword Boomerang","Anger"],"picked":"SKIP","floor":13},{"not_picked":["Power Through","Sword Boomerang","Searing Blow"],"picked":"SKIP","floor":13},{"not_picked":["Seeing Red","True Grit","Second Wind"],"picked":"Singing Bowl","floor":14},{"not_picked":["Sword Boomerang","Power Through","Disarm"],"picked":"Singing Bowl","floor":14}],"player_experience":1426068,"relics_obtained":[{"floor":7,"key":"Prayer Wheel"},{"floor":9,"key":"Singing Bowl"},{"floor":11,"key":"Toy Ornithopter"}],"event_choices":[{"damage_healed":0,"gold_gain":0,"player_choice":"Grow","damage_taken":0,"max_hp_gain":0,"max_hp_loss":0,"event_name":"Living Wall","floor":3,"gold_loss":0,"cards_upgraded":["Strike_R"]},{"damage_healed":0,"gold_gain":58,"player_choice":"Gained Gold","damage_taken":0,"max_hp_gain":0,"max_hp_loss":0,"event_name":"Golden Wing","floor":4,"gold_loss":0},{"damage_healed":0,"gold_gain":0,"player_choice":"Take Wound","damage_taken":0,"relics_obtained":["Golden Idol"],"max_hp_gain":0,"max_hp_loss":0,"event_name":"Golden Idol","floor":12,"gold_loss":0,"cards_obtained":["Injury"]}],"is_beta":false,"boss_relics":[],"items_purged_floors":[],"is_endless":false,"potions_floor_spawned":[1,2,10,13],"killed_by":"The Guardian","ascension_level":0}}