{"host":"chv1qanoipyt46jc","time":1609875868,"event":{"mods":["2.2 Compatiblity","AchievementEnabler","BaseMod","BetterRewards","CapriCore","Card Filter","Evolution","Gold Saver","Grow up Mod","Minty Spire (QoL Compilation)","Rare Cards Sparkle","Relic Filter","Remove Card Discount Mod","Reorder Act Four","StSLib"],"gold_per_floor":[712,762,801,859,859,859,859,958,958,1039,1104,1104,1144,1200,1200,1330,1393,1407,1457,1478,1503,1524,1524,1542,1542,1542,1562,1562,1562,1603,1575,1575,1699,1699,1720,1720,1720,1720,1741,1741,1759,1782,1782,1816,1841,1841,2174,2201,2201,2201,2201,2201,2201,2230,2230],"floor_reached":56,"playtime":1858,"items_purged":["Strike_G","Defend_G","Defend_G","Defend_G","Defend_G","Neutralize","Poisoned Stab","Poisoned Stab","Poisoned Stab+1","Poisoned Stab","Poisoned Stab","Defend_G","Survivor","HandOfGreed+1","Backflip","Backflip","Bane","Escape Plan","Escape Plan","Noxious Fumes","Noxious Fumes","Caltrops+1"],"score":1675,"play_id":"d38ef3e7-1164-4c60-b553-885d912986ff","local_time":"20210105134428","is_ascension_mode":false,"campfire_choices":[{"data":"HandOfGreed","floor":6,"key":"SMITH"},{"data":"Grand Finale","floor":12,"key":"SMITH"},{"data":"Poisoned Stab","floor":15,"key":"SMITH"},{"data":"Grand Finale","floor":23,"key":"SMITH"},{"data":"Escape Plan","floor":25,"key":"SMITH"},{"data":"Escape Plan","floor":29,"key":"SMITH"},{"data":"Finesse","floor":32,"key":"SMITH"},{"floor":40,"key":"RECALL"},{"floor":46,"key":"REST"},{"floor":49,"key":"REST"},{"floor":53,"key":"REST"}],"circlet_count":0,"master_deck":["Escape Plan+1","Escape Plan+1","Finesse+1","Grand Finale+1","Grand Finale+1"],"relics":["Ring of the Snake","EVO:Axolotl","Gremlin Horn","Ice Cream","Medical Kit","Prayer Wheel","PreservedInsect","Tiny House","Du-Vu Doll","Runic Pyramid","Singing Bowl","Pen Nib","Mercury Hourglass","InkBottle"],"acts_visited":["Exordium","TheCity","TheBeyond","TheEnding"],"potions_floor_usage":[16,16,55,55],"damage_taken":[{"damage":2,"enemies":"Small Slimes","floor":1,"turns":3},{"damage":0,"enemies":"2 Louse","floor":2,"turns":2},{"damage":0,"enemies":"Cultist","floor":3,"turns":3},{"damage":0,"enemies":"Exordium Wildlife","floor":4,"turns":4},{"damage":8,"enemies":"Lots of Slimes","floor":8,"turns":3},{"damage":14,"enemies":"3 Sentries","floor":10,"turns":6},{"damage":0,"enemies":"Large Slime","floor":11,"turns":5},{"damage":0,"enemies":"2 Fungi Beasts","floor":13,"turns":3},{"damage":35,"enemies":"Gremlin Nob","floor":14,"turns":5},{"damage":54,"enemies":"Hexaghost","floor":16,"turns":7},{"damage":3,"enemies":"3 Byrds","floor":18,"turns":2},{"damage":5,"enemies":"Shell Parasite","floor":20,"turns":4},{"damage":22,"enemies":"Snecko","floor":21,"turns":4},{"damage":20,"enemies":"Shelled Parasite and Fungi","floor":22,"turns":3},{"damage":36,"enemies":"Cultist and Chosen","floor":24,"turns":6},{"damage":32,"enemies":"Snake Plant","floor":27,"turns":3},{"damage":43,"enemies":"3 Cultists","floor":30,"turns":5},{"damage":0,"enemies":"Collector","floor":33,"turns":2},{"damage":0,"enemies":"Orb Walker","floor":35,"turns":1},{"damage":0,"enemies":"3 Darklings","floor":36,"turns":1},{"damage":0,"enemies":"Maw","floor":39,"turns":2},{"damage":3,"enemies":"4 Shapes","floor":41,"turns":1},{"damage":3,"enemies":"Sphere and 2 Shapes","floor":42,"turns":1},{"damage":0,"enemies":"Reptomancer","floor":44,"turns":1},{"damage":0,"enemies":"3 Darklings","floor":45,"turns":1},{"damage":0,"enemies":"Giant Head","floor":48,"turns":2},{"damage":36,"enemies":"Awakened One","floor":50,"turns":3},{"damage":0,"enemies":"Shield and Spear","floor":54,"turns":1},{"damage":46,"enemies":"The Heart","floor":55,"turns":3}],"seed_played":"-9185784339226205276","potions_obtained":[{"floor":2,"key":"Regen Potion"},{"floor":4,"key":"CunningPotion"},{"floor":16,"key":"DistilledChaos"},{"floor":17,"key":"LiquidMemories"}],"is_trial":false,"path_per_floor":["M","M","M","M","?","R","?","M","T","E","M","R","M","E","R","B",null,"M","?","M","M","M","R","M","R","T","M","?","R","M","$","R","B",null,"M","M","?","?","M","R","M","M","T","E","M","R","?","E","R","B",null,"$","R","E","B",null],"character_chosen":"THE_SILENT","items_purchased":["Gremlin Horn","Ice Cream","HandOfGreed","Backflip","Poisoned Stab","Medical Kit","Caltrops","Escape Plan","Swift Potion"],"campfire_rested":3,"item_purchase_floors":[0,0,0,0,0,0,0,0,0],"current_hp_per_floor":[46,56,66,76,56,66,76,78,88,84,94,104,114,89,99,70,255,262,272,277,265,255,265,239,249,259,237,247,257,224,234,244,254,425,435,445,455,465,475,485,492,499,509,521,531,547,557,569,579,553,599,609,619,631,595],"gold":2230,"neow_bonus":"","is_daily":false,"chose_seed":false,"campfire_upgraded":7,"win_rate":0.0,"timestamp":1609875868,"path_taken":["M","M","M","M","?","R","?","?","T","E","M","R","M","E","R","BOSS","M","?","M","M","M","R","?","R","T","M","?","R","M","$","R","BOSS","M","M","?","?","M","R","M","?","T","E","M","R","?","E","R","BOSS","$","R","E","BOSS"],"items_purchased_type":["Relic","Relic","Card","Card","Card","Relic","Card","Card","Potion"],"build_version":"2020-12-22","purchased_purges":22,"victory":true,"max_hp_per_floor":[90,100,110,120,130,140,150,160,170,180,190,200,210,220,230,240,255,265,275,285,295,305,315,325,335,345,355,365,375,385,395,405,415,425,435,445,455,465,475,485,495,505,515,527,537,547,557,569,579,589,599,609,619,631,641],"card_choices":[{"not_picked":["Flying Knee","Slice","Poisoned Stab"],"picked":"SKIP","floor":1},{"not_picked":["Poisoned Stab","Quick Slash"],"picked":"Escape Plan","floor":2},{"not_picked":["Blade Dance","Bane"],"picked":"Backflip","floor":3},{"not_picked":["Acrobatics","Leg Sweep"],"picked":"Noxious Fumes","floor":4},{"not_picked":["Dagger Spray","Backflip"],"picked":"Escape Plan","floor":8},{"not_picked":["Prepared","Dagger Throw","Poisoned Stab"],"picked":"SKIP","floor":10},{"not_picked":["Heel Hook","All Out Attack"],"picked":"Grand Finale","floor":11},{"not_picked":["Poisoned Stab","Bane","Quick Slash"],"picked":"SKIP","floor":11},{"not_picked":["Acrobatics","Sucker Punch","Dagger Spray"],"picked":"SKIP","floor":13},{"not_picked":["Expertise","After Image","All Out Attack"],"picked":"SKIP","floor":13},{"not_picked":["Slice","Dash","Dagger Throw"],"picked":"SKIP","floor":14},{"not_picked":["Glass Knife","Unload"],"picked":"Grand Finale","floor":16},{"not_picked":["Setup","Sucker Punch","Deflect"],"picked":"SKIP","floor":18},{"not_picked":["Leg Sweep","Poisoned Stab","Quick Slash+1"],"picked":"SKIP","floor":18},{"not_picked":["Calculated Gamble","Noxious Fumes","Reflex+1"],"picked":"SKIP","floor":20},{"not_picked":["Slice","Prepared+1","Poisoned Stab"],"picked":"SKIP","floor":20},{"not_picked":["Blade Dance","Quick Slash+1"],"picked":"Escape Plan","floor":21},{"not_picked":["Dagger Spray+1","Underhanded Strike","Acrobatics"],"picked":"SKIP","floor":21},{"not_picked":["Unload","Bane","Dagger Spray"],"picked":"SKIP","floor":22},{"not_picked":["Well Laid Plans+1","Slice","Finisher"],"picked":"SKIP","floor":22},{"not_picked":["Tactician","Dagger Spray","Flying Knee+1"],"picked":"SKIP","floor":24},{"not_picked":["Blade Dance","Bane","Prepared"],"picked":"SKIP","floor":24},{"not_picked":["Deadly Poison","Blade Dance","Acrobatics"],"picked":"SKIP","floor":27},{"not_picked":["Expertise+1","Underhanded Strike","Leg Sweep"],"picked":"SKIP","floor":27},{"not_picked":["Caltrops+1","Poisoned Stab"],"picked":"Noxious Fumes","floor":30},{"not_picked":["Calculated Gamble","Deflect+1","Slice+1"],"picked":"SKIP","floor":30},{"not_picked":["Caltrops","Bane","Escape Plan"],"picked":"SKIP","floor":35},{"not_picked":["Predator+1","Setup","Prepared"],"picked":"SKIP","floor":35},{"not_picked":["Flying Knee+1","Bane","Sucker Punch"],"picked":"SKIP","floor":36},{"not_picked":["Backflip+1","Poisoned Stab+1","Prepared+1"],"picked":"SKIP","floor":36},{"not_picked":["Underhanded Strike","Bane","Sucker Punch+1"],"picked":"SKIP","floor":39},{"not_picked":["Leg Sweep","Backflip","Dagger Spray"],"picked":"SKIP","floor":39},{"not_picked":["Tactician","Setup","Backflip"],"picked":"SKIP","floor":41},{"not_picked":["Sucker Punch+1","Noxious Fumes","Flying Knee+1"],"picked":"SKIP","floor":41},{"not_picked":["Noxious Fumes+1","Underhanded Strike","Expertise"],"picked":"SKIP","floor":42},{"not_picked":["Poisoned Stab+1","Flying Knee+1","Slice"],"picked":"SKIP","floor":42},{"not_picked":["Reflex","Flying Knee+1","Die Die Die"],"picked":"Singing Bowl","floor":44},{"not_picked":["Underhanded Strike+1","Poisoned Stab","Bane+1"],"picked":"SKIP","floor":45},{"not_picked":["Backstab+1","Flying Knee+1","Blade Dance"],"picked":"SKIP","floor":45},{"not_picked":["Deflect","Reflex+1","Expertise+1"],"picked":"Singing Bowl","floor":48},{"not_picked":["Underhanded Strike","Infinite Blades+1","Venomology"],"picked":"Singing Bowl","floor":54}],"player_experience":285957,"relics_obtained":[{"floor":10,"key":"Prayer Wheel"},{"floor":14,"key":"PreservedInsect"},{"floor":26,"key":"Du-Vu Doll"},{"floor":43,"key":"Singing Bowl"},{"floor":44,"key":"Pen Nib"},{"floor":48,"key":"Mercury Hourglass"},{"floor":54,"key":"InkBottle"}],"event_choices":[{"damage_healed":0,"gold_gain":0,"player_choice":"Take Damage","damage_taken":30,"relics_obtained":["Golden Idol"],"max_hp_gain":0,"max_hp_loss":0,"event_name":"Golden Idol","floor":5,"gold_loss":0},{"damage_healed":0,"gold_gain":0,"player_choice":"2 cards matched","damage_taken":0,"max_hp_gain":0,"max_hp_loss":0,"event_name":"Match and Keep!","floor":7,"gold_loss":0,"cards_obtained":["Bane","Finesse"]},{"damage_healed":0,"gold_gain":100,"player_choice":"Bet on Murderer","damage_taken":0,"max_hp_gain":0,"max_hp_loss":0,"event_name":"The Joust","floor":19,"gold_loss":50},{"damage_healed":0,"gold_gain":0,"player_choice":"Ignored","damage_taken":0,"max_hp_gain":0,"max_hp_loss":0,"event_name":"Ghosts","floor":28,"gold_loss":0},{"damage_healed":0,"gold_gain":0,"player_choice":"Memory 1","damage_taken":0,"max_hp_gain":0,"max_hp_loss":0,"event_name":"SensoryStone","floor":37,"gold_loss":0},{"damage_healed":0,"gold_gain":0,"player_choice":"Bought 0 Potions","damage_taken":0,"max_hp_gain":0,"max_hp_loss":0,"event_name":"The Woman in Blue","floor":38,"gold_loss":0},{"damage_healed":0,"gold_gain":333,"player_choice":"Gave Idol","damage_taken":0,"max_hp_gain":0,"max_hp_loss":0,"event_name":"The Moai Head","floor":47,"relics_lost":["Golden Idol"],"gold_loss":0}],"is_beta":false,"boss_relics":[{"not_picked":["Ring of the Serpent","Astrolabe"],"picked":"Tiny House"},{"not_picked":["SacredBark","SlaversCollar"],"picked":"Runic Pyramid"}],"items_purged_floors":[0,0,0,0,0,0,0,0,31,31,31,31,31,31,31,31,31,31,31,31,31,31],"is_endless":false,"potions_floor_spawned":[2,4,8,10,16,21,24,27,35,41,42],"ascension_level":0}}