{"host":"hbwa3kjetxrogfq8","time":1609885673,"event":{"mods":["AchievementEnabler","BaseMod","Block Reminder","Colored Map","Colored Powertips","Highlight Path","Minty Spire (QoL Compilation)","Rare Cards Sparkle","Relic Stats","StSLib"],"gold_per_floor":[109,61,236,236,247,247,257,257,257,257,273,291,321,339,339,437,437,447,447,647,173,189,189,189,189,239,239,259,259,0,0,0,100,100,118,131,8,108,35,35,48,48,48,48,68,85,85,95,95,95,95],"floor_reached":50,"playtime":2776,"items_purged":["Steam"],"score":558,"play_id":"653d65f4-d8ca-465a-92de-db27720b93fe","local_time":"20210105232753","is_ascension_mode":true,"campfire_choices":[{"data":"Zap","floor":6,"key":"SMITH"},{"data":"Dualcast","floor":8,"key":"SMITH"},{"data":"Gash","floor":10,"key":"SMITH"},{"data":"Genetic Algorithm","floor":15,"key":"SMITH"},{"data":"All For One","floor":23,"key":"SMITH"},{"data":"Gash","floor":25,"key":"SMITH"},{"data":"Gash","floor":27,"key":"SMITH"},{"data":"Auto Shields","floor":29,"key":"SMITH"},{"data":"Sweeping Beam","floor":32,"key":"SMITH"},{"data":"Buffer","floor":40,"key":"SMITH"},{"data":"Go for the Eyes","floor":42,"key":"SMITH"},{"data":"Chill","floor":44,"key":"SMITH"},{"floor":47,"key":"REST"},{"floor":49,"key":"REST"}],"circlet_count":0,"master_deck":["Defend_B","Defend_B","Defend_B","Defend_B","Zap+1","Dualcast+1","Gash+1","Sweeping Beam+1","Gash+1","Gash+1","Auto Shields+1","Genetic Algorithm+1","All For One+1","Glacier+1","Self Repair+1","FTL+1","Sweeping Beam+1","Hologram+1","Buffer+1","Go for the Eyes+1","Chill+1","Coolheaded","Auto Shields","FTL","BootSequence","Go for the Eyes","Go for the Eyes+1","Hologram+1"],"relics":["FrozenCore","NeowsBlessing","Cables","Calipers","Astrolabe","Torii","Blood Vial","Bottled Lightning"],"acts_visited":["Exordium","TheCity","TheBeyond"],"potions_floor_usage":[13,13,21,24,31,45,46],"damage_taken":[{"damage":0,"enemies":"Cultist","floor":1,"turns":1},{"damage":0,"enemies":"Jaw Worm","floor":5,"turns":1},{"damage":0,"enemies":"2 Louse","floor":7,"turns":1},{"damage":1,"enemies":"2 Fungi Beasts","floor":11,"turns":2},{"damage":11,"enemies":"Lots of Slimes","floor":12,"turns":2},{"damage":19,"enemies":"Lagavulin","floor":13,"turns":5},{"damage":8,"enemies":"Large Slime","floor":14,"turns":4},{"damage":23,"enemies":"Slime Boss","floor":16,"turns":11},{"damage":6,"enemies":"2 Thieves","floor":18,"turns":3},{"damage":1,"enemies":"Chosen","floor":22,"turns":3},{"damage":10,"enemies":"Snecko","floor":24,"turns":3},{"damage":1,"enemies":"Snake Plant","floor":28,"turns":3},{"damage":0,"enemies":"Shelled Parasite and Fungi","floor":31,"turns":1},{"damage":68,"enemies":"Champ","floor":33,"turns":8},{"damage":33,"enemies":"3 Shapes","floor":35,"turns":4},{"damage":10,"enemies":"Orb Walker","floor":36,"turns":6},{"damage":14,"enemies":"Maw","floor":41,"turns":10},{"damage":9,"enemies":"Spire Growth","floor":45,"turns":7},{"damage":44,"enemies":"Sphere and 2 Shapes","floor":46,"turns":4},{"damage":19,"enemies":"3 Darklings","floor":48,"turns":9},{"damage":88,"enemies":"Donu and Deca","floor":50,"turns":8}],"seed_played":"8745301990681559181","potions_obtained":[{"floor":7,"key":"SmokeBomb"},{"floor":11,"key":"Regen Potion"},{"floor":12,"key":"SkillPotion"},{"floor":22,"key":"SmokeBomb"},{"floor":35,"key":"ColorlessPotion"},{"floor":45,"key":"Fruit Juice"}],"is_trial":false,"path_per_floor":["M","$","?","?","M","R","M","R","T","R","M","M","E","M","R","B",null,"M","?","?","$","M","R","M","R","T","R","M","R","?","M","R","B",null,"M","M","$","?","$","R","M","R","T","R","M","M","R","M","R","B"],"character_chosen":"DEFECT","items_purchased":["Sweeping Beam","Torii","Fruit Juice","Coolheaded","Auto Shields","FTL"],"campfire_rested":2,"item_purchase_floors":[2,21,21,37,37,39],"current_hp_per_floor":[75,75,75,75,75,75,75,75,75,75,74,63,53,45,45,22,75,69,69,69,74,80,80,80,80,80,80,80,80,80,80,80,22,80,57,59,59,59,59,59,57,57,57,57,65,33,58,51,76,0,0],"gold":95,"neow_bonus":"THREE_ENEMY_KILL","is_daily":false,"chose_seed":false,"campfire_upgraded":12,"win_rate":0.0,"timestamp":1609885673,"path_taken":["M","$","?","?","?","R","M","R","T","R","M","M","E","M","R","BOSS","M","?","?","$","?","R","M","R","T","R","M","R","?","M","R","BOSS","M","M","$","?","$","R","?","R","T","R","M","?","R","M","R","BOSS"],"items_purchased_type":["Card","Relic","Potion","Card","Card","Card"],"build_version":"2020-12-22","purchased_purges":1,"victory":false,"max_hp_per_floor":[75,75,75,75,75,75,75,75,75,75,75,75,75,75,75,75,75,75,75,75,80,80,80,80,80,80,80,80,80,80,80,80,80,80,80,80,80,80,80,80,80,80,80,80,85,85,85,85,85,85,85],"relic_stats":{"Blood Vial":12,"Torii":11,"counters":[21,96],"Astrolabe":["Glacier","Self Repair","FTL"],"obtain_stats":[{"Blood Vial":26,"Calipers":13,"NeowsBlessing":0,"Torii":21,"Astrolabe":17,"Bottled Lightning":43,"Cracked Core":0,"Cables":9,"FrozenCore":34},{"Blood Vial":11,"Calipers":6,"NeowsBlessing":0,"Torii":9,"Astrolabe":8,"Bottled Lightning":17,"Cracked Core":0,"Cables":3,"FrozenCore":14},{"Blood Vial":36,"Calipers":12,"NeowsBlessing":0,"Torii":30,"Astrolabe":27,"Bottled Lightning":68,"Cracked Core":0,"Cables":3,"FrozenCore":48}],"FrozenCore":[15],"Cables":[75,33,42,0,0]},"card_choices":[{"not_picked":["Cold Snap","Conserve Battery"],"picked":"Gash","floor":1},{"not_picked":["Coolheaded","Cold Snap"],"picked":"Gash","floor":5},{"not_picked":["Chaos","Blizzard","Heatsinks"],"picked":"SKIP","floor":7},{"not_picked":["Genetic Algorithm","Hello World"],"picked":"Gash","floor":11},{"not_picked":["Cold Snap","Doom and Gloom"],"picked":"Auto Shields","floor":12},{"not_picked":["Rip and Tear","Hologram"],"picked":"Steam","floor":13},{"not_picked":["Darkness","Lockon"],"picked":"Genetic Algorithm","floor":14},{"not_picked":["Electrodynamics","Creative AI"],"picked":"All For One","floor":16},{"not_picked":["Capacitor","Barrage"],"picked":"Sweeping Beam+1","floor":18},{"not_picked":["Barrage","Compile Driver","Cold Snap"],"picked":"SKIP","floor":22},{"not_picked":["Hyperbeam","Compile Driver"],"picked":"Hologram+1","floor":28},{"not_picked":["Multi-Cast","Rainbow"],"picked":"Buffer","floor":33},{"not_picked":["Rebound","Blizzard"],"picked":"Go for the Eyes","floor":35},{"not_picked":["Streamline+1","Hyperbeam"],"picked":"Chill","floor":36},{"not_picked":["Consume","Compile Driver+1"],"picked":"BootSequence","floor":41},{"not_picked":["Compile Driver","Fusion+1"],"picked":"Go for the Eyes","floor":45},{"not_picked":["Conserve Battery+1","Storm+1"],"picked":"Go for the Eyes+1","floor":46},{"not_picked":["Compile Driver+1","Heatsinks+1"],"picked":"Hologram+1","floor":48}],"player_experience":615270,"relics_obtained":[{"floor":9,"key":"Cables"},{"floor":13,"key":"Calipers"},{"floor":26,"key":"Blood Vial"},{"floor":43,"key":"Bottled Lightning"}],"event_choices":[{"damage_healed":0,"gold_gain":175,"player_choice":"AGREE","damage_taken":0,"max_hp_gain":0,"max_hp_loss":0,"event_name":"Liars Game","floor":3,"gold_loss":0,"cards_obtained":["Doubt"]},{"cards_removed":["Doubt"],"damage_healed":0,"gold_gain":0,"player_choice":"Removed Curses","damage_taken":0,"max_hp_gain":0,"max_hp_loss":0,"event_name":"Fountain of Cleansing","floor":4,"gold_loss":0},{"cards_removed":["Strike_B"],"damage_healed":0,"gold_gain":0,"player_choice":"Elegance","damage_taken":0,"max_hp_gain":0,"max_hp_loss":0,"event_name":"Back to Basics","floor":19,"gold_loss":0},{"damage_healed":0,"gold_gain":200,"player_choice":"Gold","damage_taken":0,"max_hp_gain":0,"max_hp_loss":0,"event_name":"Wheel of Change","floor":20,"gold_loss":0},{"damage_healed":0,"gold_gain":0,"player_choice":"Paid Fearfully","damage_taken":0,"max_hp_gain":0,"max_hp_loss":0,"event_name":"Masked Bandits","floor":30,"gold_loss":259},{"damage_healed":0,"gold_gain":100,"player_choice":"Pray","damage_taken":0,"max_hp_gain":0,"max_hp_loss":0,"event_name":"Golden Shrine","floor":38,"gold_loss":0}],"is_beta":false,"boss_relics":[{"not_picked":["Ectoplasm","SacredBark"],"picked":"Astrolabe"},{"not_picked":["Nuclear Battery","Empty Cage"],"picked":"FrozenCore"}],"items_purged_floors":[21],"is_endless":false,"potions_floor_spawned":[7,11,12,22,24,35,45],"killed_by":"Donu and Deca","ascension_level":4}}