{"host":"on8kfoejf6vp3cg3","time":1609890656,"event":{"mods":["AchievementEnabler","BaseMod","Better Match","Better Third Choice","Block Reminder","Colored Map","Colored Powertips","Disable Question Mark Monsters","Googly Eyes","Hermit","Highlight Path","Minty Spire (QoL Compilation)","Permanent Neow","Rare Cards Sparkle","Replay The Spire","StSLib","The Blackbeard","The Bladedancer","The Cursed"],"gold_per_floor":[119,119,133,145,162,195,225,225,275,305,330,359,53,70,70,171,171,189,207,227,246,263,294,322,334,403,101,435,171,202,231,231,326,326,346,364,379,396,405,441,483,509,544,544,610,622,634,730,742,818],"floor_reached":51,"playtime":3478,"items_purged":[],"score":1454,"play_id":"b062c592-8cb3-4815-b5fa-bd2c19f7e6d9","local_time":"20210105185056","daily_mods":["Insanity","Vintage","Heirloom","Time Dilation","Flight","Cursed Run"],"is_ascension_mode":true,"campfire_choices":[{"floor":8,"key":"DIG"},{"floor":15,"key":"DIG"},{"floor":32,"key":"DIG"},{"floor":44,"key":"DIG"},{"floor":49,"key":"DIG"}],"circlet_count":0,"master_deck":["TheCursedMod:ManaBullet","TheCursedMod:SmokeScreen","TheCursedMod:ReleasedKnowledge","TheCursedMod:CursedMace","TheCursedMod:CircleOfCorruption","TheCursedMod:FleshFromBone","TheCursedMod:Torture","TheCursedMod:Evocation","TheCursedMod:Stretching","TheCursedMod:CursedAmulet","TheCursedMod:CircleOfFlame","TheCursedMod:HellfireBreathing","TheCursedMod:CursedAmulet","TheCursedMod:AshesToAshes","TheCursedMod:Torture","TheCursedMod:Stigma","TheCursedMod:CursedBlade","TheCursedMod:FleshFromBone","TheCursedMod:Obscuration","TheCursedMod:Torture","TheCursedMod:RavingStaff","TheCursedMod:SpitefulPlan","TheCursedMod:EmpowerCircles","TheCursedMod:CursedShiv","TheCursedMod:Obscuration","TheCursedMod:Stretching","TheCursedMod:Grudge","TheCursedMod:Torture","TheCursedMod:CircleOfCorruption","TheCursedMod:HellsGateOpen","TheCursedMod:CircleOfFlame","TheCursedMod:TacticalStrike","TheCursedMod:WearCloak","TheCursedMod:VitalStrike","TheCursedMod:CircleOfCorruption","TheCursedMod:SpitefulStrike","TheCursedMod:CircleOfFlame","TheCursedMod:CursedAmulet","TheCursedMod:Wield","TheCursedMod:Wield","TheCursedMod:DoubleShield","TheCursedMod:TacticalStrike","TheCursedMod:SpitefulPray","TheCursedMod:CursedBlade","TheCursedMod:Stretching","TheCursedMod:SoulCrush","TheCursedMod:Stigma","TheCursedMod:CursedBlade","TheCursedMod:TacticalStrike","Pain","TheCursedMod:SoulReap","TheCursedMod:CursedBoomerang","Looming Evil","Replay:Hysterical Blindness","TheCursedMod:RapidMovement","Voices","TheCursedMod:OutForBlood","TheCursedMod:CursedStaff","Voices","Skewer+1","ReplayTheSpireMod:Restless Dread","TheCursedMod:CursedRelics","Apotheosis","blackbeard:Sword","Doubt","TheCursedMod:CursedRelics","Writhe","Thunderclap","blackbeard:Dagger+1","TheCursedMod:Dregs","Infinite Blades+1","Spreading Infection"],"relics":["Cursed Key","Darkstone Periapt","Du-Vu Doll","Replay:Kaleidoscope","Ring of Fangs","Ring of Searing","Boot","ReplayTheSpireMod:Shallot","Shovel","Vajra","Juzu Bracelet","Garlic","TungstenRod","Happy Flower","Ginger","Incense Burner","TheCursedMod:OminousMark","Smiling Mask","StoneCalendar","White Beast Statue","Letter Opener","Pear","Lantern","CaptainsWheel","Iron Hammer","Bronze Scales","PrismaticShard","Old Coin","ReplayTheSpireMod:CursedCoin","Matryoshka","Blood Vial","Nunchaku","Ornamental Fan","Busted Crown","Replay:Baseball","CeramicFish","Toxic Egg 2","Golden Egg","InkBottle","Akabeko","Replay:Bandana","Mirror","Potion Belt","MawBank","Divine Protection","Anchor"],"acts_visited":["Exordium","TheCity","TheBeyond"],"potions_floor_usage":[16,33,33,33,50,50,50,50],"damage_taken":[{"damage":4,"enemies":"Small Slimes","floor":1,"turns":2},{"damage":0,"enemies":"2 Louse","floor":3,"turns":1},{"damage":10,"enemies":"Jaw Worm","floor":4,"turns":3},{"damage":7,"enemies":"3 Louse","floor":5,"turns":2},{"damage":8,"enemies":"Lagavulin","floor":6,"turns":4},{"damage":2,"enemies":"Replay:BlueRogue","floor":7,"turns":4},{"damage":4,"enemies":"Gremlin Nob","floor":10,"turns":3},{"damage":12,"enemies":"Lagavulin","floor":12,"turns":4},{"damage":4,"enemies":"2 Fungi Beasts","floor":14,"turns":3},{"damage":5,"enemies":"Hexaghost","floor":16,"turns":4},{"damage":4,"enemies":"Spheric Guardian","floor":18,"turns":2},{"damage":4,"enemies":"Chosen","floor":19,"turns":2},{"damage":18,"enemies":"Snake Plant","floor":20,"turns":3},{"damage":15,"enemies":"Centurion and Healer","floor":21,"turns":3},{"damage":5,"enemies":"Cultist and Chosen","floor":22,"turns":4},{"damage":2,"enemies":"Book of Stabbing","floor":23,"turns":4},{"damage":0,"enemies":"Gremlin Leader","floor":24,"turns":3},{"damage":14,"enemies":"Snake Plant","floor":25,"turns":2},{"damage":4,"enemies":"Book of Stabbing","floor":28,"turns":3},{"damage":4,"enemies":"Slavers","floor":30,"turns":3},{"damage":7,"enemies":"Book of Stabbing","floor":31,"turns":4},{"damage":0,"enemies":"Champ","floor":33,"turns":2},{"damage":0,"enemies":"Orb Walker","floor":35,"turns":1},{"damage":4,"enemies":"3 Darklings","floor":36,"turns":2},{"damage":4,"enemies":"Spire Growth","floor":37,"turns":2},{"damage":30,"enemies":"Jaw Worm Horde","floor":38,"turns":3},{"damage":24,"enemies":"R_Hoarder","floor":40,"turns":3},{"damage":35,"enemies":"Nemesis","floor":41,"turns":3},{"damage":10,"enemies":"R_Hoarder","floor":42,"turns":3},{"damage":0,"enemies":"Giant Head","floor":45,"turns":3},{"damage":0,"enemies":"R_Hoarder","floor":48,"turns":2},{"damage":23,"enemies":"Donu and Deca","floor":50,"turns":6}],"seed_played":"6904876047386978320","potions_obtained":[{"floor":14,"key":"SkillPotion"},{"floor":16,"key":"AttackPotion"},{"floor":19,"key":"DistilledChaos"},{"floor":22,"key":"SpeedPotion"},{"floor":23,"key":"LiquidBronze"},{"floor":35,"key":"FairyPotion"},{"floor":36,"key":"PowerPotion"},{"floor":38,"key":"Energy Potion"},{"floor":40,"key":"Explosive Potion"},{"floor":48,"key":"Explosive Potion"}],"is_trial":true,"path_per_floor":["M","?","M","M","M","E","E","R","T","E","?","E","$","M","R","B",null,"M","M","M","M","M","E","E","M","T","$","E","$","E","E","R","B",null,"M","M","M","M","?","E","E","E","T","R","E","?","$","E","R","B",null],"character_chosen":"THE_CURSED","items_purchased":["Ginger","Bronze Scales","PrismaticShard","ReplayTheSpireMod:CursedCoin","TheCursedMod:CursedRelics","Matryoshka"],"campfire_rested":0,"item_purchase_floors":[13,27,27,29,29,29],"current_hp_per_floor":[71,77,77,67,60,52,55,55,61,57,63,51,51,47,47,48,99,95,91,84,76,81,79,79,72,78,78,85,91,87,82,82,90,127,127,123,121,112,133,109,98,90,96,96,98,98,98,100,100,90],"gold":830,"neow_bonus":"","is_daily":false,"chose_seed":false,"campfire_upgraded":0,"win_rate":0.0,"timestamp":1609890656,"path_taken":["M","?","M","M","M","E","E","R","T","E","?","E","$","M","R","BOSS","M","M","M","M","M","E","E","M","T","$","E","$","E","E","R","BOSS","M","M","M","M","?","E","E","E","T","R","E","?","$","E","R","BOSS"],"items_purchased_type":["Relic","Relic","Relic","Relic","Card","Relic"],"build_version":"2020-12-22","purchased_purges":0,"victory":true,"max_hp_per_floor":[75,81,81,81,81,81,81,81,87,87,93,93,93,93,93,99,99,99,99,99,99,109,109,109,109,115,115,115,121,121,121,121,127,127,127,127,127,127,133,133,133,133,139,139,139,139,139,139,139,145],"card_choices":[{"not_picked":["TheCursedMod:Wield","TheCursedMod:LuckyCharm"],"picked":"TheCursedMod:SoulReap","floor":6},{"not_picked":["TheCursedMod:CursedMace","TheCursedMod:CursedAmulet"],"picked":"TheCursedMod:CursedBoomerang","floor":7},{"not_picked":["TheCursedMod:BlessingInDisguise","TheCursedMod:WearCloak","TheCursedMod:Stigma"],"picked":"SKIP","floor":10},{"not_picked":["TheCursedMod:UltimatePain","TheCursedMod:VitalStrike"],"picked":"TheCursedMod:RapidMovement","floor":12},{"not_picked":["TheCursedMod:UltimatePain","TheCursedMod:AntiAging"],"picked":"TheCursedMod:OutForBlood","floor":16},{"not_picked":["TheCursedMod:CursedShiv","TheCursedMod:Wield","TheCursedMod:SoulReap"],"picked":"SKIP","floor":23},{"not_picked":["TheCursedMod:CircleOfCorruption","TheCursedMod:SmokeScreen"],"picked":"TheCursedMod:CursedStaff","floor":24},{"not_picked":["TheCursedMod:CircleOfFocus","blackbeard:GhostInTheRum"],"picked":"Skewer+1","floor":28},{"not_picked":["Dark Embrace+1","blackbeard:Toast+1"],"picked":"Apotheosis","floor":30},{"not_picked":["SashWhip","Go for the Eyes"],"picked":"blackbeard:Sword","floor":31},{"not_picked":["hermit:Roughhouse","ReplayRNGCard"],"picked":"TheCursedMod:CursedRelics","floor":33},{"not_picked":[],"picked":"Thunderclap","floor":40},{"not_picked":[],"picked":"blackbeard:Dagger+1","floor":41},{"not_picked":["blackbeard:PirateHook+1"],"picked":"SKIP","floor":42},{"not_picked":["Wild Strike+1"],"picked":"SKIP","floor":45},{"not_picked":[],"picked":"Infinite Blades+1","floor":48}],"player_experience":407227,"relics_obtained":[{"floor":2,"key":"Ring of Fangs"},{"floor":2,"key":"Ring of Searing"},{"floor":4,"key":"Boot"},{"floor":5,"key":"ReplayTheSpireMod:Shallot"},{"floor":6,"key":"Shovel"},{"floor":8,"key":"Vajra"},{"floor":9,"key":"Juzu Bracelet"},{"floor":10,"key":"Garlic"},{"floor":11,"key":"TungstenRod"},{"floor":12,"key":"Happy Flower"},{"floor":15,"key":"Incense Burner"},{"floor":18,"key":"Smiling Mask"},{"floor":19,"key":"StoneCalendar"},{"floor":20,"key":"White Beast Statue"},{"floor":21,"key":"Letter Opener"},{"floor":22,"key":"Pear"},{"floor":24,"key":"Lantern"},{"floor":25,"key":"CaptainsWheel"},{"floor":26,"key":"Iron Hammer"},{"floor":28,"key":"Old Coin"},{"floor":30,"key":"Blood Vial"},{"floor":31,"key":"Nunchaku"},{"floor":32,"key":"Ornamental Fan"},{"floor":35,"key":"Replay:Baseball"},{"floor":36,"key":"CeramicFish"},{"floor":37,"key":"Toxic Egg 2"},{"floor":38,"key":"Golden Egg"},{"floor":40,"key":"InkBottle"},{"floor":41,"key":"Akabeko"},{"floor":42,"key":"Replay:Bandana"},{"floor":43,"key":"Mirror"},{"floor":43,"key":"Potion Belt"},{"floor":45,"key":"MawBank"},{"floor":48,"key":"Divine Protection"},{"floor":49,"key":"Anchor"}],"event_choices":[{"damage_healed":32,"gold_gain":0,"player_choice":"Writhe","damage_taken":0,"max_hp_gain":0,"max_hp_loss":0,"event_name":"Winding Halls","floor":39,"gold_loss":0,"cards_obtained":["Writhe"]},{"cards_removed":["TheCursedMod:Torture"],"damage_healed":0,"gold_gain":0,"player_choice":"Removed Skill","damage_taken":0,"max_hp_gain":0,"max_hp_loss":0,"event_name":"Falling","floor":46,"gold_loss":0}],"is_beta":false,"boss_relics":[{"not_picked":["Black Star","Painkiller Herb"],"picked":"TheCursedMod:OminousMark"},{"not_picked":["Snecko Heart","Abe\u0027s Treasure"],"picked":"Busted Crown"}],"items_purged_floors":[],"is_endless":false,"potions_floor_spawned":[1,7,10,14,16,19,21,22,23,24,25,28,30,31,33,35,36,37,38,40,41,42,45,48],"ascension_level":1}}