{"host":"ig7tc0uedzltt2sr","time":1609829517,"event":{"mods":["BaseMod","Better Twitch Integration","Block Reminder","Colored Map","Colored Powertips","Communication Mod","Current Relic Mod","GifTheSpireLib","HexUI Lib","Minty Spire (QoL Compilation)","Quick Restart","Random Character Button","Rare Cards Sparkle","Relic Sorter","Relic Stats","Slay the Relics Exporter","StSLib","SuperFastMode","Synergy Search","Twitch Decklist","Twitch Utils","everything is the same but u backflip on backflip","slay the spire mod where everything is the same but ironclad has a cowboy hat"],"gold_per_floor":[109,109,121,121,138,138,155,155,181,191,191,211,229,245,245,346,346,346,346],"floor_reached":18,"playtime":158,"items_purged":[],"score":156,"play_id":"aafb4c00-61de-452b-90f5-1c4ed5038319","local_time":"20210104225157","is_ascension_mode":false,"campfire_choices":[{"floor":6,"key":"REST"},{"data":"Rage","floor":8,"key":"SMITH"},{"data":"Strike_R","floor":15,"key":"SMITH"}],"circlet_count":0,"master_deck":["Strike_R+1","Strike_R","Strike_R","Strike_R","Defend_R","Defend_R","Bash","Rage+1","Carnage","Fire Breathing","True Grit","Sentinel","Armaments","True Grit","Reaper","Evolve+1","Fiend Fire+1","Bludgeon+1"],"relics":["Burning Blood","Happy Flower","Astrolabe"],"acts_visited":["Exordium","TheCity"],"potions_floor_usage":[],"damage_taken":[{"damage":58,"enemies":"Cultist","floor":1,"turns":9},{"damage":1,"enemies":"2 Louse","floor":3,"turns":4},{"damage":5,"enemies":"Small Slimes","floor":5,"turns":4},{"damage":0,"enemies":"Looter","floor":7,"turns":2},{"damage":10,"enemies":"Red Slaver","floor":10,"turns":4},{"damage":0,"enemies":"3 Louse","floor":12,"turns":2},{"damage":0,"enemies":"Blue Slaver","floor":13,"turns":1},{"damage":13,"enemies":"Exordium Wildlife","floor":14,"turns":7},{"damage":33,"enemies":"Slime Boss","floor":16,"turns":10},{"damage":93,"enemies":"Shell Parasite","floor":18,"turns":29}],"seed_played":"1917063297441172065","potions_obtained":[{"floor":5,"key":"Fire Potion"},{"floor":7,"key":"BloodPotion"},{"floor":10,"key":"Explosive Potion"},{"floor":12,"key":"Fire Potion"},{"floor":14,"key":"Dexterity Potion"}],"is_trial":false,"path_per_floor":["M","?","M","?","M","R","M","R","T","M","?","M","M","M","R","B",null,"M"],"character_chosen":"IRONCLAD","items_purchased":[],"campfire_rested":1,"item_purchase_floors":[],"current_hp_per_floor":[36,29,34,34,35,61,67,67,67,80,80,86,91,84,84,57,91,0,0],"gold":346,"neow_bonus":"TEN_PERCENT_HP_BONUS","is_daily":false,"chose_seed":false,"campfire_upgraded":2,"win_rate":0.0,"timestamp":1609829517,"path_taken":["M","?","M","?","M","R","M","R","T","M","?","M","?","M","R","BOSS","M"],"items_purchased_type":[],"build_version":"2020-12-22","purchased_purges":0,"victory":false,"max_hp_per_floor":[88,88,88,88,88,88,88,88,88,88,88,88,91,91,91,91,91,91,91],"relic_stats":{"Happy Flower":[17],"counters":[10,72],"Astrolabe":["Evolve","Fiend Fire","Bludgeon"],"obtain_stats":[{"Happy Flower":9,"Astrolabe":17,"Burning Blood":0},{"Happy Flower":4,"Astrolabe":9,"Burning Blood":0},{"Happy Flower":19,"Astrolabe":43,"Burning Blood":0}],"Burning Blood":50},"card_choices":[{"not_picked":["Wild Strike","Anger"],"picked":"Rage","floor":1},{"not_picked":["Feel No Pain","Flex"],"picked":"Carnage","floor":3},{"not_picked":["Sword Boomerang","True Grit"],"picked":"Fire Breathing","floor":5},{"not_picked":["Warcry","Cleave"],"picked":"True Grit","floor":7},{"not_picked":["Clash","Headbutt"],"picked":"Sentinel","floor":10},{"not_picked":["Shrug It Off","Thunderclap"],"picked":"Feed","floor":12},{"not_picked":["Wild Strike","Shrug It Off"],"picked":"Armaments","floor":13},{"not_picked":["Headbutt","Heavy Blade"],"picked":"True Grit","floor":14},{"not_picked":["Juggernaut","Bludgeon"],"picked":"Reaper","floor":16}],"player_experience":1429310,"relics_obtained":[{"floor":9,"key":"Happy Flower"}],"event_choices":[{"cards_removed":["Defend_R"],"damage_healed":0,"gold_gain":0,"player_choice":"Card Removal","damage_taken":7,"max_hp_gain":0,"max_hp_loss":0,"event_name":"Golden Wing","floor":2,"gold_loss":0},{"damage_healed":0,"gold_gain":0,"player_choice":"Fled","damage_taken":0,"max_hp_gain":0,"max_hp_loss":0,"event_name":"Scrap Ooze","floor":4,"gold_loss":0},{"damage_healed":0,"gold_gain":0,"player_choice":"Ignored","damage_taken":0,"max_hp_gain":0,"max_hp_loss":0,"event_name":"NoteForYourself","floor":11,"gold_loss":0}],"is_beta":false,"boss_relics":[{"not_picked":["Snecko Eye","Velvet Choker"],"picked":"Astrolabe"}],"items_purged_floors":[],"is_endless":false,"potions_floor_spawned":[5,7,10,12,14],"killed_by":"Shell Parasite","ascension_level":0}}