{"host":"i4eavuqabbk5mi94","time":1609863956,"event":{"mods":["BaseMod","Googly Eyes","Minty Spire (QoL Compilation)"],"gold_per_floor":[109,109,184,202,202,242,192,192,192,367,408,408,149,49,49,214,214,227,227,227,241,52,52,52,111,135,135,135,135],"floor_reached":28,"playtime":1017,"items_purged":["Doubt","Strike_G"],"score":324,"play_id":"7f119f5f-47cd-4f47-9223-09665a7eeca1","local_time":"20210105162556","is_ascension_mode":true,"campfire_choices":[{"data":"Terror","floor":8,"key":"SMITH"},{"data":"Neutralize","floor":12,"key":"SMITH"},{"data":"Poisoned Stab","floor":15,"key":"SMITH"},{"data":"Envenom","floor":23,"key":"SMITH"},{"data":"Footwork","floor":27,"key":"SMITH"}],"circlet_count":0,"master_deck":["Survivor","Neutralize+1","Terror+1","Slice","Deadly Poison","Poisoned Stab+1","HandOfGreed","Burst","Tools of the Trade","Setup","Envenom","Envenom+1","Blur","Bouncing Flask","Tools of the Trade","Dodge and Roll+1","Tools of the Trade","Expertise","Flechettes+1","Bane","Leg Sweep","Tactician","Footwork+1"],"relics":["Ring of the Snake","NeowsBlessing","Bloody Idol","Boot","InkBottle","CaptainsWheel","Bird Faced Urn","Pandora\u0027s Box","Anchor","Orichalcum"],"acts_visited":["Exordium","TheCity"],"potions_floor_usage":[11,11,11,16,16],"damage_taken":[{"damage":0,"enemies":"Jaw Worm","floor":1,"turns":1},{"damage":0,"enemies":"Small Slimes","floor":4,"turns":1},{"damage":0,"enemies":"3 Sentries","floor":6,"turns":1},{"damage":0,"enemies":"Gremlin Nob","floor":11,"turns":4},{"damage":58,"enemies":"Slime Boss","floor":16,"turns":14},{"damage":15,"enemies":"2 Thieves","floor":18,"turns":4},{"damage":18,"enemies":"Chosen","floor":21,"turns":5},{"damage":14,"enemies":"3 Cultists","floor":25,"turns":7},{"damage":83,"enemies":"Gremlin Leader","floor":28,"turns":8}],"seed_played":"8681668322622950822","potions_obtained":[{"floor":1,"key":"EntropicBrew"},{"floor":11,"key":"Weak Potion"}],"is_trial":false,"path_per_floor":["M","?","?","M","T","E","?","R","T","?","E","R","$","$","R","B",null,"M","?","?","M","$","R","?","M","T","R","E"],"character_chosen":"THE_SILENT","items_purchased":["HandOfGreed","Bane","Leg Sweep","Tactician"],"campfire_rested":0,"item_purchase_floors":[13,22,22,22],"current_hp_per_floor":[70,70,59,59,59,59,59,59,59,59,59,59,59,59,59,13,70,57,57,57,50,50,50,50,57,62,62,0,0],"gold":135,"neow_bonus":"THREE_ENEMY_KILL","is_daily":false,"chose_seed":false,"campfire_upgraded":5,"win_rate":0.0,"timestamp":1609863956,"path_taken":["M","?","?","M","?","E","?","R","T","?","E","R","?","$","R","BOSS","M","?","?","M","$","R","?","M","T","R","E"],"items_purchased_type":["Card","Card","Card","Card"],"build_version":"2020-12-22","purchased_purges":2,"victory":false,"max_hp_per_floor":[70,70,70,70,70,70,70,70,70,70,70,70,70,70,70,70,70,70,70,70,70,70,70,70,70,70,70,70,70],"card_choices":[{"not_picked":["Expertise","Dodge and Roll"],"picked":"Terror","floor":1},{"not_picked":["Finisher","Riddle With Holes"],"picked":"Slice","floor":4},{"not_picked":["Quick Slash","Deflect"],"picked":"Deadly Poison","floor":6},{"not_picked":["Calculated Gamble","Backflip"],"picked":"Poisoned Stab","floor":11},{"not_picked":["Doppelganger","Grand Finale"],"picked":"Burst","floor":16},{"not_picked":["Sucker Punch","Flying Knee+1"],"picked":"Dodge and Roll+1","floor":18},{"not_picked":["Quick Slash","Eviscerate"],"picked":"Flechettes+1","floor":21},{"not_picked":["Bane+1","Poisoned Stab"],"picked":"Footwork","floor":25}],"player_experience":373866,"relics_obtained":[{"floor":5,"key":"Boot"},{"floor":6,"key":"InkBottle"},{"floor":9,"key":"CaptainsWheel"},{"floor":11,"key":"Bird Faced Urn"},{"floor":26,"key":"Orichalcum"}],"event_choices":[{"damage_healed":0,"gold_gain":0,"player_choice":"Take Wound","damage_taken":0,"relics_obtained":["Golden Idol"],"max_hp_gain":0,"max_hp_loss":0,"event_name":"Golden Idol","floor":2,"gold_loss":0,"cards_obtained":["Injury"]},{"damage_healed":0,"gold_gain":75,"player_choice":"Gather Gold","damage_taken":11,"max_hp_gain":0,"max_hp_loss":0,"event_name":"World of Goop","floor":3,"gold_loss":0},{"cards_removed":["Injury"],"damage_healed":0,"gold_gain":0,"player_choice":"Card Removal","damage_taken":0,"max_hp_gain":0,"max_hp_loss":0,"event_name":"The Cleric","floor":7,"gold_loss":50},{"damage_healed":0,"gold_gain":175,"player_choice":"AGREE","damage_taken":0,"max_hp_gain":0,"max_hp_loss":0,"event_name":"Liars Game","floor":10,"gold_loss":0,"cards_obtained":["Doubt"]},{"damage_healed":0,"gold_gain":0,"cards_transformed":["Night Terror","Blur"],"player_choice":"Became Test Subject","damage_taken":0,"max_hp_gain":0,"max_hp_loss":0,"event_name":"Drug Dealer","floor":19,"gold_loss":0,"cards_obtained":["Tools of the Trade","Expertise"]},{"damage_healed":0,"gold_gain":0,"player_choice":"Gave Idol","damage_taken":0,"relics_obtained":["Bloody Idol"],"max_hp_gain":0,"max_hp_loss":0,"event_name":"Forgotten Altar","floor":20,"relics_lost":["Golden Idol"],"gold_loss":0},{"damage_healed":0,"gold_gain":0,"player_choice":"Opened","damage_taken":0,"relics_obtained":["Anchor"],"max_hp_gain":0,"max_hp_loss":0,"event_name":"The Mausoleum","floor":24,"gold_loss":0}],"is_beta":false,"boss_relics":[{"not_picked":["Velvet Choker","Fusion Hammer"],"picked":"Pandora\u0027s Box"}],"items_purged_floors":[13,14],"is_endless":false,"potions_floor_spawned":[1,11],"killed_by":"Gremlin Leader","ascension_level":4}}