{"host":"htqwg582tjjtn9p7","time":1609857418,"event":{"mods":["2.2 Compatiblity","AchievementEnabler","Act Like it!","Aspiration","BaseMod","Better Third Choice","Colored Map","Conspire","Curses Come First","Displayed Cursed Tome","Energized Spire","Force Act Four","GifTheSpireLib","Hermit","Highlight Path","JesterMod","Mad Scientist","Minty Spire (QoL Compilation)","Pale of the Ancients","Permanent Neow","Random Character Button","Relic Stats","Replay The Spire","Robot Space Explorer","Somnambulant","Spicy Shops","Spikes Relics","StSLib","Stuff the Spire","The Blue Laboratory","The Disciple","The Dragon Tamer","The Forsaken","The Gatherer","The Judge","The Jungle","The Marked","The Runesmith","The Servant 0.9.4","Uncapped"],"gold_per_floor":[113,129,129,2,20,51,51,62,113,129,129,158,178,213,213,287,287,300,300,310,327,327,327],"floor_reached":22,"playtime":1008,"items_purged":["Pain"],"score":361,"play_id":"bbdca907-8db8-439b-97c2-07e89a33b181","local_time":"20210105153658","is_ascension_mode":true,"campfire_choices":[{"floor":7,"key":"REST"},{"floor":11,"key":"REST"},{"floor":15,"key":"REST"}],"circlet_count":0,"master_deck":["AscendersBane","Strike_G","Strike_G","Strike_G","Strike_G","Strike_G","Defend_G","Defend_G","Defend_G","Defend_G","Defend_G","Survivor","Neutralize","Writhe","After Image","Hidden Blade","StuffTheSpire:Injection","Dagger Throw","Underhanded Strike","Terror+1","Envenom","Replay:Bag of Tricks+1","A Thousand Cuts","Dodge and Roll+1","Reflex+1","Cloak And Dagger+1"],"relics":["Ring of the Snake","WarpedTongs","Orichalcum","Blue Doll","Toxic Egg 2","StuffTheSpire:Experiment12","conspire:SpecialSausage","Girya"],"acts_visited":["Exordium","TheCity"],"potions_floor_usage":[6,6,10,14,16],"damage_taken":[{"damage":1,"enemies":"2 Louse","floor":1,"turns":4},{"damage":2,"enemies":"Cultist","floor":2,"turns":6},{"damage":0,"enemies":"Jaw Worm","floor":5,"turns":5},{"damage":8,"enemies":"Lagavulin","floor":6,"turns":8},{"damage":20,"enemies":"Exordium Wildlife","floor":8,"turns":7},{"damage":14,"enemies":"Large Slime","floor":10,"turns":7},{"damage":24,"enemies":"3 Sentries","floor":12,"turns":7},{"damage":9,"enemies":"3 Louse","floor":13,"turns":3},{"damage":16,"enemies":"Lagavulin","floor":14,"turns":6},{"damage":2,"enemies":"Hexaghost","floor":16,"turns":9},{"damage":10,"enemies":"3 Byrds","floor":18,"turns":7},{"damage":10,"enemies":"Chosen","floor":21,"turns":6},{"damage":0,"enemies":"Masked Bandits","floor":22,"turns":1}],"seed_played":"-5895264198872144745","potions_obtained":[{"floor":2,"key":"blueLaboratory:HorrorPotion"},{"floor":6,"key":"Explosive Potion"},{"floor":12,"key":"Elixir"},{"floor":13,"key":"Energy Potion"},{"floor":14,"key":"ColorlessPotion"}],"is_trial":false,"path_per_floor":["M","M","?","$","M","E","R","M","T","M","R","E","M","E","R","B",null,"M","?","?","M","?"],"character_chosen":"THE_SILENT","items_purchased":["blueLaboratory:ArtistsPotion"],"campfire_rested":3,"item_purchase_floors":[4],"current_hp_per_floor":[58,56,56,56,56,48,66,46,46,32,51,27,18,2,21,19,54,44,44,18,8,8,8],"gold":327,"neow_bonus":"THREE_RARE_CARDS","is_daily":false,"chose_seed":false,"campfire_upgraded":0,"win_rate":0.0,"timestamp":1609857418,"path_taken":["M","M","?","$","?","E","R","?","T","M","R","E","M","E","R","BOSS","M","?","?","M","?"],"items_purchased_type":["Potion"],"build_version":"2020-12-22","purchased_purges":1,"victory":false,"max_hp_per_floor":[66,66,66,66,66,66,66,66,66,66,66,66,66,66,66,66,66,66,66,66,66,66,66],"relic_stats":{"counters":[13,76],"Orichalcum":[24],"obtain_stats":[{"StuffTheSpire:Experiment12":14,"Girya":20,"Blue Doll":9,"conspire:SpecialSausage":17,"Orichalcum":6,"Toxic Egg 2":12,"Ring of the Snake":0,"WarpedTongs":3},{"StuffTheSpire:Experiment12":9,"Girya":11,"Blue Doll":5,"conspire:SpecialSausage":10,"Orichalcum":4,"Toxic Egg 2":7,"Ring of the Snake":0,"WarpedTongs":2},{"StuffTheSpire:Experiment12":53,"Girya":69,"Blue Doll":30,"conspire:SpecialSausage":62,"Orichalcum":23,"Toxic Egg 2":44,"Ring of the Snake":0,"WarpedTongs":10}],"Ring of the Snake":[26],"WarpedTongs":[66]},"card_choices":[{"not_picked":["Venomology","Die Die Die"],"picked":"After Image","floor":0},{"not_picked":["Flechettes","Calculated Gamble"],"picked":"Hidden Blade","floor":1},{"not_picked":["Pace","Riddle With Holes"],"picked":"StuffTheSpire:Injection","floor":2},{"not_picked":["Setup","Poisoned Stab","conspire:PoisonWeapons"],"picked":"SKIP","floor":5},{"not_picked":["Toxin Wave","Deadly Poison","Outmaneuver"],"picked":"SKIP","floor":6},{"not_picked":["Toxin Wave","Eviscerate"],"picked":"Dagger Throw","floor":8},{"not_picked":["Sucker Punch","Dagger Spray"],"picked":"Underhanded Strike","floor":10},{"not_picked":["StuffTheSpire:Repulse+1","PiercingWail+1"],"picked":"Terror+1","floor":12},{"not_picked":["StuffTheSpire:Fury+1","Setup+1"],"picked":"Envenom","floor":13},{"not_picked":["StuffTheSpire:BumpUp","Outmaneuver+1"],"picked":"Replay:Bag of Tricks+1","floor":14},{"not_picked":["Burst+1","Wraith Form v2"],"picked":"A Thousand Cuts","floor":16},{"not_picked":["Fluid Movement","Crippling Poison+1"],"picked":"Dodge and Roll+1","floor":18},{"not_picked":["Deflect+1","Tactician+1"],"picked":"Reflex+1","floor":20},{"not_picked":["Toxin Wave+1","Catalyst+1"],"picked":"Cloak And Dagger+1","floor":21}],"player_experience":1886370,"relics_obtained":[{"floor":6,"key":"Orichalcum"},{"floor":9,"key":"Blue Doll"},{"floor":12,"key":"Toxic Egg 2"},{"floor":14,"key":"StuffTheSpire:Experiment12"},{"floor":20,"key":"Girya"}],"event_choices":[{"damage_healed":0,"gold_gain":0,"player_choice":"Rummage","damage_taken":0,"relics_obtained":["WarpedTongs"],"max_hp_gain":0,"max_hp_loss":0,"event_name":"Accursed Blacksmith","floor":3,"gold_loss":0,"cards_obtained":["Pain"]},{"damage_healed":0,"gold_gain":0,"player_choice":"Ignored","damage_taken":0,"max_hp_gain":0,"max_hp_loss":0,"event_name":"Ghosts","floor":19,"gold_loss":0},{"damage_healed":0,"gold_gain":0,"player_choice":"Fought Bandits","damage_taken":0,"max_hp_gain":0,"max_hp_loss":0,"event_name":"Masked Bandits","floor":22,"gold_loss":0}],"is_beta":false,"boss_relics":[{"not_picked":["Coffee Dripper","Replay:Bronze Core"],"picked":"conspire:SpecialSausage"}],"items_purged_floors":[4],"is_endless":false,"potions_floor_spawned":[2,6,12,13,14],"killed_by":"Masked Bandits","ascension_level":15}}