{"host":"za51qju8r56bcr85","time":1609856334,"event":{"mods":["Act Like it!","BaseMod","Block Reminder","Googly Eyes","Minty Spire (QoL Compilation)","Quick Restart","Relic Sorter","Relic Stats","Shop Mod","StSLib","SuperFastMode"],"gold_per_floor":[119,138,63,79,79,79,96,96,96,21,93,110,110,141,141,235,235,260,260,298,312,155,155,178,178,178,212,236,236,255,290,290,384,384,407,428,353,228,241,282,282,301,301,345,345,365,408,432,432,432,432,432,432,65,117,117],"floor_reached":57,"playtime":1920,"items_purged":["Strike_R","Strike_R","Strike_R"],"score":2764,"play_id":"31112a74-e197-4230-aa9f-281e8d71932b","local_time":"20210105221853","is_ascension_mode":true,"campfire_choices":[{"data":"Rupture","floor":6.0,"key":"SMITH"},{"data":"Bloodletting","floor":8.0,"key":"SMITH"},{"data":"Shockwave","floor":15.0,"key":"SMITH"},{"floor":23.0,"key":"REST"},{"data":"Limit Break","floor":25.0,"key":"SMITH"},{"floor":29.0,"key":"REST"},{"floor":32.0,"key":"REST"},{"data":"Shrug It Off","floor":41.0,"key":"SMITH"},{"data":"1","floor":45,"key":"LIFT"},{"floor":49,"key":"RECALL"},{"data":"Dark Embrace","floor":53,"key":"SMITH"}],"circlet_count":0,"master_deck":["AscendersBane","Defend_R","Defend_R","Defend_R","Defend_R","Bash","Rupture+1","Bloodletting+1","Combust","Sword Boomerang","Shockwave+1","Second Wind","Limit Break+1","Shrug It Off+1","Pommel Strike+1","Reaper+1","Limit Break","Disarm","Evolve","Dark Embrace+1","Shrug It Off+1","Dual Wield","Battle Trance","Warcry+1"],"relics":["Burning Blood","Incense Burner","Frozen Eye","Blood Vial","Golden Idol","Molten Egg 2","Red Mask","Pear","Turnip","Vajra","Black Star","Strawberry","Ornamental Fan","Girya","Lantern","FossilizedHelix","CaptainsWheel","CeramicFish","Orrery","Bag of Preparation","Self Forming Clay","StrikeDummy"],"acts_visited":["Exordium","TheCity","TheBeyond","TheEnding"],"potions_floor_usage":[47,56,56],"damage_taken":[{"damage":1.0,"enemies":"Cultist","floor":1.0,"turns":3.0},{"damage":7.0,"enemies":"2 Louse","floor":2.0,"turns":3.0},{"damage":10.0,"enemies":"Jaw Worm","floor":4.0,"turns":2.0},{"damage":13.0,"enemies":"Looter","floor":7.0,"turns":4.0},{"damage":21.0,"enemies":"3 Louse","floor":12.0,"turns":4.0},{"damage":14.0,"enemies":"3 Sentries","floor":14.0,"turns":5.0},{"damage":24.0,"enemies":"Slime Boss","floor":16.0,"turns":7.0},{"damage":7.0,"enemies":"Chosen","floor":18.0,"turns":4.0},{"damage":25.0,"enemies":"Masked Bandits","floor":20.0,"turns":4.0},{"damage":22.0,"enemies":"Shell Parasite","floor":21.0,"turns":7.0},{"damage":17.0,"enemies":"Centurion and Healer","floor":24.0,"turns":10.0},{"damage":36.0,"enemies":"Book of Stabbing","floor":27.0,"turns":5.0},{"damage":3.0,"enemies":"Snake Plant","floor":28.0,"turns":4.0},{"damage":19.0,"enemies":"Chosen and Byrds","floor":30.0,"turns":5.0},{"damage":31.0,"enemies":"Gremlin Leader","floor":31.0,"turns":4.0},{"damage":54.0,"enemies":"Collector","floor":33.0,"turns":6.0},{"damage":18.0,"enemies":"3 Shapes","floor":35.0,"turns":7.0},{"damage":27.0,"enemies":"Orb Walker","floor":36.0,"turns":5.0},{"damage":29.0,"enemies":"Spire Growth","floor":39.0,"turns":4.0},{"damage":41.0,"enemies":"Nemesis","floor":40.0,"turns":7.0},{"damage":5,"enemies":"Jaw Worm Horde","floor":42,"turns":3},{"damage":18,"enemies":"Giant Head","floor":44,"turns":6},{"damage":46,"enemies":"3 Darklings","floor":46,"turns":3},{"damage":18,"enemies":"Nemesis","floor":47,"turns":5},{"damage":0,"enemies":"Writhing Mass","floor":48,"turns":1},{"damage":65,"enemies":"Donu and Deca","floor":50,"turns":7},{"damage":69,"enemies":"Awakened One","floor":51,"turns":6},{"damage":98,"enemies":"Shield and Spear","floor":55,"turns":11},{"damage":70,"enemies":"The Heart","floor":56,"turns":8}],"seed_played":"222062491366036625","potions_obtained":[{"floor":14.0,"key":"BlessingOfTheForge"},{"floor":16.0,"key":"Energy Potion"},{"floor":24.0,"key":"Energy Potion"},{"floor":27.0,"key":"DistilledChaos"},{"floor":30.0,"key":"Weak Potion"},{"floor":31.0,"key":"LiquidBronze"},{"floor":36.0,"key":"Explosive Potion"},{"floor":42,"key":"SkillPotion"},{"floor":46,"key":"ColorlessPotion"}],"is_trial":false,"path_per_floor":["M","M","$","M","?","R","M","R","T","?","T","M","?","E","R","B",null,"M","?","?","M","$","R","M","R","T","E","M","R","M","E","R","B",null,"M","M","?","$","M","E","R","M","T","E","R","M","E","M","R","B","B",null,"R","$","E","B",null],"character_chosen":"IRONCLAD","items_purchased":["Pommel Strike+1","Orrery","Bag of Preparation","BloodPotion"],"campfire_rested":3,"item_purchase_floors":[22,54,54,54],"current_hp_per_floor":[68,67,67,63,68,68,61,61,61,61,61,48,48,42,42,26,56,57,57,40,26,26,45,36,36,46,18,23,45,34,11,33,26,64,76,71,71,71,50,24,24,27,27,55,55,17,83,83,83,83,20,67,67,67,67,83],"gold":117,"neow_bonus":"ONE_RARE_RELIC","is_daily":false,"chose_seed":false,"campfire_upgraded":6,"win_rate":0.0,"timestamp":1609856333,"path_taken":["M","M","$","M","?","R","M","R","T","?","?","M","?","E","R","BOSS","M","?","?","M","$","R","M","R","T","E","M","R","M","E","R","BOSS","M","M","?","$","M","E","R","M","T","E","R","M","E","M","R","BOSS","BOSS","R","$","E","BOSS"],"items_purchased_type":["Card","Relic","Relic","Potion"],"build_version":"2020-12-22","purchased_purges":3,"victory":true,"max_hp_per_floor":[68,68,68,68,73,73,73,73,73,73,73,73,66,66,66,66,66,66,66,66,66,66,66,66,66,76,76,76,76,76,76,76,76,76,76,76,76,76,76,83,83,83,83,83,83,83,83,83,83,83,83,83,83,83,83,83],"relic_stats":{"Blood Vial":42,"counters":[29,150],"Golden Idol":200,"Ornamental Fan":[8],"Self Forming Clay":[93],"CeramicFish":36,"Turnip":[11],"Black Star":4,"Bag of Preparation":[4],"obtain_stats":[{"Girya":43,"Lantern":44,"Pear":26,"Golden Idol":13,"Self Forming Clay":55,"CeramicFish":47,"Vajra":31,"Incense Burner":0,"Bag of Preparation":54,"Burning Blood":0,"Blood Vial":9,"Frozen Eye":1,"Runic Dome":17,"CaptainsWheel":47,"Ornamental Fan":40,"Strawberry":40,"Orrery":54,"Molten Egg 2":14,"Turnip":27,"Red Mask":20,"Black Star":34,"StrikeDummy":55,"FossilizedHelix":44},{"Girya":21,"Lantern":22,"Pear":11,"Golden Idol":5,"Self Forming Clay":28,"CeramicFish":24,"Vajra":15,"Incense Burner":0,"Bag of Preparation":27,"Burning Blood":0,"Blood Vial":4,"Frozen Eye":1,"Runic Dome":7,"CaptainsWheel":24,"Ornamental Fan":20,"Strawberry":20,"Orrery":27,"Molten Egg 2":6,"Turnip":12,"Red Mask":9,"Black Star":16,"StrikeDummy":28,"FossilizedHelix":22},{"Girya":103,"Lantern":109,"Pear":53,"Golden Idol":16,"Self Forming Clay":142,"CeramicFish":117,"Vajra":71,"Incense Burner":0,"Bag of Preparation":131,"Burning Blood":0,"Blood Vial":12,"Frozen Eye":1,"Runic Dome":28,"CaptainsWheel":117,"Ornamental Fan":100,"Strawberry":100,"Orrery":131,"Molten Egg 2":21,"Turnip":58,"Red Mask":36,"Black Star":77,"StrikeDummy":142,"FossilizedHelix":109}],"Burning Blood":145},"card_choices":[{"not_picked":["Perfected Strike","Anger"],"picked":"Rupture","floor":1.0},{"not_picked":["Sword Boomerang","Body Slam"],"picked":"Bloodletting","floor":2.0},{"not_picked":["Whirlwind","Headbutt"],"picked":"Combust","floor":4.0},{"not_picked":["Perfected Strike","Thunderclap"],"picked":"Sword Boomerang","floor":7.0},{"not_picked":["Armaments","Pummel"],"picked":"Shockwave","floor":12.0},{"not_picked":["True Grit","Feel No Pain"],"picked":"Second Wind","floor":14.0},{"not_picked":["Brutality","Impervious"],"picked":"Limit Break","floor":16.0},{"not_picked":["Body Slam+1","Clothesline+1"],"picked":"Shrug It Off","floor":18.0},{"not_picked":["Shrug It Off","Warcry","Sever Soul+1"],"picked":"SKIP","floor":21.0},{"not_picked":["Thunderclap+1","Clothesline+1","Flex"],"picked":"SKIP","floor":24.0},{"not_picked":["Heavy Blade+1","Body Slam+1","Metallicize"],"picked":"SKIP","floor":27.0},{"not_picked":["Warcry","Shockwave","Headbutt+1"],"picked":"SKIP","floor":28.0},{"not_picked":["Wild Strike+1","Twin Strike+1","Cleave+1"],"picked":"SKIP","floor":30.0},{"not_picked":["Reckless Charge+1","Dark Embrace"],"picked":"Reaper+1","floor":31.0},{"not_picked":["Fiend Fire+1","Juggernaut"],"picked":"Limit Break","floor":33.0},{"not_picked":["Heavy Blade+1","Reckless Charge+1","Twin Strike+1"],"picked":"SKIP","floor":35.0},{"not_picked":["Clash+1","Havoc","Perfected Strike+1"],"picked":"SKIP","floor":36.0},{"not_picked":["Pommel Strike+1","Armaments+1"],"picked":"Disarm","floor":39.0},{"not_picked":["Armaments","Flex"],"picked":"Evolve","floor":40.0},{"not_picked":["Whirlwind+1","Perfected Strike+1"],"picked":"Dark Embrace","floor":42},{"not_picked":["Twin Strike+1","Rampage+1","Cleave+1"],"picked":"SKIP","floor":44},{"not_picked":["Evolve+1","Carnage+1","Thunderclap+1"],"picked":"SKIP","floor":46},{"not_picked":["Warcry","Body Slam+1"],"picked":"Shrug It Off+1","floor":47},{"not_picked":["Berserk","Shrug It Off+1","Pommel Strike+1"],"picked":"SKIP","floor":48},{"not_picked":["Combust+1","Intimidate"],"picked":"Dual Wield","floor":54},{"not_picked":["Infernal Blade","Pommel Strike+1"],"picked":"Battle Trance","floor":54},{"not_picked":["Feed+1","Seeing Red+1"],"picked":"Warcry+1","floor":55}],"player_experience":1342159,"relics_obtained":[{"floor":9.0,"key":"Blood Vial"},{"floor":14.0,"key":"Molten Egg 2"},{"floor":20.0,"key":"Red Mask"},{"floor":26.0,"key":"Pear"},{"floor":27.0,"key":"Turnip"},{"floor":31.0,"key":"Vajra"},{"floor":40.0,"key":"Strawberry"},{"floor":40.0,"key":"Ornamental Fan"},{"floor":43,"key":"Girya"},{"floor":44,"key":"Lantern"},{"floor":44,"key":"FossilizedHelix"},{"floor":47,"key":"CaptainsWheel"},{"floor":47,"key":"CeramicFish"},{"floor":55,"key":"Self Forming Clay"},{"floor":55,"key":"StrikeDummy"}],"event_choices":[{"damage_healed":0.0,"max_hp_gain":5.0,"max_hp_loss":0.0,"gold_gain":0.0,"event_name":"Big Fish","player_choice":"Donut","floor":5.0,"gold_loss":0.0,"damage_taken":0.0},{"cards_removed":["Strike_R"],"damage_healed":0.0,"max_hp_gain":0.0,"max_hp_loss":0.0,"gold_gain":0.0,"event_name":"The Cleric","player_choice":"Card Removal","floor":10.0,"gold_loss":75.0,"damage_taken":0.0},{"damage_healed":0.0,"max_hp_gain":0.0,"max_hp_loss":7.0,"gold_gain":0.0,"event_name":"Golden Idol","player_choice":"Lose Max HP","floor":13.0,"gold_loss":0.0,"damage_taken":0.0,"relics_obtained":["Golden Idol"]},{"damage_healed":0.0,"max_hp_gain":0.0,"max_hp_loss":0.0,"gold_gain":0.0,"event_name":"Vampires","player_choice":"Ignored","floor":19.0,"gold_loss":0.0,"damage_taken":0.0},{"damage_healed":0.0,"max_hp_gain":0.0,"max_hp_loss":0.0,"gold_gain":0.0,"event_name":"Masked Bandits","player_choice":"Fought Bandits","floor":20.0,"gold_loss":0.0,"damage_taken":0.0},{"cards_removed":["Strike_R"],"damage_healed":0.0,"max_hp_gain":0.0,"max_hp_loss":0.0,"gold_gain":0.0,"event_name":"Designer","player_choice":"Single Remove","floor":37.0,"gold_loss":75.0,"damage_taken":0.0}],"is_beta":false,"boss_relics":[{"not_picked":["Cursed Key","Busted Crown"],"picked":"Runic Dome"},{"not_picked":["Runic Cube","Sozu"],"picked":"Black Star"}],"items_purged_floors":[3,22,38],"is_endless":false,"potions_floor_spawned":[14,16,24,27,30,31,36,40,42,46],"ascension_level":20}}