{"host":"ik8ww1p4uabx5gam","time":1609805526,"event":{"mods":["Always Whale","Aspiration","BaseMod","Better Third Choice","BetterRewards","Colored Map","Conspire","Energized Spire","FetchMod","Hubris","Infinite Spire","Jedi Mod","Minty Spire (QoL Compilation)","Random Character Button","Replay The Spire","Shop Mod","Spicy Shops","Spikes Relics","StSLib","The Blue Laboratory","The Marked","Wandering Minibosses","??????REMEMod"],"gold_per_floor":[117,318,328,344,50,50,63,63,90,90,90,104,118,133,133,238,238,255,354,374,374,400,400,413,413,413,461,118,118,118],"floor_reached":29,"playtime":1176,"items_purged":["theMarked:Strike"],"score":267,"play_id":"3b85eddc-19a8-4e71-890a-75426bf87a0c","local_time":"20210104181206","is_ascension_mode":false,"campfire_choices":[{"data":"theMarked:MysticalArsenal","floor":6,"key":"SMITH"},{"data":"theMarked:BanishingWave","floor":8,"key":"SMITH"},{"data":"theMarked:Improvise","floor":11,"key":"SMITH"},{"data":"theMarked:SuspiciousRaven","floor":15,"key":"SMITH"},{"data":"theMarked:KeepCalmAndFightOn","floor":23,"key":"SMITH"}],"circlet_count":0,"master_deck":["theMarked:Strike","theMarked:Strike","theMarked:Strike","theMarked:Strike","theMarked:Defend","theMarked:Defend","theMarked:Defend","theMarked:Defend","theMarked:SoldierOfQuellstein+1","theMarked:Improvise+1","theMarked:MysticalArsenal+1","theMarked:PowerFlow","theMarked:Polarize","theMarked:BanishingWave+1","theMarked:RepellingDischarge","theMarked:EmpowerWeapon","theMarked:SuspiciousRaven+1","hubris:CleavingFinish","theMarked:ElementalBlade+1","theMarked:WardOff","theMarked:KeepCalmAndFightOn+1","J.A.X.","theMarked:BindingBlade","REME_Flogging","REME_MagicPocketWatch"],"relics":["theMarked:ArtifactOfAir","REME_ComplimentaryCards","HandDrill","aspiration:KaomsHeart"],"acts_visited":["Exordium","TheCity"],"potions_floor_usage":[13,20,24,24,27],"damage_taken":[{"damage":0,"enemies":"conspire:RoseBush","floor":1,"turns":3},{"damage":0,"enemies":"2 Louse","floor":3,"turns":2},{"damage":5,"enemies":"Small Slimes","floor":4,"turns":3},{"damage":19,"enemies":"Exordium Thugs","floor":7,"turns":5},{"damage":7,"enemies":"Blue Slaver","floor":12,"turns":3},{"damage":21,"enemies":"Large Slime","floor":13,"turns":7},{"damage":7,"enemies":"2 Fungi Beasts","floor":14,"turns":3},{"damage":35,"enemies":"Slime Boss","floor":16,"turns":7},{"damage":2,"enemies":"Chosen","floor":18,"turns":5},{"damage":27,"enemies":"conspire:FuzzyDice","floor":20,"turns":4},{"damage":44,"enemies":"Masked Bandits","floor":22,"turns":4},{"damage":44,"enemies":"Snecko","floor":24,"turns":6},{"damage":47,"enemies":"Snake Plant","floor":27,"turns":5},{"damage":10,"enemies":"Sentry and Sphere","floor":29,"turns":4}],"seed_played":"2194607008176633243","potions_obtained":[{"floor":3,"key":"blueLaboratory:LouseDecoction"},{"floor":4,"key":"SpeedPotion"},{"floor":16,"key":"GamblersBrew"},{"floor":22,"key":"SpeedPotion"},{"floor":24,"key":"REME_GoldPotion"}],"is_trial":false,"path_per_floor":["M","?","M","M","$","R","M","R","T","?","R","M","M","M","R","B",null,"M","?","M","?","?","R","M","?","T","M","$","M"],"character_chosen":"THE_DEFAULT","items_purchased":["HandDrill","aspiration:KaomsHeart","REME_Flogging","REME_MagicPocketWatch"],"campfire_rested":0,"item_purchase_floors":[5,5,28,28],"current_hp_per_floor":[70,42,42,37,137,137,118,118,118,118,118,111,90,83,83,48,170,168,168,141,141,97,97,53,53,53,6,6,0,0],"gold":118,"neow_bonus":"UPGRADE_CARD","is_daily":false,"chose_seed":false,"campfire_upgraded":5,"win_rate":0.0,"timestamp":1609805526,"path_taken":["M","?","M","M","$","R","M","R","T","?","R","M","M","M","R","BOSS","M","?","M","?","?","R","M","?","T","?","?","M"],"items_purchased_type":["Relic","Relic","Card","Card"],"build_version":"2020-12-22","purchased_purges":1,"victory":false,"max_hp_per_floor":[70,70,70,70,170,170,170,170,170,170,170,170,170,170,170,170,170,170,170,170,170,170,170,170,170,170,170,170,170,170],"card_choices":[{"not_picked":["theMarked:Panic","theMarked:ComboAttacks"],"picked":"theMarked:Improvise","floor":1},{"not_picked":["theMarked:HeritageOfTheMarked","theMarked:KeepCalmAndFightOn"],"picked":"theMarked:MysticalArsenal","floor":2},{"not_picked":["theMarked:EmpowerWeapon","theMarked:SwordAndMagic"],"picked":"theMarked:PowerFlow","floor":3},{"not_picked":["theMarked:WastefulAttack","theMarked:WardOff"],"picked":"theMarked:Polarize","floor":4},{"not_picked":["theMarked:Parkour","theMarked:WastefulDefense"],"picked":"theMarked:BanishingWave","floor":7},{"not_picked":["theMarked:HeritageOfTheMarked","theMarked:Improvise"],"picked":"theMarked:RepellingDischarge","floor":12},{"not_picked":["theMarked:WastefulAttack","theMarked:HeightenedSenses"],"picked":"theMarked:EmpowerWeapon","floor":13},{"not_picked":["theMarked:Parry","theMarked:Aftermath"],"picked":"theMarked:SuspiciousRaven","floor":14},{"not_picked":["theMarked:StartUp","theMarked:Polarize"],"picked":"theMarked:ElementalBlade+1","floor":18},{"not_picked":["theMarked:Overthink","theMarked:Frustration+1"],"picked":"theMarked:WardOff","floor":20},{"not_picked":["theMarked:MaelstromOfLightning","theMarked:SelfDefenseTraining+1"],"picked":"theMarked:KeepCalmAndFightOn","floor":22},{"not_picked":["theMarked:Polarize+1","theMarked:WastefulAttack","theMarked:SwordAndMagic"],"picked":"SKIP","floor":24},{"not_picked":["theMarked:BanishingWave+1","theMarked:Parkour+1"],"picked":"theMarked:BindingBlade","floor":27}],"player_experience":934663,"relics_obtained":[{"floor":9,"key":"aspiration:KMNothing"},{"floor":22,"key":"Red Mask"},{"floor":26,"key":"aspiration:KMNothing"}],"event_choices":[{"damage_healed":0,"gold_gain":99,"player_choice":"Steal","damage_taken":0,"max_hp_gain":0,"max_hp_loss":0,"event_name":"betterThird:BetterNest","floor":19,"gold_loss":0},{"damage_healed":0,"gold_gain":0,"player_choice":"Leave","damage_taken":0,"max_hp_gain":0,"max_hp_loss":0,"event_name":"conspire:Investor","floor":21,"gold_loss":0},{"damage_healed":0,"gold_gain":0,"player_choice":"Fought Bandits","damage_taken":0,"max_hp_gain":0,"max_hp_loss":0,"event_name":"Masked Bandits","floor":22,"gold_loss":0},{"damage_healed":0,"gold_gain":0,"player_choice":"Obtain J.A.X.","damage_taken":0,"max_hp_gain":0,"max_hp_loss":0,"event_name":"Drug Dealer","floor":25,"gold_loss":0,"cards_obtained":["J.A.X."]}],"is_beta":false,"boss_relics":[{"not_picked":["aspiration:KMNothing","aspiration:KMNothing"],"picked":"aspiration:KMNothing"}],"items_purged_floors":[28],"is_endless":false,"potions_floor_spawned":[3,4,16,22,24],"killed_by":"Sentry and Sphere","ascension_level":0}}