{"host":"m5nzk5kedbsg0fp1","time":1609805943,"event":{"mods":["2.2 Compatiblity","Aspiration","BaseMod","Downfall","Glutton Mod","Hermit","Hubris","Infinite Spire","Minty Spire (QoL Compilation)","Random Character Button","Relic Sorter","Replay The Spire","StSLib","The Blackbeard","The Death Knight","The Jungle","The Necromancer","The Valiant","Treasure Hunter","vexMod"],"gold_per_floor":[110,110,124,49,65,65,65,90,117,117,152,130,130,143,143,143,143],"floor_reached":16,"playtime":659,"items_purged":[],"score":108,"play_id":"7bab3ba5-05da-4c6c-b571-682bd5238cf9","local_time":"20210104191903","is_ascension_mode":false,"campfire_choices":[{"floor":6,"key":"RECALL"},{"floor":13,"key":"REST"},{"floor":15,"key":"REST"}],"circlet_count":0,"master_deck":["Strike_B","Strike_B","Strike_B","Strike_B","Defend_B","Defend_B","Defend_B","Defend_B","Zap","Dualcast","Defragment","Ball Lightning","Crystallizer","Machine Learning","TH:CopperCoins","Go for the Eyes","TH:ArmorSpikes","TH:ArmorSpikes","Storm","Creative AI","Coolheaded"],"relics":["Cracked Core","vexMod:MemoryStick","aspiration:DSix","Dream Catcher","Prayer Wheel"],"acts_visited":["Exordium"],"potions_floor_usage":[5,8],"damage_taken":[{"damage":4,"enemies":"Cultist","floor":1,"turns":4},{"damage":0,"enemies":"infinitespire:Voidling","floor":3,"turns":3},{"damage":0,"enemies":"2 Louse","floor":5,"turns":2},{"damage":39,"enemies":"3 Sentries","floor":8,"turns":6},{"damage":26,"enemies":"Lagavulin","floor":11,"turns":6},{"damage":13,"enemies":"2 Fungi Beasts","floor":14,"turns":3},{"damage":38,"enemies":"The Guardian","floor":16,"turns":4}],"seed_played":"-7017516791660705646","potions_obtained":[{"floor":3,"key":"Explosive Potion"},{"floor":5,"key":"champ:CounterPotion"}],"is_trial":false,"path_per_floor":["M","?","M","$","M","R","$","E","T","?","E","?","R","M","R","B"],"character_chosen":"DEFECT","items_purchased":["Crystallizer"],"campfire_rested":2,"item_purchase_floors":[4],"current_hp_per_floor":[71,64,64,64,64,64,64,25,25,33,7,7,29,16,38,0,0],"gold":143,"neow_bonus":"RANDOM_COMMON_RELIC","is_daily":false,"chose_seed":false,"campfire_upgraded":0,"win_rate":0.0,"timestamp":1609805943,"path_taken":["M","?","?","$","M","R","$","E","T","?","E","?","R","M","R","BOSS"],"items_purchased_type":["Card"],"build_version":"2020-12-22","purchased_purges":0,"victory":false,"max_hp_per_floor":[75,75,75,75,75,75,75,75,75,75,75,75,75,75,75,75,75],"card_choices":[{"not_picked":["Hologram","Panic Button"],"picked":"Defragment","floor":1},{"not_picked":["Double Energy","BasicCrystalCard"],"picked":"Ball Lightning","floor":3},{"not_picked":["Compile Driver","Auto Shields"],"picked":"Machine Learning","floor":5},{"not_picked":["TH:Mimic"],"picked":"TH:CopperCoins","floor":8},{"not_picked":["Undo","Hologram"],"picked":"Go for the Eyes","floor":8},{"not_picked":["TH:EnergyPotion"],"picked":"TH:ArmorSpikes","floor":9},{"not_picked":["TH:EnergyPotion"],"picked":"TH:ArmorSpikes","floor":11},{"not_picked":["ReplayGash","Go for the Eyes"],"picked":"Storm","floor":11},{"not_picked":["Sunder","Rip and Tear"],"picked":"Creative AI","floor":13},{"not_picked":["Compile Driver","Turbo"],"picked":"Coolheaded","floor":14},{"not_picked":["Stack","Hologram"],"picked":"ReplayTheSpireMod:Fabricate Wheel","floor":15}],"player_experience":167807,"relics_obtained":[{"floor":8,"key":"aspiration:DSix"},{"floor":11,"key":"Dream Catcher"}],"event_choices":[{"damage_healed":0,"gold_gain":0,"player_choice":"Damaged","damage_taken":7,"max_hp_gain":0,"max_hp_loss":0,"event_name":"Wheel of Change","floor":2,"gold_loss":0},{"damage_healed":0,"gold_gain":0,"player_choice":"Left Gold","damage_taken":0,"max_hp_gain":0,"max_hp_loss":0,"event_name":"World of Goop","floor":12,"gold_loss":22}],"is_beta":false,"boss_relics":[],"items_purged_floors":[],"is_endless":false,"potions_floor_spawned":[3,5],"killed_by":"The Guardian","ascension_level":0}}