{"host":"6pgtslebjnyv5xmi","time":1609866352,"event":{"mods":["AchievementEnabler","BaseMod","Colored Map","Minty Spire (QoL Compilation)","Rare Cards Sparkle","StSLib","SuperFastMode","Td1madao Mod","everything is the same but u backflip on backflip"],"gold_per_floor":[114,39,59,59,59,84,16,29,29,29,49,62,62,62],"floor_reached":13,"playtime":552,"items_purged":["Decay"],"score":136,"play_id":"d3a686e4-a729-4460-adb8-caeb0ece02cd","local_time":"20210106020552","is_ascension_mode":true,"campfire_choices":[],"circlet_count":0,"master_deck":["AscendersBane","Strike_G","Strike_G+1","Strike_G","Strike_G","Strike_G+1","Defend_G+1","Defend_G","Defend_G","Defend_G","Defend_G","Survivor","Neutralize","Caltrops+1","Noxious Fumes","Footwork"],"relics":["Ring of the Snake","Thread and Needle","Kunai","Whetstone","Pen Nib"],"acts_visited":["Exordium"],"potions_floor_usage":[6,11,13],"damage_taken":[{"damage":0,"enemies":"2 Louse","floor":1,"turns":2},{"damage":0,"enemies":"Jaw Worm","floor":3,"turns":4},{"damage":44,"enemies":"3 Sentries","floor":6,"turns":13},{"damage":0,"enemies":"Cultist","floor":8,"turns":5},{"damage":0,"enemies":"2 Fungi Beasts","floor":11,"turns":3},{"damage":0,"enemies":"Looter","floor":12,"turns":4},{"damage":5,"enemies":"Gremlin Nob","floor":13,"turns":4}],"seed_played":"1916903722736092578","potions_obtained":[{"floor":1,"key":"FearPotion"},{"floor":8,"key":"Explosive Potion"},{"floor":12,"key":"Block Potion"}],"is_trial":false,"path_per_floor":["M","$","M","?","T","E","$","M","T","$","M","M","E"],"character_chosen":"THE_SILENT","items_purchased":["Footwork"],"campfire_rested":0,"item_purchase_floors":[7],"current_hp_per_floor":[63,63,63,49,49,5,5,5,5,5,5,5,0,0],"gold":62,"neow_bonus":"ONE_RARE_RELIC","is_daily":false,"chose_seed":false,"campfire_upgraded":0,"win_rate":0.0,"timestamp":1609866352,"path_taken":["M","$","M","?","?","E","$","M","T","?","?","M","E"],"items_purchased_type":["Card"],"build_version":"2020-12-22","purchased_purges":1,"victory":false,"max_hp_per_floor":[70,70,70,70,70,70,70,70,70,70,70,70,70,70],"card_choices":[{"not_picked":["Bane","Outmaneuver","Dash"],"picked":"SKIP","floor":1},{"not_picked":["Quick Slash","Underhanded Strike"],"picked":"Caltrops","floor":3},{"not_picked":["Glass Knife","Cloak And Dagger"],"picked":"Noxious Fumes","floor":6},{"not_picked":["Skewer","Catalyst","Finisher"],"picked":"SKIP","floor":8},{"not_picked":["Dash","Bouncing Flask","Quick Slash"],"picked":"SKIP","floor":11},{"not_picked":["Backflip","Underhanded Strike","Dagger Spray"],"picked":"SKIP","floor":12}],"player_experience":741527,"relics_obtained":[{"floor":5,"key":"Kunai"},{"floor":6,"key":"Whetstone"},{"floor":9,"key":"Pen Nib"}],"event_choices":[{"damage_healed":0,"gold_gain":0,"player_choice":"Entered Light","damage_taken":14,"max_hp_gain":0,"max_hp_loss":0,"event_name":"Shining Light","floor":4,"gold_loss":0,"cards_upgraded":["Caltrops","Defend_G"]}],"is_beta":false,"boss_relics":[],"items_purged_floors":[2],"is_endless":false,"potions_floor_spawned":[1,8,12],"killed_by":"Gremlin Nob","ascension_level":12}}