{"host":"aaqofma31c3gm2hj","time":1609849175,"event":{"mods":["BaseMod","Minty Spire (QoL Compilation)","Replay The Spire","Spicy Shops","StSLib"],"gold_per_floor":[367,367,379,392,392,392,407,58,58,58,130,142,142,142],"floor_reached":13,"playtime":214,"items_purged":[],"score":150,"play_id":"d2c3ca9f-2491-48ee-ac4d-a90072fcda36","local_time":"20210105201935","is_ascension_mode":true,"campfire_choices":[{"data":"Whirlwind","floor":6.0,"key":"SMITH"}],"circlet_count":0,"master_deck":["AscendersBane","Strike_R","Strike_R+1","Strike_R","Strike_R","Strike_R","Defend_R","Defend_R+1","Defend_R","Defend_R","Bash","Pommel Strike","Dual Wield","Whirlwind+1","Reaper","Shrug It Off","Warcry","Battle Trance","Purity+1"],"relics":["Burning Blood","CultistMask","Orrery","Question Card","Bronze Scales"],"acts_visited":["Exordium"],"potions_floor_usage":[13],"damage_taken":[{"damage":7.0,"enemies":"Small Slimes","floor":1.0,"turns":6.0},{"damage":1.0,"enemies":"Cultist","floor":3.0,"turns":3.0},{"damage":2.0,"enemies":"2 Louse","floor":4.0,"turns":3.0},{"damage":21.0,"enemies":"Blue Slaver","floor":7.0,"turns":5.0},{"damage":0,"enemies":"3 Louse","floor":12,"turns":1},{"damage":12,"enemies":"3 Sentries","floor":13,"turns":3}],"seed_played":"-4619685019093240323","potions_obtained":[{"floor":4.0,"key":"Adrenaline Potion"}],"is_trial":false,"path_per_floor":["M","?","M","M","?","R","M","$","T","?","?","M","E"],"character_chosen":"IRONCLAD","items_purchased":["Apotheosis","Orrery"],"campfire_rested":0,"item_purchase_floors":[8,8],"current_hp_per_floor":[67,67,68,68,48,48,33,33,33,33,33,39,27,27],"gold":142,"neow_bonus":"TWO_FIFTY_GOLD","is_daily":false,"chose_seed":false,"campfire_upgraded":1,"win_rate":0.0,"timestamp":1609849175,"path_taken":["M","?","?","M","?","R","M","$","T","?","?","?","E"],"items_purchased_type":["Card","Relic"],"build_version":"2020-12-22","purchased_purges":0,"victory":false,"max_hp_per_floor":[68,68,68,68,68,68,68,68,68,68,68,68,68,68],"card_choices":[{"not_picked":["Body Slam","Clash"],"picked":"Pommel Strike","floor":1.0},{"not_picked":["Clash","Spot Weakness"],"picked":"Dual Wield","floor":3.0},{"not_picked":["Dropkick","Replay:Undeath\u0027s Touch"],"picked":"Whirlwind","floor":4.0},{"not_picked":["Defy Death","Rampage","Anger"],"picked":"SKIP","floor":7.0},{"not_picked":["Feel No Pain","Rampage"],"picked":"Reaper","floor":8.0},{"not_picked":["Massacre","Pommel Strike"],"picked":"Shrug It Off","floor":8.0},{"not_picked":["Armaments","Body Slam"],"picked":"Warcry","floor":8.0},{"not_picked":["ReplayReversal","Sever Soul"],"picked":"Battle Trance","floor":8.0},{"not_picked":["Juggernaut","Body Slam","Shrug It Off","ReplayTheSpireMod:Strike From Hell"],"picked":"SKIP","floor":12}],"player_experience":557397,"relics_obtained":[{"floor":9.0,"key":"Question Card"},{"floor":11,"key":"Bronze Scales"}],"event_choices":[{"damage_healed":0.0,"max_hp_gain":0.0,"max_hp_loss":0.0,"gold_gain":0.0,"event_name":"FaceTrader","player_choice":"Trade","floor":2.0,"gold_loss":0.0,"damage_taken":0.0,"relics_obtained":["CultistMask"]},{"damage_healed":0.0,"max_hp_gain":0.0,"max_hp_loss":0.0,"gold_gain":0.0,"event_name":"Shining Light","player_choice":"Entered Light","floor":5.0,"gold_loss":0.0,"damage_taken":20.0,"cards_upgraded":["Defend_R","Strike_R"]}],"is_beta":false,"boss_relics":[],"items_purged_floors":[],"is_endless":false,"potions_floor_spawned":[4],"killed_by":"3 Sentries","ascension_level":20}}