{"host":"szp1d6dso4pv7ddl","time":1609868494,"event":{"mods":["AchievementEnabler","Alarm Clock","BaseMod","Bestiary","Block Reminder","Colored Map","Colored Powertips","Curses Come First","Displayed Cursed Tome","Highlight Path","Minty Spire (QoL Compilation)","Permanent Neow","Quick Restart","Relic Sorter","Relic Stats","StSLib","Synergy Search"],"gold_per_floor":[112,36,49,49,124,49,49,62,89,155,171,249,249,249],"floor_reached":13,"playtime":529,"items_purged":["Strike_R"],"score":124,"play_id":"30c35fd6-fbd7-4036-89df-23f801e9d487","local_time":"20210105094134","is_ascension_mode":true,"campfire_choices":[{"data":"Uppercut","floor":7,"key":"SMITH"}],"circlet_count":0,"master_deck":["AscendersBane","Strike_R","Strike_R","Strike_R","Strike_R","Defend_R","Defend_R","Defend_R","Defend_R","Bash","Cleave","Uppercut+1","Cleave","Reaper"],"relics":["Burning Blood","NeowsBlessing","CeramicFish","Smiling Mask"],"acts_visited":["Exordium"],"potions_floor_usage":[10,13,13],"damage_taken":[{"damage":0,"enemies":"Cultist","floor":1,"turns":1},{"damage":0,"enemies":"2 Louse","floor":3,"turns":1},{"damage":0,"enemies":"Small Slimes","floor":8,"turns":1},{"damage":50,"enemies":"Lagavulin Event","floor":10,"turns":6},{"damage":9,"enemies":"2 Fungi Beasts","floor":11,"turns":4},{"damage":50,"enemies":"Lagavulin","floor":13,"turns":5}],"seed_played":"-7452235218787072949","potions_obtained":[{"floor":1,"key":"DuplicationPotion"},{"floor":8,"key":"ColorlessPotion"},{"floor":11,"key":"ColorlessPotion"}],"is_trial":false,"path_per_floor":["M","$","M","$","?","$","R","M","T","?","M","?","E"],"character_chosen":"IRONCLAD","items_purchased":["Uppercut"],"campfire_rested":0,"item_purchase_floors":[2],"current_hp_per_floor":[74,74,75,75,64,64,64,70,70,26,31,31,0,0],"gold":249,"neow_bonus":"THREE_ENEMY_KILL","is_daily":false,"chose_seed":false,"campfire_upgraded":1,"win_rate":0.0,"timestamp":1609868494,"path_taken":["M","$","?","$","?","$","R","M","T","?","M","?","E"],"items_purchased_type":["Card"],"build_version":"2020-12-22","purchased_purges":1,"victory":false,"max_hp_per_floor":[75,75,75,75,75,75,75,75,75,75,75,75,75,75],"relic_stats":{"counters":[6,18],"CeramicFish":9,"Smiling Mask":0,"obtain_stats":[{"NeowsBlessing":0,"CeramicFish":9,"Smiling Mask":10,"Burning Blood":0},{"NeowsBlessing":0,"CeramicFish":3,"Smiling Mask":3,"Burning Blood":0},{"NeowsBlessing":0,"CeramicFish":3,"Smiling Mask":3,"Burning Blood":0}],"Burning Blood":25},"card_choices":[{"not_picked":["Fire Breathing","Metallicize"],"picked":"Cleave","floor":1},{"not_picked":["Havoc","Sword Boomerang","Rage"],"picked":"SKIP","floor":3},{"not_picked":["Infernal Blade","Disarm"],"picked":"Cleave","floor":8},{"not_picked":["Infernal Blade","Uppercut"],"picked":"Reaper","floor":10},{"not_picked":["Clothesline","Thunderclap","Warcry"],"picked":"SKIP","floor":11}],"player_experience":1123460,"relics_obtained":[{"floor":9,"key":"CeramicFish"}],"event_choices":[{"damage_healed":0,"gold_gain":75,"player_choice":"Gather Gold","damage_taken":11,"max_hp_gain":0,"max_hp_loss":0,"event_name":"World of Goop","floor":5,"gold_loss":0},{"damage_healed":0,"gold_gain":0,"player_choice":"Searched \u00272\u0027 times","damage_taken":0,"relics_obtained":["Smiling Mask"],"max_hp_gain":0,"max_hp_loss":0,"event_name":"Dead Adventurer","floor":10,"gold_loss":0},{"damage_healed":0,"gold_gain":78,"player_choice":"Gained Gold","damage_taken":0,"max_hp_gain":0,"max_hp_loss":0,"event_name":"Golden Wing","floor":12,"gold_loss":0}],"is_beta":false,"boss_relics":[],"items_purged_floors":[6],"is_endless":false,"potions_floor_spawned":[1,8,11],"killed_by":"Lagavulin","ascension_level":14}}