{"host":"pfna4jpnbj44b3d3","time":1609844420,"event":{"mods":["2.2 Compatiblity","AchievementEnabler","Act Like it!","AlwaysNeverKeys","Ascension Reborn","Ascension Unlocker","Aspiration","BaseMod","Bestiary","Better Altar","Better Match","Better Sensory Stone","Better Silent Start","Better Skull","Better Third Choice","Better Vampires","Better-Laid Plans","BetterRewards","Block Reminder","CCEM","CapriCore","Colored Map","Colored Powertips","Communication Mod","Conspire","Curses Come First","Defective Defect","Disable Question Mark Monsters","Displayed Cursed Tome","Downfall-Rebalance","Emptier Cage","Energized Spire","Friendly Minions","FruityMod","GifTheSpireLib","Googly Eyes","Gremlin Skip","Halation","HexUI Lib","Highlight Path","Hubris","Infinite Spire","Jedi Mod","Keyboard Shortcuts","Minty Spire (QoL Compilation)","MonsterHotkey","Permanent Neow","Quarter Circle Forward PUNCH!","Quick Restart","Random Character Button","Random Character Mod","Rare Cards Sparkle","RatMod","Relic Sorter","Relic Stats","Replay The Spire","Reworked Bosses","RumiaBox-????????","SCP261 Mod","SacredBarkPlus","Shop Mod","Small Relic Pack","Spicy Shops","Spikes Relics","StSLib","Stuff the Spire","SuperFastMode","Synergy Search","The Blue Laboratory","The Factory","The IronCluck","The Jungle","The Poker Player","Trackpad","Uncapped","UnlockEverythingMod","Virulent Crown","Waifu the Spire","egg","everything is the same but u backflip on backflip","slay the spire mod where everything is the same but ironclad has a cowboy hat","vexMod"],"gold_per_floor":[112,8,20,20,30,63,76,26,26,51,6,6,6,26,59,73,73,170,170,184,41,41,41,58,58,77,106,155,185,15,15,52,69,69,177,177,190,190,290,309,325,325,358,358,358,358,70,80,80,80],"floor_reached":48,"playtime":5273,"items_purged":["PokerPlayerMod:TrumpStrike","PokerPlayerMod:Club2"],"score":561,"play_id":"b963416f-d888-4772-b876-6859333a6fc6","local_time":"20210105030020","is_ascension_mode":true,"metric_token":5266,"campfire_choices":[{"data":"PokerPlayerMod:Club1","floor":17.0,"key":"SMITH"},{"data":"PokerPlayerMod:ClubShade","floor":25.0,"key":"SMITH"},{"data":"Jack Of All Trades","floor":31.0,"key":"SMITH"},{"data":"PokerPlayerMod:Harden","floor":34,"key":"SMITH"},{"data":"PokerPlayerMod:GamblerForm","floor":42,"key":"SMITH"},{"data":"PokerPlayerMod:Diamond4","floor":44,"key":"SMITH"},{"floor":46,"key":"DIG"}],"circlet_count":0,"master_deck":["PokerPlayerMod:Diamond2","PokerPlayerMod:Diamond3","PokerPlayerMod:Diamond4","PokerPlayerMod:Diamond5","PokerPlayerMod:Spade2","PokerPlayerMod:Spade3","PokerPlayerMod:Spade4","PokerPlayerMod:Club2","PokerPlayerMod:Heart2","PokerPlayerMod:BadJoker","PokerPlayerMod:Mulligan","PokerPlayerMod:ItsShowtime","PokerPlayerMod:Club4","PokerPlayerMod:ClubShade+1","PokerPlayerMod:Diamond6","PokerPlayerMod:Club4","PokerPlayerMod:Spade3","PokerPlayerMod:HiddenCard","PokerPlayerMod:Diamond3","PokerPlayerMod:DamnStraight","PokerPlayerMod:Spade7","PokerPlayerMod:SpadeStrike+1","PokerPlayerMod:MagicTrick","PokerPlayerMod:SpadeStrike+1","PokerPlayerMod:SecretDealer","PokerPlayerMod:Heart4","PokerPlayerMod:Harden+1","PokerPlayerMod:JackOfSpades+1","PokerPlayerMod:HeartStrike+1","PokerPlayerMod:Spade4","PokerPlayerMod:FakeSymbols","PokerPlayerMod:CardPrinter+1","Jack Of All Trades+1","PokerPlayerMod:HeartStrike","PokerPlayerMod:ClubShade","PokerPlayerMod:Diamond7","PokerPlayerMod:GamblerForm+1","PokerPlayerMod:Diamond5","PokerPlayerMod:Diamond4","PokerPlayerMod:Heart4","PokerPlayerMod:Spade2"],"relics":["PokerPlayerMod:DeckCase","CaptainsWheel","PokerPlayerMod:BottledPoker","Pantograph","Vajra","Replay:Blank Codex","PreservedInsect","Ccalipers","infinitespire:Midas Blood","MerchantsRug","infinitespire:WardingShard","Runic Pyramid","Whetstone","Shovel","Molten Egg 2","Pear","qcfpunch:Necklace_of_Skulls"],"acts_visited":["Exordium","TheCity","TheBeyond"],"potions_floor_usage":[35,43],"damage_taken":[{"damage":0.0,"enemies":"Jaw Worm","floor":1.0,"turns":3.0},{"damage":0.0,"enemies":"Cultist","floor":3.0,"turns":3.0},{"damage":0.0,"enemies":"conspire:RoseBush","floor":5.0,"turns":3.0},{"damage":0.0,"enemies":"Replay:BlueRogue","floor":6.0,"turns":4.0},{"damage":1.0,"enemies":"Exordium Wildlife","floor":7.0,"turns":2.0},{"damage":0.0,"enemies":"Gremlin Nob","floor":10.0,"turns":3.0},{"damage":0.0,"enemies":"Looter","floor":14.0,"turns":2.0},{"damage":23.0,"enemies":"3 Sentries","floor":15.0,"turns":5.0},{"damage":0.0,"enemies":"Red Slaver","floor":16.0,"turns":1.0},{"damage":4.0,"enemies":"Hexaghost","floor":18.0,"turns":9.0},{"damage":0.0,"enemies":"Chosen","floor":20.0,"turns":3.0},{"damage":8.0,"enemies":"Shell Parasite","floor":24.0,"turns":5.0},{"damage":0.0,"enemies":"Centurion and Healer","floor":26.0,"turns":6.0},{"damage":19.0,"enemies":"Slavers","floor":27.0,"turns":6.0},{"damage":0.0,"enemies":"conspire:SneckoGhost","floor":29.0,"turns":3.0},{"damage":13,"enemies":"Nightmare","floor":32,"turns":10},{"damage":7,"enemies":"Chosen and Byrds","floor":33,"turns":8},{"damage":34,"enemies":"hubris:MusketHawk","floor":35,"turns":8},{"damage":0,"enemies":"3 Shapes","floor":37,"turns":2},{"damage":0,"enemies":"Orb Walker","floor":40,"turns":4},{"damage":14,"enemies":"Jaw Worm Horde","floor":41,"turns":3},{"damage":56,"enemies":"Nemesis","floor":43,"turns":8},{"damage":44,"enemies":"Spire Growth","floor":48,"turns":6}],"seed_played":"-8394261073585249331","potions_obtained":[{"floor":3.0,"key":"SCP261:BlastolaColaPotion"},{"floor":5.0,"key":"Dexterity Potion"},{"floor":6.0,"key":"blueLaboratory:PyrophylliteBrew"},{"floor":10.0,"key":"blueLaboratory:NullPotion"},{"floor":15.0,"key":"Guardian:BlockOnCardUsePotion"},{"floor":16.0,"key":"blueLaboratory:HorrorPotion"},{"floor":24.0,"key":"PowerPotion"},{"floor":35,"key":"SkillPotion"},{"floor":37,"key":"blueLaboratory:PyrophylliteBrew"}],"is_trial":false,"path_per_floor":["M","$","M","?","M","E","M","?","T","E","$","PTL","PTL","M","E","M","R","B",null,"M","$","?","?","M","R","M","E","T","E","$","R","NM","M","R","B",null,"M","?","?","M","M","R","E","R","T","R","$","M"],"character_chosen":"THE_POKER_PLAYER","items_purchased":["PokerPlayerMod:ClubShade","PokerPlayerMod:Diamond6","PokerPlayerMod:Spade7","PokerPlayerMod:Harden","MerchantsRug","BargainBundle","PokerPlayerMod:CardPrinter+1","Jack Of All Trades","PokerPlayerMod:HeartStrike","Pear","qcfpunch:Necklace_of_Skulls"],"campfire_rested":0,"item_purchase_floors":[2,2,11,21,30,30,30,30,30,47,47],"current_hp_per_floor":[52,52,52,52,52,52,52,52,52,52,52,52,52,52,31,31,31,51,52,52,52,52,36,47,47,52,36,36,40,40,40,48,52,52,34,52,52,52,52,52,38,38,16,16,16,16,26,0,0,0],"gold":80,"neow_bonus":"TRANSFORM_CARD","is_daily":false,"chose_seed":false,"campfire_upgraded":6,"win_rate":0.0,"timestamp":1609844420,"path_taken":["M","$","M","?","M","E","?","?","T","E","?","PTL","PTL","M","E","M","R","BOSS","M","$","?","?","M","R","M","E","T","E","?","R","NM","M","R","BOSS","M","?","?","M","?","R","E","R","T","R","$","M"],"items_purchased_type":["Card","Card","Card","Card","Relic","Relic","Card","Card","Card","Relic","Relic"],"build_version":"2020-12-22","purchased_purges":2,"victory":false,"max_hp_per_floor":[52,52,52,52,52,52,52,52,52,52,52,52,52,52,52,52,52,52,52,52,52,52,52,52,52,52,52,52,52,52,52,52,52,52,52,52,52,52,52,52,52,52,52,52,52,52,62,62,62,62],"relic_stats":{"Shovel":1,"counters":[23,107],"Pantograph":21,"PreservedInsect":146,"Whetstone":["PokerPlayerMod:SpadeStrike","PokerPlayerMod:SpadeStrike"],"obtain_stats":[{"MerchantsRug":30,"BargainBundle":30,"Pear":47,"Vajra":22,"PreservedInsect":27,"relicPack:ShieldShield":19,"Whetstone":43,"PokerPlayerMod:BottledPoker":9,"PokerPlayerMod:DeckCase":0,"CaptainsWheel":6,"Shovel":45,"infinitespire:WardingShard":32,"Ccalipers":28,"Pantograph":10,"Molten Egg 2":46,"qcfpunch:Necklace_of_Skulls":47,"hubris:FunFungus":15,"Replay:Blank Codex":23,"infinitespire:Midas Blood":29,"Runic Pyramid":36},{"MerchantsRug":15,"BargainBundle":15,"Pear":22,"Vajra":11,"PreservedInsect":14,"relicPack:ShieldShield":10,"Whetstone":22,"PokerPlayerMod:BottledPoker":5,"PokerPlayerMod:DeckCase":0,"CaptainsWheel":4,"Shovel":22,"infinitespire:WardingShard":16,"Ccalipers":14,"Pantograph":6,"Molten Egg 2":22,"qcfpunch:Necklace_of_Skulls":22,"hubris:FunFungus":8,"Replay:Blank Codex":11,"infinitespire:Midas Blood":15,"Runic Pyramid":18},{"MerchantsRug":58,"BargainBundle":58,"Pear":101,"Vajra":38,"PreservedInsect":55,"relicPack:ShieldShield":35,"Whetstone":101,"PokerPlayerMod:BottledPoker":15,"PokerPlayerMod:DeckCase":0,"CaptainsWheel":13,"Shovel":101,"infinitespire:WardingShard":68,"Ccalipers":55,"Pantograph":18,"Molten Egg 2":101,"qcfpunch:Necklace_of_Skulls":101,"hubris:FunFungus":25,"Replay:Blank Codex":38,"infinitespire:Midas Blood":58,"Runic Pyramid":84}]},"card_choices":[{"not_picked":["PokerPlayerMod:Spade3","PokerPlayerMod:Spade2"],"picked":"PokerPlayerMod:Club4","floor":1.0},{"not_picked":["PokerPlayerMod:CardBurn","PokerPlayerMod:Diamond5"],"picked":"PokerPlayerMod:Club4","floor":3.0},{"not_picked":["PokerPlayerMod:Club1","PokerPlayerMod:Trickery"],"picked":"PokerPlayerMod:Spade3","floor":5.0},{"not_picked":["PokerPlayerMod:HotShotCut","PokerPlayerMod:Club1"],"picked":"PokerPlayerMod:HiddenCard","floor":6.0},{"not_picked":["PokerPlayerMod:Diamond2","PokerPlayerMod:Spade2"],"picked":"PokerPlayerMod:Diamond3","floor":7.0},{"not_picked":["PokerPlayerMod:Spade3","PokerPlayerMod:Configure"],"picked":"PokerPlayerMod:DamnStraight","floor":10.0},{"not_picked":["PokerPlayerMod:PoorCopy","PokerPlayerMod:Spade7"],"picked":"PokerPlayerMod:SpadeStrike","floor":14.0},{"not_picked":["PokerPlayerMod:Diamond6","PokerPlayerMod:Overdeal"],"picked":"PokerPlayerMod:MagicTrick","floor":15.0},{"not_picked":["PokerPlayerMod:ClubsClub","PokerPlayerMod:HeartStrike"],"picked":"PokerPlayerMod:SpadeStrike","floor":16.0},{"not_picked":["PokerPlayerMod:Club9","PokerPlayerMod:Diamond9"],"picked":"PokerPlayerMod:SecretDealer","floor":18.0},{"not_picked":["PokerPlayerMod:SpadeStrike+1","PokerPlayerMod:ClubStrike"],"picked":"PokerPlayerMod:Heart4","floor":20.0},{"not_picked":["PokerPlayerMod:Spade3","PokerPlayerMod:FlyingCard"],"picked":"PokerPlayerMod:JackOfSpades+1","floor":24.0},{"not_picked":["PokerPlayerMod:Diamond1","PokerPlayerMod:DamnStraight"],"picked":"PokerPlayerMod:HeartStrike+1","floor":26.0},{"not_picked":["PokerPlayerMod:Fold","PokerPlayerMod:Heart7"],"picked":"PokerPlayerMod:Spade4","floor":27.0},{"not_picked":["PokerPlayerMod:SecondChance","PokerPlayerMod:FlyingCard"],"picked":"PokerPlayerMod:FakeSymbols","floor":29.0},{"not_picked":["PokerPlayerMod:Extraction","PokerPlayerMod:Diamond2"],"picked":"PokerPlayerMod:ClubShade","floor":32},{"not_picked":["PokerPlayerMod:Trickery","PokerPlayerMod:DartThrow"],"picked":"PokerPlayerMod:Diamond7","floor":33},{"not_picked":["PokerPlayerMod:ChangeRules","PokerPlayerMod:WildCard"],"picked":"PokerPlayerMod:GamblerForm","floor":35},{"not_picked":["PokerPlayerMod:Diamond3","PokerPlayerMod:Spade2"],"picked":"PokerPlayerMod:Diamond4","floor":37},{"not_picked":["PokerPlayerMod:Diamond6","PokerPlayerMod:Spade3"],"picked":"PokerPlayerMod:Diamond4","floor":40},{"not_picked":["PokerPlayerMod:PoorCopy","PokerPlayerMod:Trickery"],"picked":"PokerPlayerMod:Heart4","floor":41},{"not_picked":["PokerPlayerMod:Diamond1","PokerPlayerMod:HotShotCut+1"],"picked":"PokerPlayerMod:Spade2","floor":43}],"player_experience":302963,"relics_obtained":[{"floor":6.0,"key":"CaptainsWheel"},{"floor":9.0,"key":"PokerPlayerMod:BottledPoker"},{"floor":10.0,"key":"Pantograph"},{"floor":15.0,"key":"hubris:FunFungus"},{"floor":22.0,"key":"Vajra"},{"floor":27.0,"key":"PreservedInsect"},{"floor":28.0,"key":"Ccalipers"},{"floor":29.0,"key":"infinitespire:Midas Blood"},{"floor":32,"key":"infinitespire:WardingShard"},{"floor":43,"key":"Whetstone"},{"floor":45,"key":"Shovel"},{"floor":46,"key":"Molten Egg 2"}],"event_choices":[{"damage_healed":0.0,"max_hp_gain":0.0,"max_hp_loss":0.0,"gold_gain":0.0,"event_name":"NoteForYourself","player_choice":"Ignored","floor":4.0,"gold_loss":0.0,"damage_taken":0.0},{"cards_removed":["PokerPlayerMod:Spade1"],"damage_healed":0.0,"max_hp_gain":0.0,"max_hp_loss":0.0,"gold_gain":0.0,"event_name":"The Cleric","player_choice":"Card Removal","floor":8.0,"gold_loss":50.0,"damage_taken":0.0},{"damage_healed":0.0,"max_hp_gain":0.0,"max_hp_loss":0.0,"gold_gain":0.0,"event_name":"Cursed Tome","player_choice":"Obtained Book","floor":23.0,"gold_loss":0.0,"damage_taken":16.0},{"damage_healed":0,"gold_gain":100,"player_choice":"Pray","damage_taken":0,"max_hp_gain":0,"max_hp_loss":0,"event_name":"Golden Shrine","floor":39,"gold_loss":0}],"is_beta":false,"boss_relics":[{"not_picked":["qcfpunch:Killian_Engine_Alpha","ChewingGum"],"picked":"relicPack:ShieldShield"},{"not_picked":["hubris:ScarierMask","conspire:SlowCooker"],"picked":"Runic Pyramid"}],"items_purged_floors":[21,30],"is_endless":false,"potions_floor_spawned":[3,5,6,10,15,16,24,32,35,37,40],"killed_by":"Spire Growth","ascension_level":0}}