{"host":"os7ajuuouznx3pj7","time":1609870067,"event":{"mods":["AchievementEnabler","BaseMod","Bestiary","Block Reminder","Colored Map","Colored Powertips","Keyboard Shortcuts","Minty Spire (QoL Compilation)","Quick Restart","Relic Sorter","Relic Stats","SuperFastMode"],"gold_per_floor":[115,115,134,154,174,174,209,226,226,242,273,0,34,34,34,110,110,121,131,131,151,163,196,196,210,236,250,282,282,307,341,341,418,418,437,254,254,272,282,311,311,336,336,350,385,405,2,2,2,2,2],"floor_reached":52,"playtime":8766,"items_purged":["Strike_R"],"score":2173,"play_id":"364f6467-710d-4b4e-b945-b35fbc7803c3","local_time":"20210105160747","is_ascension_mode":true,"campfire_choices":[{"data":"Wild Strike","floor":6.0,"key":"SMITH"},{"data":"Pummel","floor":15.0,"key":"SMITH"},{"data":"Heavy Blade","floor":24.0,"key":"SMITH"},{"data":"Twin Strike","floor":29.0,"key":"SMITH"},{"data":"Pummel","floor":32.0,"key":"SMITH"},{"data":"Heavy Blade","floor":41.0,"key":"SMITH"},{"data":"Reaper","floor":49.0,"key":"SMITH"}],"circlet_count":0,"master_deck":["AscendersBane","Strike_R","Strike_R","Strike_R","Defend_R","Defend_R","Defend_R","Defend_R+1","Bash","Swift Strike","Thunderclap","Twin Strike+1","Wild Strike+1","Shockwave+1","Armaments+1","Warcry+1","Flex+1","Pummel+1","Spot Weakness+1","Limit Break+1","True Grit+1","Reaper+1","Flame Barrier+1","Heavy Blade+1","Warcry+1","True Grit+1","Battle Trance+1","Pummel+1","Impervious+1","Heavy Blade+1","Warcry+1","Rage+1","Flame Barrier+1","Spot Weakness+1","Burning Pact+1","Dropkick+1","Impervious+1","Master of Strategy+1","Dark Shackles+1","Battle Trance+1","Infernal Blade+1"],"relics":["Burning Blood","Bag of Marbles","Turnip","Toxic Egg 2","Matryoshka","Bag of Preparation","Ginger","Philosopher\u0027s Stone","Ancient Tea Set","Happy Flower","War Paint","Ornamental Fan","Meat on the Bone","Red Mask","Sozu","Gremlin Horn","Vajra","Singing Bowl","Molten Egg 2","Bottled Lightning"],"acts_visited":["Exordium","TheCity","TheBeyond"],"potions_floor_usage":[51],"damage_taken":[{"damage":12.0,"enemies":"Jaw Worm","floor":1.0,"turns":2.0},{"damage":0.0,"enemies":"Cultist","floor":3.0,"turns":2.0},{"damage":0.0,"enemies":"Small Slimes","floor":4.0,"turns":3.0},{"damage":0.0,"enemies":"2 Fungi Beasts","floor":5.0,"turns":2.0},{"damage":20.0,"enemies":"3 Sentries","floor":7.0,"turns":6.0},{"damage":13.0,"enemies":"Exordium Wildlife","floor":8.0,"turns":4.0},{"damage":0.0,"enemies":"Gremlin Gang","floor":10.0,"turns":3.0},{"damage":35.0,"enemies":"Lagavulin","floor":11.0,"turns":6.0},{"damage":22.0,"enemies":"3 Sentries","floor":13.0,"turns":6.0},{"damage":22.0,"enemies":"Hexaghost","floor":16.0,"turns":5.0},{"damage":22.0,"enemies":"2 Thieves","floor":18.0,"turns":3.0},{"damage":12.0,"enemies":"Shell Parasite","floor":19.0,"turns":4.0},{"damage":0.0,"enemies":"Centurion and Healer","floor":21.0,"turns":3.0},{"damage":7.0,"enemies":"3 Cultists","floor":22.0,"turns":3.0},{"damage":0.0,"enemies":"Gremlin Leader","floor":23.0,"turns":3.0},{"damage":17.0,"enemies":"Snecko","floor":25.0,"turns":4.0},{"damage":0.0,"enemies":"Centurion and Healer","floor":27.0,"turns":9.0},{"damage":17.0,"enemies":"Book of Stabbing","floor":28.0,"turns":4.0},{"damage":0.0,"enemies":"Gremlin Leader","floor":30.0,"turns":3.0},{"damage":0.0,"enemies":"Masked Bandits","floor":31.0,"turns":2.0},{"damage":21.0,"enemies":"Automaton","floor":33.0,"turns":6.0},{"damage":1.0,"enemies":"3 Shapes","floor":35.0,"turns":3.0},{"damage":0.0,"enemies":"Orb Walker","floor":38.0,"turns":1.0},{"damage":0.0,"enemies":"Writhing Mass","floor":39.0,"turns":6.0},{"damage":2.0,"enemies":"Giant Head","floor":40.0,"turns":4.0},{"damage":0.0,"enemies":"Reptomancer","floor":42.0,"turns":3.0},{"damage":0.0,"enemies":"Jaw Worm Horde","floor":44.0,"turns":2.0},{"damage":27.0,"enemies":"Nemesis","floor":45.0,"turns":3.0},{"damage":0.0,"enemies":"Maw","floor":46.0,"turns":7.0},{"damage":22,"enemies":"Awakened One","floor":50,"turns":7},{"damage":32,"enemies":"Donu and Deca","floor":51,"turns":4}],"seed_played":"-8955176797177523243","potions_obtained":[{"floor":7.0,"key":"Explosive Potion"},{"floor":8.0,"key":"BloodPotion"},{"floor":11.0,"key":"Dexterity Potion"},{"floor":13.0,"key":"BlessingOfTheForge"},{"floor":18.0,"key":"GamblersBrew"},{"floor":21.0,"key":"DistilledChaos"},{"floor":23.0,"key":"SpeedPotion"},{"floor":31.0,"key":"DuplicationPotion"},{"floor":33.0,"key":"SkillPotion"}],"is_trial":false,"path_per_floor":["M","?","M","M","M","R","E","M","T","M","E","$","E","?","R","B",null,"M","M","?","M","M","E","R","M","T","M","E","R","E","?","R","B",null,"M","$","?","M","M","E","R","E","T","M","E","M","$","?","R","B","B",null],"character_chosen":"IRONCLAD","items_purchased":["Bag of Preparation","Flex+1","Pummel","Heavy Blade","Warcry+1","Master of Strategy+1","Dark Shackles+1","Battle Trance+1","Infernal Blade+1"],"campfire_rested":0,"item_purchase_floors":[12,12,12,36,36,47,47,47,47],"current_hp_per_floor":[62,62,68,74,75,75,61,54,54,60,31,31,30,55,55,39,66,50,44,59,65,64,70,70,65,65,75,75,75,75,75,75,60,71,75,75,75,75,75,75,75,75,75,75,54,67,67,67,67,59,45],"gold":2,"neow_bonus":"RANDOM_COLORLESS","is_daily":false,"chose_seed":false,"campfire_upgraded":7,"win_rate":0.0,"timestamp":1609870067,"path_taken":["M","?","M","M","M","R","E","M","T","M","E","?","E","?","R","BOSS","M","M","?","M","M","E","R","M","T","M","E","R","E","?","R","BOSS","M","$","?","M","?","E","R","E","T","M","E","M","$","?","R","BOSS","BOSS"],"items_purchased_type":["Relic","Card","Card","Card","Card","Card","Card","Card","Card"],"build_version":"2020-12-22","purchased_purges":1,"victory":true,"max_hp_per_floor":[75,75,75,75,75,75,75,75,75,75,75,75,75,75,75,75,75,75,75,75,75,75,75,75,75,75,75,75,75,75,75,75,75,75,75,75,75,75,75,75,75,75,75,75,75,75,75,75,75,75,75],"relic_stats":{"Happy Flower":[21],"Gremlin Horn":[9,10],"Singing Bowl":0,"counters":[31,123],"Bag of Preparation":[46],"Ginger":[11],"War Paint":["Defend_R","Shockwave"],"Burning Blood":130,"Sozu":3,"Ornamental Fan":[60],"Turnip":[14],"obtain_stats":[{"Happy Flower":26,"Gremlin Horn":40,"Singing Bowl":43,"Vajra":42,"Bag of Preparation":12,"Ginger":13,"War Paint":26,"Ancient Tea Set":23,"Burning Blood":0,"Sozu":34,"Matryoshka":11,"Ornamental Fan":28,"Philosopher\u0027s Stone":17,"Molten Egg 2":43,"Turnip":7,"Bag of Marbles":2,"Red Mask":31,"Bottled Lightning":45,"Toxic Egg 2":9,"Meat on the Bone":30},{"Happy Flower":16,"Gremlin Horn":25,"Singing Bowl":26,"Vajra":26,"Bag of Preparation":8,"Ginger":9,"War Paint":16,"Ancient Tea Set":15,"Burning Blood":0,"Sozu":21,"Matryoshka":8,"Ornamental Fan":18,"Philosopher\u0027s Stone":10,"Molten Egg 2":26,"Turnip":5,"Bag of Marbles":1,"Red Mask":20,"Bottled Lightning":28,"Toxic Egg 2":6,"Meat on the Bone":19},{"Happy Flower":59,"Gremlin Horn":97,"Singing Bowl":100,"Vajra":100,"Bag of Preparation":28,"Ginger":34,"War Paint":59,"Ancient Tea Set":55,"Burning Blood":0,"Sozu":83,"Matryoshka":28,"Ornamental Fan":72,"Philosopher\u0027s Stone":39,"Molten Egg 2":100,"Turnip":15,"Bag of Marbles":2,"Red Mask":77,"Bottled Lightning":105,"Toxic Egg 2":19,"Meat on the Bone":75}],"Meat on the Bone":12},"card_choices":[{"not_picked":["Forethought","Jack Of All Trades"],"picked":"Swift Strike","floor":0.0},{"not_picked":["Fire Breathing","Flex"],"picked":"Pommel Strike","floor":1.0},{"not_picked":["Clash","Rupture"],"picked":"Thunderclap","floor":3.0},{"not_picked":["Armaments","Clothesline"],"picked":"Twin Strike","floor":4.0},{"not_picked":["Shrug It Off","Burning Pact"],"picked":"Wild Strike","floor":5.0},{"not_picked":["Clothesline","Reckless Charge"],"picked":"Shockwave","floor":7.0},{"not_picked":["Pommel Strike","Fire Breathing","Thunderclap"],"picked":"SKIP","floor":8.0},{"not_picked":["Battle Trance+1","Warcry+1"],"picked":"Armaments+1","floor":10.0},{"not_picked":["Wild Strike","Juggernaut"],"picked":"Warcry+1","floor":11.0},{"not_picked":["Cleave","Flex+1"],"picked":"Spot Weakness+1","floor":13.0},{"not_picked":["Bludgeon","Barricade"],"picked":"Limit Break+1","floor":16.0},{"not_picked":["Armaments+1","Perfected Strike"],"picked":"True Grit+1","floor":18.0},{"not_picked":["True Grit+1","Dual Wield+1"],"picked":"Reaper","floor":19.0},{"not_picked":["Headbutt","Pommel Strike"],"picked":"Flame Barrier+1","floor":21.0},{"not_picked":["Wild Strike+1","Hemokinesis","Havoc+1"],"picked":"SKIP","floor":22.0},{"not_picked":["Havoc+1","Armaments+1"],"picked":"Heavy Blade","floor":23.0},{"not_picked":["Thunderclap","Body Slam+1"],"picked":"Warcry+1","floor":25.0},{"not_picked":["Clothesline","Perfected Strike"],"picked":"True Grit+1","floor":27.0},{"not_picked":["Burning Pact+1","Warcry+1"],"picked":"Battle Trance+1","floor":28.0},{"not_picked":["Armaments+1","Blood for Blood"],"picked":"Pummel","floor":30.0},{"not_picked":["Feed","Corruption"],"picked":"Impervious+1","floor":33.0},{"not_picked":["Rage+1","Sever Soul","Anger"],"picked":"SKIP","floor":35.0},{"not_picked":["Sword Boomerang","Perfected Strike+1"],"picked":"Flame Barrier+1","floor":38.0},{"not_picked":["True Grit+1","Wild Strike","Dual Wield+1"],"picked":"SKIP","floor":39.0},{"not_picked":["Cleave","Wild Strike+1","Iron Wave"],"picked":"SKIP","floor":40.0},{"not_picked":["Body Slam","Pummel"],"picked":"Spot Weakness+1","floor":42.0},{"not_picked":["Pommel Strike+1","Rampage+1"],"picked":"Burning Pact+1","floor":44.0},{"not_picked":["Anger+1","Thunderclap+1"],"picked":"Dropkick+1","floor":45.0},{"not_picked":["Pommel Strike+1","Rampage+1"],"picked":"Impervious+1","floor":46.0}],"player_experience":792315,"relics_obtained":[{"floor":7.0,"key":"Turnip"},{"floor":9.0,"key":"Toxic Egg 2"},{"floor":11.0,"key":"Matryoshka"},{"floor":13.0,"key":"Ginger"},{"floor":23.0,"key":"Ancient Tea Set"},{"floor":26.0,"key":"Happy Flower"},{"floor":26.0,"key":"War Paint"},{"floor":28.0,"key":"Ornamental Fan"},{"floor":30.0,"key":"Meat on the Bone"},{"floor":31.0,"key":"Red Mask"},{"floor":40.0,"key":"Gremlin Horn"},{"floor":42.0,"key":"Vajra"},{"floor":43.0,"key":"Singing Bowl"},{"floor":43.0,"key":"Molten Egg 2"},{"floor":45.0,"key":"Bottled Lightning"}],"event_choices":[{"cards_removed":["Pommel Strike"],"damage_healed":0.0,"max_hp_gain":0.0,"max_hp_loss":0.0,"gold_gain":0.0,"event_name":"WeMeetAgain","player_choice":"Gave Card","floor":2.0,"gold_loss":0.0,"damage_taken":0.0,"relics_obtained":["Bag of Marbles"]},{"damage_healed":25.0,"max_hp_gain":0.0,"max_hp_loss":0.0,"gold_gain":0.0,"event_name":"Big Fish","player_choice":"Banana","floor":14.0,"gold_loss":0.0,"damage_taken":0.0},{"damage_healed":15.0,"max_hp_gain":0.0,"max_hp_loss":0.0,"gold_gain":0.0,"event_name":"The Library","player_choice":"Heal","floor":20.0,"gold_loss":0.0,"damage_taken":0.0},{"damage_healed":0.0,"max_hp_gain":0.0,"max_hp_loss":0.0,"gold_gain":0.0,"event_name":"Masked Bandits","player_choice":"Fought Bandits","floor":31.0,"gold_loss":0.0,"damage_taken":0.0},{"damage_healed":0.0,"max_hp_gain":0.0,"max_hp_loss":0.0,"gold_gain":0.0,"cards_transformed":["Strike_R"],"event_name":"Transmorgrifier","player_choice":"Transformed","floor":37.0,"gold_loss":0.0,"damage_taken":0.0,"cards_obtained":["Rage"]},{"damage_healed":0.0,"max_hp_gain":0.0,"max_hp_loss":0.0,"gold_gain":0.0,"event_name":"Tomb of Lord Red Mask","player_choice":"Ignored","floor":48.0,"gold_loss":0.0,"damage_taken":0.0}],"is_beta":false,"boss_relics":[{"not_picked":["Calling Bell","Black Star"],"picked":"Philosopher\u0027s Stone"},{"not_picked":["Tiny House","Runic Dome"],"picked":"Sozu"}],"items_purged_floors":[36],"is_endless":false,"potions_floor_spawned":[7,8,11,13,18,21,23,31,33,38,42,45],"ascension_level":20}}