{"host":"y6h8h5dnjuludn40","time":1609834336,"event":{"mods":["BaseMod","Colored Map","Colored Powertips","Googly Eyes","Hermit","Minty Spire (QoL Compilation)","Replay The Spire","StSLib","The Construct","The Hierophant"],"gold_per_floor":[113,129,147,24,36,36,311,330,330,349,369,386,386,396,396,495,495,510,525,538,549,560,560,574,592,666,666,684,697,697,714,714,812,812,831,845,282,296,296,296],"floor_reached":39,"playtime":2068,"items_purged":["Regret"],"score":414,"play_id":"de6e263f-1bae-45af-a696-2878691feb25","local_time":"20210105021216","is_ascension_mode":false,"campfire_choices":[{"data":"Zap","floor":6,"key":"SMITH"},{"data":"Defragment","floor":15,"key":"SMITH"},{"floor":23,"key":"REST"},{"data":"Creative AI","floor":32,"key":"SMITH"}],"circlet_count":0,"master_deck":["Strike_B","Strike_B","Strike_B","Defend_B","Defend_B","Defend_B","Defend_B","Zap+1","Dualcast","Hologram","Go for the Eyes","Self Repair+1","Coolheaded","Defragment+1","Leap","Amplify","Self Repair","Heatsinks","Leap","Electrodynamics","Scrape","Go for the Eyes","Coolheaded","Creative AI+1","Crystallizer","Beam Cell","Genetic Algorithm","Darkness","Storm+1","Lockon","Ball Lightning","Seek","Conserve Battery+1","Melter","Static Discharge"],"relics":["Cracked Core","Smiling Mask","Inserter","Chameleon Ring","SacredBark","Eternal Feather","Bronze Scales"],"acts_visited":["Exordium","TheCity","TheBeyond"],"potions_floor_usage":[11,12,16,29,31,33,33,36,39,39,39],"damage_taken":[{"damage":1,"enemies":"Jaw Worm","floor":1,"turns":3},{"damage":1,"enemies":"Cultist","floor":2,"turns":3},{"damage":9,"enemies":"Small Slimes","floor":3,"turns":3},{"damage":27,"enemies":"Gremlin Gang","floor":5,"turns":7},{"damage":2,"enemies":"Blue Slaver","floor":8,"turns":4},{"damage":23,"enemies":"Exordium Wildlife","floor":10,"turns":6},{"damage":9,"enemies":"Lots of Slimes","floor":11,"turns":5},{"damage":8,"enemies":"Blue Slaver","floor":12,"turns":4},{"damage":13,"enemies":"2 Fungi Beasts","floor":14,"turns":4},{"damage":34,"enemies":"Hexaghost","floor":16,"turns":17},{"damage":20,"enemies":"Shell Parasite","floor":18,"turns":6},{"damage":16,"enemies":"Chosen","floor":19,"turns":5},{"damage":22,"enemies":"3 Cultists","floor":20,"turns":4},{"damage":29,"enemies":"Shelled Parasite and Fungi","floor":21,"turns":8},{"damage":38,"enemies":"Snecko","floor":22,"turns":6},{"damage":17,"enemies":"Centurion and Healer","floor":24,"turns":8},{"damage":31,"enemies":"Snake Plant","floor":25,"turns":4},{"damage":55,"enemies":"Sentry and Sphere","floor":28,"turns":8},{"damage":7,"enemies":"Centurion and Healer","floor":29,"turns":6},{"damage":10,"enemies":"Snake Plant","floor":31,"turns":4},{"damage":41,"enemies":"Automaton","floor":33,"turns":8},{"damage":9,"enemies":"3 Shapes","floor":35,"turns":2},{"damage":15,"enemies":"Orb Walker","floor":36,"turns":2},{"damage":34,"enemies":"Jaw Worm Horde","floor":38,"turns":4},{"damage":43,"enemies":"2 Orb Walkers","floor":39,"turns":3}],"seed_played":"-6206244168857360422","potions_obtained":[{"floor":5,"key":"Ancient Potion"},{"floor":10,"key":"DistilledChaos"},{"floor":11,"key":"PowerPotion"},{"floor":12,"key":"Dexterity Potion"},{"floor":14,"key":"FairyPotion"},{"floor":18,"key":"Doom Potion"},{"floor":24,"key":"PotionOfCapacity"},{"floor":28,"key":"SkillPotion"},{"floor":30,"key":"DuplicationPotion"},{"floor":30,"key":"AttackPotion"},{"floor":31,"key":"LiquidMemories"},{"floor":35,"key":"Swift Potion"},{"floor":36,"key":"Dexterity Potion"}],"is_trial":false,"path_per_floor":["M","M","M","$","M","R","?","M","T","M","M","M","?","M","R","B",null,"M","M","M","M","M","R","M","M","T","?","M","M","?","M","R","B",null,"M","M","$","M","?"],"character_chosen":"DEFECT","items_purchased":["Coolheaded","Defragment","Eternal Feather","Static Discharge","Bronze Scales","SpeedPotion"],"campfire_rested":1,"item_purchase_floors":[4,4,37,37,37,37],"current_hp_per_floor":[74,73,64,64,44,44,44,49,49,33,38,37,37,41,41,34,75,72,73,68,56,28,50,57,43,43,43,47,57,57,47,47,23,75,66,51,51,34,0,0],"gold":296,"neow_bonus":"RANDOM_COMMON_RELIC","is_daily":false,"chose_seed":false,"campfire_upgraded":3,"win_rate":0.0,"timestamp":1609834336,"path_taken":["M","M","M","$","M","R","?","?","T","M","M","M","?","?","R","BOSS","M","M","M","M","M","R","M","M","T","?","?","?","?","M","R","BOSS","M","M","$","?","?"],"items_purchased_type":["Card","Card","Relic","Card","Relic","Potion"],"build_version":"2020-12-22","purchased_purges":1,"victory":false,"max_hp_per_floor":[75,75,75,75,75,75,75,75,75,75,75,75,75,75,75,75,75,75,75,75,75,75,75,75,75,75,75,75,75,75,75,75,75,75,75,75,75,75,75,75],"card_choices":[{"not_picked":["Panic Button","Blizzard"],"picked":"Hologram","floor":1},{"not_picked":["Rebound","BasicCrystalCard"],"picked":"Go for the Eyes","floor":2},{"not_picked":["Beam Cell","ReplaySolidLightProjector"],"picked":"Self Repair","floor":3},{"not_picked":["ReplayTheSpireMod:Repulse","Streamline"],"picked":"Leap","floor":5},{"not_picked":["Coolheaded","Double Energy"],"picked":"Amplify","floor":8},{"not_picked":["Gash","Auto Shields"],"picked":"Self Repair","floor":10},{"not_picked":["Gash","Auto Shields"],"picked":"Heatsinks","floor":11},{"not_picked":["Stack","Rip and Tear"],"picked":"Leap","floor":12},{"not_picked":["Turbo","Rebound","Sweeping Beam"],"picked":"SKIP","floor":14},{"not_picked":["ReplayTheSpireMod:Omega Cannon","All For One"],"picked":"Electrodynamics","floor":16},{"not_picked":["Compile Driver","Leap"],"picked":"Scrape","floor":18},{"not_picked":["Ball Lightning","Steam Power"],"picked":"Go for the Eyes","floor":19},{"not_picked":["Panic Button+1","Compile Driver"],"picked":"Coolheaded","floor":20},{"not_picked":["BasicCrystalCard+1","Ball Lightning"],"picked":"Creative AI","floor":21},{"not_picked":["Cold Snap","Sweeping Beam+1"],"picked":"Crystallizer","floor":22},{"not_picked":["Stack","Steam"],"picked":"Beam Cell","floor":24},{"not_picked":["Barrage","Hologram"],"picked":"Genetic Algorithm","floor":25},{"not_picked":["Rainbow","Lockon+1"],"picked":"Storm+1","floor":28},{"not_picked":["Beam Cell+1","Conserve Battery+1"],"picked":"Lockon","floor":29},{"not_picked":["Sweeping Beam","Panic Button"],"picked":"Ball Lightning","floor":31},{"not_picked":["Amplify","Multi-Cast"],"picked":"Seek","floor":33},{"not_picked":["Steam","ReplayTheSpireMod:Repulse+1"],"picked":"Conserve Battery+1","floor":35},{"not_picked":["Reprogram+1","Panic Button"],"picked":"Melter","floor":36},{"not_picked":["Panic Button+1","Doom and Gloom","Streamline"],"picked":"SKIP","floor":38}],"player_experience":258046,"relics_obtained":[{"floor":26,"key":"Chameleon Ring"}],"event_choices":[{"damage_healed":0,"gold_gain":275,"player_choice":"Desecrate","damage_taken":0,"max_hp_gain":0,"max_hp_loss":0,"event_name":"Golden Shrine","floor":7,"gold_loss":0,"cards_obtained":["Regret"]},{"damage_healed":0,"gold_gain":0,"player_choice":"Upgraded","damage_taken":0,"max_hp_gain":0,"max_hp_loss":0,"event_name":"Upgrade Shrine","floor":13,"gold_loss":0,"cards_upgraded":["Self Repair"]},{"damage_healed":0,"gold_gain":0,"cards_transformed":["Strike_B"],"player_choice":"Transformed","damage_taken":0,"max_hp_gain":0,"max_hp_loss":0,"event_name":"Transmorgrifier","floor":27,"gold_loss":0,"cards_obtained":["Darkness"]},{"damage_healed":0,"gold_gain":0,"player_choice":"Got Potions","damage_taken":0,"max_hp_gain":0,"max_hp_loss":0,"event_name":"Lab","floor":30,"gold_loss":0},{"damage_healed":0,"gold_gain":0,"player_choice":"Fight","damage_taken":0,"max_hp_gain":0,"max_hp_loss":0,"event_name":"Mysterious Sphere","floor":39,"gold_loss":0}],"is_beta":false,"boss_relics":[{"not_picked":["construct:ClawGrip","Tiny House"],"picked":"Inserter"},{"not_picked":["Ring of Chaos","Replay:Bronze Core"],"picked":"SacredBark"}],"items_purged_floors":[37],"is_endless":false,"potions_floor_spawned":[5,10,11,12,14,18,19,24,28,31,35,36],"killed_by":"2 Orb Walkers","ascension_level":0}}