{"host":"appz8zkad29u9482","time":1609813653,"event":{"mods":["2.2 Compatiblity","Act Like it!","Aspiration","BaseMod","Beaked The Cultist","Better Altar","Better Match","Better Note","Better Skull","Better Third Choice","BetterRewards","CapriCore","Conspire","Disable Question Mark Monsters","Energized Spire","Gensokyo","GifTheSpireLib","Gold Saver","Halation","Hermit","Hubris","Infinite Spire","Jedi Mod","Jorbs\u0027s Wanderer Trilogy","Koishi","Marisa????????","Minty Spire (QoL Compilation)","Permanent Neow","Reimu??????","Replay The Spire","Spicy Shops","StSLib","Strawberry Spire","Stuff the Spire","The Administrix","The Cursed","The Hierophant","The Immortal","The Marked","The Servant 0.9.4","yUi"],"gold_per_floor":[197,197,213,225,237,271,271,300,300,300,333,344,35,51,51,152,152,171,171,181,181,24,24,53,72,125,138,138,138],"floor_reached":28,"playtime":1624,"items_purged":[],"score":298,"play_id":"06f0fef1-63ff-4bfd-bd4d-f80144678f1a","local_time":"20210104162733","is_ascension_mode":true,"campfire_choices":[{"data":"Infernal Blade","floor":7,"key":"SMITH"},{"data":"Uppercut","floor":10,"key":"SMITH"},{"data":"Abandon","floor":15,"key":"SMITH"},{"data":"ReplayTheSpireMod:Strike From Hell","floor":23,"key":"SMITH"}],"circlet_count":0,"master_deck":["Strike_R","Strike_R","Strike_R","Strike_R","Defend_R","Defend_R","Defend_R","Defend_R","Bash","strawberrySpire:FireDrill","jedi:controlledanger+1","Infernal Blade+1","strawberrySpire:Hellbender+1","Pummel","Uppercut+1","Abandon+1","ReplayTheSpireMod:Strike From Hell+1","Feed","Immolate","StuffTheSpire:Resist+1","Dark Embrace+1","StuffTheSpire:Resist+1","strawberrySpire:JustAWound+1","strawberrySpire:GettingOverIt","Brutality+1"],"relics":["Burning Blood","Frozen Egg 2","aspiration:TomeofQuesting","halation:KoshaPiece","strawberrySpire:Treaders","Membership Card","Mirror","conspire:SlowCooker","Pear","Replay:Lucky Slots","Pet Ghost","Ginger","aspiration:EmptySkull"],"acts_visited":["Exordium","TheCity"],"potions_floor_usage":[5,6,16,16,28],"damage_taken":[{"damage":7,"enemies":"Small Slimes","floor":1,"turns":4},{"damage":0,"enemies":"Cultist","floor":3,"turns":2},{"damage":3,"enemies":"Jaw Worm","floor":4,"turns":3},{"damage":5,"enemies":"Looter","floor":5,"turns":3},{"damage":31,"enemies":"Lagavulin","floor":6,"turns":5},{"damage":34,"enemies":"3 Sentries","floor":8,"turns":7},{"damage":26,"enemies":"Lagavulin","floor":11,"turns":5},{"damage":5,"enemies":"Blue Slaver","floor":12,"turns":2},{"damage":9,"enemies":"2 Fungi Beasts","floor":14,"turns":2},{"damage":3,"enemies":"Hexaghost","floor":16,"turns":7},{"damage":25,"enemies":"Shell Parasite","floor":18,"turns":3},{"damage":19,"enemies":"Chosen","floor":20,"turns":6},{"damage":22,"enemies":"Gremlin Leader","floor":24,"turns":5},{"damage":25,"enemies":"Shelled Parasite and Fungi","floor":25,"turns":4},{"damage":24,"enemies":"Snecko","floor":27,"turns":5},{"damage":18,"enemies":"Slavers","floor":28,"turns":1}],"seed_played":"-3326287010521005592","potions_obtained":[{"floor":4,"key":"Adrenaline Potion"},{"floor":5,"key":"Regen Potion"},{"floor":11,"key":"jedi:tentaclejuice"},{"floor":14,"key":"SteroidPotion"},{"floor":18,"key":"jedi:hoardpotion"},{"floor":27,"key":"EssenceOfSteel"}],"is_trial":false,"path_per_floor":["M","?","M","M","M","E","R","E","T","R","E","M","$","M","R","B",null,"M","T","M","?","$","R","E","M","T","M","E"],"character_chosen":"IRONCLAD","items_purchased":["Membership Card","Feed","Mirror","Block Potion","StuffTheSpire:Resist+1","Replay:Lucky Slots","Pet Ghost"],"campfire_rested":0,"item_purchase_floors":[13,13,13,13,22,22,22],"current_hp_per_floor":[79,79,80,80,80,62,62,34,34,34,14,15,15,15,15,18,83,64,74,61,61,61,61,45,29,29,11,0,0],"gold":138,"neow_bonus":"RANDOM_EVENT","is_daily":false,"chose_seed":false,"campfire_upgraded":4,"win_rate":0.0,"timestamp":1609813653,"path_taken":["M","?","?","M","M","E","R","E","T","R","E","M","$","M","R","BOSS","M","?","M","?","$","R","E","?","T","M","E"],"items_purchased_type":["Relic","Card","Relic","Potion","Card","Relic","Relic"],"build_version":"2020-12-22","purchased_purges":0,"victory":false,"max_hp_per_floor":[80,80,80,80,80,80,80,80,80,80,80,80,80,83,83,83,83,83,93,93,93,93,93,93,96,96,96,96,96],"card_choices":[{"not_picked":["hubris:ReadiedAction","StuffTheSpire:Slingshot"],"picked":"strawberrySpire:FireDrill","floor":1},{"not_picked":["Uppercut","Body Slam"],"picked":"jedi:controlledanger+1","floor":3},{"not_picked":["Replay:Undeath\u0027s Touch","strawberrySpire:Endurance"],"picked":"Infernal Blade","floor":4},{"not_picked":["jedi:fear","Cleave"],"picked":"strawberrySpire:Hellbender+1","floor":5},{"not_picked":["Flex","StuffTheSpire:RockThrow"],"picked":"Pummel","floor":6},{"not_picked":["Clash","strawberrySpire:Endurance"],"picked":"Uppercut","floor":8},{"not_picked":["True Grit","Clash"],"picked":"Abandon","floor":11},{"not_picked":["Clothesline","hubris:SharpeningStone"],"picked":"ReplayTheSpireMod:Strike From Hell","floor":12},{"not_picked":["strawberrySpire:DebrisPile","Defy Death","Twin Strike"],"picked":"SKIP","floor":14},{"not_picked":["Demonic Infusion","conspire:HitWhereItHurts"],"picked":"Immolate","floor":16},{"not_picked":["hubris:CleavingFinish","StuffTheSpire:BloodClot+1"],"picked":"StuffTheSpire:Resist+1","floor":18},{"not_picked":["Perfected Strike","Sword Boomerang"],"picked":"Dark Embrace+1","floor":20},{"not_picked":["Sword Boomerang+1","Replay:Undeath\u0027s Touch+1"],"picked":"strawberrySpire:JustAWound+1","floor":24},{"not_picked":["Iron Wave+1","conspire:Charge+1"],"picked":"strawberrySpire:GettingOverIt","floor":25},{"not_picked":["Sword Boomerang","Thunderclap"],"picked":"Brutality+1","floor":27}],"player_experience":467359,"relics_obtained":[{"floor":6,"key":"aspiration:TomeofQuesting"},{"floor":8,"key":"halation:KoshaPiece"},{"floor":11,"key":"strawberrySpire:Treaders"},{"floor":19,"key":"Pear"},{"floor":24,"key":"Ginger"},{"floor":26,"key":"aspiration:EmptySkull"}],"event_choices":[{"damage_healed":0,"gold_gain":0,"player_choice":"Box","damage_taken":0,"relics_obtained":["Frozen Egg 2"],"max_hp_gain":0,"max_hp_loss":0,"event_name":"Big Fish","floor":0,"gold_loss":0,"cards_obtained":["Regret"]},{"cards_removed":["Regret"],"damage_healed":0,"gold_gain":0,"player_choice":"Purged","damage_taken":0,"max_hp_gain":0,"max_hp_loss":0,"event_name":"Purifier","floor":2,"gold_loss":0},{"cards_removed":["Strike_R"],"damage_healed":0,"gold_gain":0,"player_choice":"Purged","damage_taken":0,"max_hp_gain":0,"max_hp_loss":0,"event_name":"Purifier","floor":21,"gold_loss":0}],"is_beta":false,"boss_relics":[{"not_picked":["halation:ForbiddenBikini","Snecko Eye"],"picked":"conspire:SlowCooker"}],"items_purged_floors":[],"is_endless":false,"potions_floor_spawned":[4,5,11,14,18,27],"killed_by":"Slavers","ascension_level":1}}