{"host":"y89x8uui45kcjy42","time":1609809946,"event":{"mods":["2.2 Compatiblity","BaseMod","CapriCore","Colored Map","Colored Powertips","Custom Start","Friendly Minions","Keyboard Shortcuts","Lobotomy","Minty Spire (QoL Compilation)","Relic Stats","Slay the Relics Exporter","StSLib","SuperFastMode","Uncapped"],"gold_per_floor":[99,99,49,49,49,49,2049,2049,2100,2100,2125,2225,1956,1967,1967,2069,2069,2069,1915,1915,1915,1928,1956,1956,1990,2064,2096,2096,2096,2096,2113,2113,2216,2216,2234,2234,2184,2184,2184],"floor_reached":40,"playtime":1469,"items_purged":[],"score":1201,"play_id":"705d117f-7f31-40aa-9d63-5b10d666a46b","local_time":"20210105102546","is_ascension_mode":true,"campfire_choices":[{"data":"1","floor":6,"key":"LIFT"},{"data":"2","floor":8,"key":"LIFT"},{"data":"3","floor":10,"key":"LIFT"},{"data":"Master of Strategy","floor":15,"key":"SMITH"},{"floor":24,"key":"RECALL"},{"data":"Dark Embrace","floor":30,"key":"SMITH"},{"data":"Impervious","floor":32,"key":"SMITH"}],"circlet_count":0,"master_deck":["Barricade+1","Entrench+1","Entrench+1","Body Slam+1","Body Slam+1","Impervious+1","Impervious+1","Offering+1","Power Through+1","Second Wind+1","Master of Strategy+1","Offering+1","Impervious+1","Dark Embrace+1"],"relics":["Black Blood","Anchor","Anchor","HornCleat","HornCleat","CaptainsWheel","CaptainsWheel","OrangePellets","SlaversCollar","Coffee Dripper","ClockworkSouvenir","Coffee Dripper","Ice Cream","Mummified Hand","Bag of Preparation","Ring of the Serpent","Ring of the Serpent","Sundial","Sundial","TheAbacus","TheAbacus","Girya","Shovel","CogitoBucket","Coffee Dripper","Potion Belt","SacredBark","Bronze Scales","DollysMirror","Potion Belt","LuminousBracelet","Boot","Pantograph","Kunai","WingedGreaves","Turnip","HellTrain"],"acts_visited":["Exordium","TheCity","TheBeyond"],"potions_floor_usage":[],"damage_taken":[{"damage":0,"enemies":"Jaw Worm","floor":1,"turns":1},{"damage":0,"enemies":"Lagavulin","floor":11,"turns":1},{"damage":0,"enemies":"2 Louse","floor":14,"turns":2},{"damage":6,"enemies":"Hexaghost","floor":16,"turns":1},{"damage":0,"enemies":"Spheric Guardian","floor":18,"turns":1},{"damage":6,"enemies":"Chosen","floor":22,"turns":1},{"damage":12,"enemies":"Slavers","floor":23,"turns":1},{"damage":0,"enemies":"Gremlin Leader","floor":25,"turns":1},{"damage":6,"enemies":"Slavers","floor":27,"turns":1},{"damage":0,"enemies":"Gremlin Leader","floor":29,"turns":1},{"damage":12,"enemies":"Sentry and Sphere","floor":31,"turns":1},{"damage":0,"enemies":"Collector","floor":33,"turns":1},{"damage":6,"enemies":"3 Shapes","floor":35,"turns":1},{"damage":0,"enemies":"Time Eater","floor":39,"turns":1},{"damage":12,"enemies":"Malkuth","floor":40,"turns":2},{"damage":12,"enemies":"Hod","floor":40,"turns":1},{"damage":12,"enemies":"Geburah","floor":40,"turns":4},{"damage":12,"enemies":"Binah","floor":40,"turns":3},{"damage":6,"enemies":"Angela","floor":40,"turns":1}],"seed_played":"8158058776884495009","potions_obtained":[{"floor":1,"key":"Swift Potion"},{"floor":16,"key":"Ancient Potion"},{"floor":18,"key":"EntropicBrew"},{"floor":22,"key":"HeartOfIron"},{"floor":29,"key":"SpeedPotion"}],"is_trial":false,"path_per_floor":["M","?","$","?","T","R","$","R","T","R","E","?","$","M","R","B",null,"M","$","$","?","M","E","R","E","T","E","?","E","R","M","R","B",null,"M","?","$","?","B",null],"character_chosen":"IRONCLAD","items_purchased":["SpeedPotion","HeartOfIron","Master of Strategy","DollysMirror","SpeedPotion"],"campfire_rested":0,"item_purchase_floors":[3,13,13,19,37],"current_hp_per_floor":[80,80,80,80,80,80,80,80,80,80,80,80,80,80,80,80,80,80,80,80,80,95,95,95,95,95,95,95,95,95,95,95,95,95,95,95,95,95,95],"gold":2184,"neow_bonus":"","is_daily":false,"chose_seed":false,"campfire_upgraded":3,"win_rate":0.0,"timestamp":1609809946,"path_taken":["M","?","$","?","?","R","$","R","T","R","E","?","$","?","R","BOSS","M","$","$","?","?","E","R","E","T","E","?","E","R","?","R","BOSS","M","?","$","?","BOSS"],"items_purchased_type":["Potion","Potion","Card","Relic","Potion"],"build_version":"2020-12-22","purchased_purges":0,"victory":true,"max_hp_per_floor":[80,80,80,80,80,80,80,80,80,80,80,80,80,80,80,80,80,80,80,80,80,95,95,95,95,95,95,95,95,95,95,95,95,95,95,95,95,95,95],"relic_stats":{"counters":[21,28],"Black Blood":96,"Bag of Preparation":[42],"Boot":[0],"OrangePellets":[1],"TheAbacus":[480],"Shovel":0,"Mummified Hand":[33],"Sundial":[52],"Bronze Scales":[21],"Pantograph":0,"Turnip":[0],"Kunai":[2],"obtain_stats":[{"Ice Cream":0,"SacredBark":2,"Black Blood":0,"LuminousBracelet":22,"Bag of Preparation":0,"Boot":23,"Burning Blood":0,"ClockworkSouvenir":0,"CogitoBucket":0,"HornCleat":0,"TheAbacus":0,"Shovel":0,"Mummified Hand":0,"Sundial":0,"DollysMirror":19,"Pantograph":26,"WingedGreaves":0,"Kunai":27,"Potion Belt":2,"Girya":0,"OrangePellets":0,"SlaversCollar":0,"Anchor":0,"CaptainsWheel":0,"Bronze Scales":11,"Turnip":29,"Coffee Dripper":0,"HellTrain":31,"Ring of the Serpent":0},{"Ice Cream":0,"SacredBark":1,"Black Blood":0,"LuminousBracelet":7,"Bag of Preparation":0,"Boot":8,"Burning Blood":0,"ClockworkSouvenir":0,"CogitoBucket":0,"HornCleat":0,"TheAbacus":0,"Shovel":0,"Mummified Hand":0,"Sundial":0,"DollysMirror":5,"Pantograph":9,"WingedGreaves":0,"Kunai":10,"Potion Belt":1,"Girya":0,"OrangePellets":0,"SlaversCollar":0,"Anchor":0,"CaptainsWheel":0,"Bronze Scales":2,"Turnip":11,"Coffee Dripper":0,"HellTrain":13,"Ring of the Serpent":0},{"Ice Cream":0,"SacredBark":1,"Black Blood":0,"LuminousBracelet":8,"Bag of Preparation":0,"Boot":9,"Burning Blood":0,"ClockworkSouvenir":0,"CogitoBucket":0,"HornCleat":0,"TheAbacus":0,"Shovel":0,"Mummified Hand":0,"Sundial":0,"DollysMirror":6,"Pantograph":10,"WingedGreaves":0,"Kunai":11,"Potion Belt":1,"Girya":0,"OrangePellets":0,"SlaversCollar":0,"Anchor":0,"CaptainsWheel":0,"Bronze Scales":2,"Turnip":12,"Coffee Dripper":0,"HellTrain":14,"Ring of the Serpent":0}]},"card_choices":[{"not_picked":["Wild Strike","Blood for Blood","Disarm"],"picked":"SKIP","floor":1},{"not_picked":["Combust","Uppercut","Shockwave"],"picked":"SKIP","floor":11},{"not_picked":["Anger","Reaper","Cleave"],"picked":"SKIP","floor":14},{"not_picked":["Sword Boomerang","Thunderclap","Body Slam"],"picked":"SKIP","floor":18},{"not_picked":["Pommel Strike","Anger","Iron Wave+1"],"picked":"SKIP","floor":22},{"not_picked":["Shockwave","Clothesline","Metallicize"],"picked":"SKIP","floor":23},{"not_picked":["Armaments+1","Thunderclap+1"],"picked":"Impervious","floor":25},{"not_picked":["Iron Wave+1","Fire Breathing","Sword Boomerang"],"picked":"SKIP","floor":27},{"not_picked":["Iron Wave","Headbutt"],"picked":"Dark Embrace","floor":29},{"not_picked":["Wild Strike","Havoc","Headbutt+1"],"picked":"SKIP","floor":31},{"not_picked":["Havoc","Evolve+1","Pommel Strike+1"],"picked":"SKIP","floor":35}],"player_experience":568452,"relics_obtained":[{"floor":11,"key":"Bronze Scales"},{"floor":23,"key":"Boot"},{"floor":26,"key":"Pantograph"},{"floor":27,"key":"Kunai"},{"floor":29,"key":"Turnip"}],"event_choices":[{"damage_healed":0,"gold_gain":0,"player_choice":"Grow","damage_taken":0,"max_hp_gain":0,"max_hp_loss":0,"event_name":"Living Wall","floor":2,"gold_loss":0,"cards_upgraded":["Power Through"]},{"damage_healed":0,"gold_gain":0,"player_choice":"Ignored","damage_taken":0,"max_hp_gain":0,"max_hp_loss":0,"event_name":"Golden Wing","floor":4,"gold_loss":0},{"damage_healed":0,"gold_gain":100,"player_choice":"Pray","damage_taken":0,"max_hp_gain":0,"max_hp_loss":0,"event_name":"Golden Shrine","floor":12,"gold_loss":0},{"damage_healed":0,"gold_gain":0,"player_choice":"Ignored","damage_taken":0,"max_hp_gain":0,"max_hp_loss":0,"event_name":"NoteForYourself","floor":21,"gold_loss":0},{"damage_healed":0,"gold_gain":0,"player_choice":"Leave","damage_taken":0,"max_hp_gain":0,"max_hp_loss":0,"event_name":"FaceTrader","floor":28,"gold_loss":0},{"damage_healed":0,"gold_gain":0,"player_choice":"Ignored","damage_taken":0,"max_hp_gain":0,"max_hp_loss":0,"event_name":"Tomb of Lord Red Mask","floor":36,"gold_loss":0},{"damage_healed":0,"gold_gain":0,"player_choice":"Took Portal","damage_taken":0,"max_hp_gain":0,"max_hp_loss":0,"event_name":"SecretPortal","floor":38,"gold_loss":0}],"is_beta":false,"boss_relics":[{"not_picked":["Astrolabe","Busted Crown","Cursed Key"]},{"not_picked":["Philosopher\u0027s Stone","SacredBark","Fusion Hammer"]}],"items_purged_floors":[],"is_endless":false,"potions_floor_spawned":[1,16,18,22,29,31],"ascension_level":1}}