{"host":"fhq3k2nq5elnbks3","time":1609833504,"event":{"mods":["100% Spire Juice","2.2 Compatiblity","AchievementEnabler","Act Like it!","AlwaysNeverKeys","Aspiration","BaseMod","Better Vampires","Better-Laid Plans","Block Reminder","CCEM","Card Filter","Colored Powertips","Displayed Cursed Tome","Fireblade Mod","Friendly Minions","GifTheSpireLib","Gremlin Skip","HololiveMod","Koishi","Marisa????????","Minty Spire (QoL Compilation)","Permanent Neow","Prisma Mod","Quick Restart","Reimu??????","Relic Filter","Robot Space Explorer","Shop Mod","Spikes Relics","StSLib","SuperFastMode","The Gatherer","The Servant 0.9.4","The Trickster","The Wild Card","TheBandit","Transform Curses","Uncapped","Unknown Chances","thorton","vexMod"],"gold_per_floor":[89,89,101,113,124,124,38,57,57,57,85,85,85,95,95,95,95],"floor_reached":16,"playtime":1190,"items_purged":[],"score":137,"play_id":"f61b4368-410b-4015-9643-d47794f11133","local_time":"20210105015824","is_ascension_mode":false,"campfire_choices":[{"data":"Moonworks:Ambush","floor":6,"key":"SMITH"},{"data":"Moonworks:EvilSpyWorkPreparation","floor":10,"key":"SMITH"},{"data":"Moonworks:EvilSpyWorkPreparation","floor":15,"key":"SMITH"}],"circlet_count":0,"master_deck":["Moonworks:Strike+1","Moonworks:Strike","Moonworks:Strike+1","Moonworks:Strike","Moonworks:Defend","Moonworks:Defend","Moonworks:Defend","Moonworks:Defend","Moonworks:Ambush+1","Moonworks:LongDistanceShot","Moonworks:MiracleRedBeanIceCream","Moonworks:EvilSpyWorkPreparation+1","Moonworks:EvilSpyWorkPreparation+1"],"relics":["Moonworks:BrokenBomb","Moonworks:Homemark","SnailShell","Bronze Scales","Whetstone","Question Card"],"acts_visited":["Exordium"],"potions_floor_usage":[],"damage_taken":[{"damage":0,"enemies":"Cultist","floor":1,"turns":3},{"damage":0,"enemies":"2 Louse","floor":3,"turns":4},{"damage":0,"enemies":"Jaw Worm","floor":4,"turns":2},{"damage":0,"enemies":"2 Fungi Beasts","floor":5,"turns":2},{"damage":12,"enemies":"Lagavulin","floor":7,"turns":3},{"damage":0,"enemies":"Looter","floor":8,"turns":2},{"damage":0,"enemies":"3 Sentries","floor":11,"turns":3},{"damage":0,"enemies":"Blue Slaver","floor":14,"turns":2},{"damage":22,"enemies":"The Guardian","floor":16,"turns":4}],"seed_played":"-7029131147419606970","potions_obtained":[{"floor":1,"key":"GamblersBrew"},{"floor":3,"key":"Strength Potion"},{"floor":7,"key":"Fire Potion"}],"is_trial":false,"path_per_floor":["M","?","M","M","M","R","E","M","T","R","E","$","?","M","R","B"],"character_chosen":"THE_STARBREAKER","items_purchased":[],"campfire_rested":0,"item_purchase_floors":[],"current_hp_per_floor":[60,60,60,60,60,60,48,48,48,48,48,48,23,23,23,1,1],"gold":95,"neow_bonus":"HUNDRED_GOLD","is_daily":false,"chose_seed":false,"campfire_upgraded":3,"win_rate":0.0,"timestamp":1609833504,"path_taken":["M","?","?","M","M","R","E","M","T","R","E","?","?","M","R","BOSS"],"items_purchased_type":[],"build_version":"2020-12-22","purchased_purges":0,"victory":false,"max_hp_per_floor":[60,60,60,60,60,60,60,60,60,60,60,60,60,60,60,60,60],"card_choices":[{"not_picked":["Moonworks:Poppoformation","Moonworks:SakisCookie","Moonworks:UnpaidWork"],"picked":"SKIP","floor":1},{"not_picked":["Moonworks:SealedMemories","Moonworks:TreasureThief"],"picked":"Moonworks:MiracleRedBeanIceCream","floor":3},{"not_picked":["Moonworks:NicePresent","Moonworks:BeyondHell"],"picked":"Moonworks:EvilSpyWorkPreparation","floor":4},{"not_picked":["Moonworks:TacticalRetreat","Moonworks:Poppoformation","Moonworks:WindyEnchantment"],"picked":"SKIP","floor":5},{"not_picked":["Moonworks:CloudOfSeagulls","Moonworks:Assault","Moonworks:JonathanRush"],"picked":"SKIP","floor":7},{"not_picked":["Moonworks:IndiscriminateFireSupport","Moonworks:NicePresent","Moonworks:Flamethrower"],"picked":"SKIP","floor":8},{"not_picked":["Moonworks:ScrambledEve","Moonworks:SakisCookie","Moonworks:AnotherUltimateWeapon"],"picked":"SKIP","floor":11},{"not_picked":["Moonworks:ImOnFire","Moonworks:Poppoformation","Moonworks:RagingMadness"],"picked":"Moonworks:EvilSpyWorkPreparation","floor":14}],"player_experience":349454,"relics_obtained":[{"floor":7,"key":"SnailShell"},{"floor":9,"key":"Bronze Scales"},{"floor":11,"key":"Whetstone"}],"event_choices":[{"damage_healed":0,"gold_gain":0,"player_choice":"Bought 0 Potions","damage_taken":0,"max_hp_gain":0,"max_hp_loss":0,"event_name":"The Woman in Blue","floor":2,"gold_loss":0},{"damage_healed":0,"gold_gain":0,"player_choice":"Success","damage_taken":25,"relics_obtained":["Question Card"],"max_hp_gain":0,"max_hp_loss":0,"event_name":"Scrap Ooze","floor":13,"gold_loss":0}],"is_beta":false,"boss_relics":[],"items_purged_floors":[],"is_endless":false,"potions_floor_spawned":[1,3,7,11],"killed_by":"The Guardian","ascension_level":0}}