{"host":"gg","time":1609816086,"event":{"mods":["BaseMod","Colored Map","Googly Eyes","Minty Spire (QoL Compilation)","Permanent Neow","Relic Stats","The IronCluck"],"gold_per_floor":[109,109,109,121,131,158,158,188,213,239,259,64,64,76,76,150,150,150,150,150,150,150,150,150,150,150,150,150,150,150,150,150,150,150,150,150,150,97,97,97,97,97,97,97,97,97,97,97,97,97,97,97,97,97,97],"floor_reached":56,"playtime":5195,"items_purged":["Defend_P"],"score":2244,"play_id":"4d0e0472-a459-49f8-a179-79256e79cc03","local_time":"20210104190806","is_ascension_mode":true,"campfire_choices":[{"data":"Eruption","floor":7.0,"key":"SMITH"},{"data":"Adaptation","floor":13.0,"key":"SMITH"},{"data":"CrushJoints","floor":15.0,"key":"SMITH"},{"data":"TalkToTheHand","floor":23.0,"key":"SMITH"},{"floor":27.0,"key":"REST"},{"data":"RitualDagger","floor":32.0,"key":"SMITH"},{"data":"Meditate","floor":40.0,"key":"SMITH"},{"data":"Vault","floor":42.0,"key":"SMITH"},{"floor":49.0,"key":"RECALL"},{"data":"Omniscience","floor":52.0,"key":"SMITH"}],"circlet_count":0,"master_deck":["AscendersBane","Strike_P","Strike_P+1","Strike_P","Strike_P","Defend_P","Defend_P","Defend_P+1","Eruption+1","Vigilance","CurseOfTheBell","Conclude","Adaptation+1","FlurryOfBlows","Consecrate","Brilliance","CrushJoints+1","Wallop","Tantrum","CutThroughFate","FlyingSleeves","ThirdEye","Vault+1","Halt+1","WheelKick","RitualDagger+1","TalkToTheHand+1","Meditate+1","Weave","EmptyBody","FlyingSleeves+1","EmptyMind","JustLucky","Wireheading","Establishment","Weave","FearNoEvil+1","Scrawl","EmptyFist+1","EmptyBody+1","Omniscience+1","JustLucky+1"],"relics":["Calling Bell","Tiny Chest","Shuriken","Prayer Wheel","Smiling Mask","Boot","Ornamental Fan","Potion Belt","Ectoplasm","Blood Vial","Enchiridion","Dream Catcher","Ancient Tea Set","Anchor","Red Mask","Mercury Hourglass","SacredBark","Mango","Molten Egg 2","TeardropLocket","Bag of Preparation","Strawberry","Bag of Marbles"],"acts_visited":["Exordium","TheCity","TheBeyond","TheEnding"],"potions_floor_usage":[55,55,55,55],"damage_taken":[{"damage":7.0,"enemies":"2 Louse","floor":1.0,"turns":4.0},{"damage":1.0,"enemies":"Small Slimes","floor":4.0,"turns":2.0},{"damage":7.0,"enemies":"Jaw Worm","floor":5.0,"turns":4.0},{"damage":0.0,"enemies":"Lagavulin","floor":6.0,"turns":3.0},{"damage":2.0,"enemies":"3 Sentries","floor":8.0,"turns":2.0},{"damage":0.0,"enemies":"Red Slaver","floor":11.0,"turns":2.0},{"damage":0.0,"enemies":"Looter","floor":14.0,"turns":2.0},{"damage":9.0,"enemies":"Hexaghost","floor":16.0,"turns":6.0},{"damage":0.0,"enemies":"Spheric Guardian","floor":18.0,"turns":2.0},{"damage":0.0,"enemies":"3 Byrds","floor":22.0,"turns":4.0},{"damage":7.0,"enemies":"Slavers","floor":24.0,"turns":4.0},{"damage":5.0,"enemies":"Sentry and Sphere","floor":25.0,"turns":3.0},{"damage":6.0,"enemies":"Book of Stabbing","floor":28.0,"turns":4.0},{"damage":6.0,"enemies":"Masked Bandits","floor":29.0,"turns":4.0},{"damage":0.0,"enemies":"Shelled Parasite and Fungi","floor":30.0,"turns":3.0},{"damage":9.0,"enemies":"Automaton","floor":33.0,"turns":5.0},{"damage":6.0,"enemies":"3 Shapes","floor":35.0,"turns":3.0},{"damage":0.0,"enemies":"2 Orb Walkers","floor":36.0,"turns":2.0},{"damage":13.0,"enemies":"Giant Head","floor":41.0,"turns":6.0},{"damage":4.0,"enemies":"Reptomancer","floor":45.0,"turns":4.0},{"damage":0.0,"enemies":"Orb Walker","floor":46.0,"turns":2.0},{"damage":0.0,"enemies":"Jaw Worm Horde","floor":47.0,"turns":2.0},{"damage":0.0,"enemies":"Sphere and 2 Shapes","floor":48.0,"turns":3.0},{"damage":0.0,"enemies":"Donu and Deca","floor":50.0,"turns":5.0},{"damage":0.0,"enemies":"Shield and Spear","floor":54.0,"turns":2.0},{"damage":1,"enemies":"The Heart","floor":55,"turns":6}],"seed_played":"5214575600123989943","potions_obtained":[{"floor":1.0,"key":"SneckoOil"},{"floor":5.0,"key":"Swift Potion"},{"floor":8.0,"key":"LiquidMemories"},{"floor":11.0,"key":"Dexterity Potion"},{"floor":14.0,"key":"Fire Potion"},{"floor":16.0,"key":"DuplicationPotion"},{"floor":22.0,"key":"Ancient Potion"},{"floor":28.0,"key":"Fire Potion"},{"floor":29.0,"key":"DistilledChaos"},{"floor":33.0,"key":"BottledMiracle"},{"floor":41.0,"key":"LiquidBronze"},{"floor":45.0,"key":"DuplicationPotion"}],"is_trial":false,"path_per_floor":["M","?","?","M","M","E","R","E","T","T","M","$","R","M","R","B",null,"M","T","?","?","M","R","E","M","T","R","E","?","M","T","R","B",null,"M","?","?","$","?","R","E","R","T","T","E","M","M","M","R","B",null,"R","$","E","B",null],"character_chosen":"WATCHER","items_purchased":["Tantrum","CutThroughFate","Weak Potion"],"campfire_rested":1,"item_purchase_floors":[12,12,38],"current_hp_per_floor":[54,34,23,22,15,15,15,13,13,13,13,13,13,13,13,4,52,52,52,46,25,27,27,22,19,19,39,35,31,33,33,33,26,58,54,70,70,70,70,70,59,59,59,59,64,66,68,70,70,72,85,85,85,87,88],"gold":97,"neow_bonus":"BOSS_RELIC","is_daily":false,"chose_seed":false,"campfire_upgraded":8,"win_rate":0.0,"timestamp":1609816086,"path_taken":["M","?","?","M","M","E","R","E","T","?","M","$","R","M","R","BOSS","M","?","?","?","M","R","E","M","T","R","E","?","M","?","R","BOSS","M","?","?","$","?","R","E","R","T","?","E","M","M","M","R","BOSS","R","$","E","BOSS"],"items_purchased_type":["Card","Card","Potion"],"build_version":"2020-12-18","purchased_purges":1,"victory":true,"max_hp_per_floor":[68,68,68,68,68,68,68,68,68,68,68,68,68,68,68,68,68,68,68,68,68,68,68,68,68,68,68,68,68,68,68,68,68,68,68,82,82,82,82,82,82,82,82,82,89,89,89,89,89,89,89,89,89,89,89],"relic_stats":{"counters":[26,89],"Bag of Preparation":[14],"Smiling Mask":25,"Boot":[88],"Mercury Hourglass":[172],"Blood Vial":34,"Dream Catcher":1,"Shuriken":[80],"Ornamental Fan":[292],"Tiny Chest":3,"Prayer Wheel":13,"Ectoplasm":711,"obtain_stats":[{"Potion Belt":10,"SacredBark":34,"Enchiridion":21,"Mango":36,"Bag of Preparation":44,"TeardropLocket":43,"Smiling Mask":3,"Boot":6,"Ancient Tea Set":26,"Mercury Hourglass":31,"Calling Bell":0,"Blood Vial":19,"Dream Catcher":24,"Anchor":28,"Shuriken":0,"Ornamental Fan":8,"Strawberry":45,"Tiny Chest":0,"Prayer Wheel":0,"Molten Egg 2":41,"Ectoplasm":17,"Red Mask":29,"Bag of Marbles":54,"PureWater":0},{"Potion Belt":5,"SacredBark":16,"Enchiridion":9,"Mango":18,"Bag of Preparation":19,"TeardropLocket":19,"Smiling Mask":1,"Boot":4,"Ancient Tea Set":12,"Mercury Hourglass":15,"Calling Bell":0,"Blood Vial":9,"Dream Catcher":11,"Anchor":13,"Shuriken":0,"Ornamental Fan":5,"Strawberry":20,"Tiny Chest":0,"Prayer Wheel":0,"Molten Egg 2":19,"Ectoplasm":8,"Red Mask":14,"Bag of Marbles":25,"PureWater":0},{"Potion Belt":15,"SacredBark":54,"Enchiridion":27,"Mango":59,"Bag of Preparation":65,"TeardropLocket":65,"Smiling Mask":4,"Boot":13,"Ancient Tea Set":38,"Mercury Hourglass":49,"Calling Bell":0,"Blood Vial":27,"Dream Catcher":35,"Anchor":42,"Shuriken":0,"Ornamental Fan":15,"Strawberry":69,"Tiny Chest":0,"Prayer Wheel":0,"Molten Egg 2":65,"Ectoplasm":25,"Red Mask":46,"Bag of Marbles":83,"PureWater":0}]},"card_choices":[{"not_picked":["ClearTheMind","BowlingBash"],"picked":"Conclude","floor":1.0},{"not_picked":["EmptyBody","Sanctity","Halt"],"picked":"SKIP","floor":1.0},{"not_picked":["ClearTheMind","Collect"],"picked":"Adaptation","floor":4.0},{"not_picked":["Collect","Prostrate","Wireheading"],"picked":"SKIP","floor":4.0},{"not_picked":["ThirdEye","SignatureMove"],"picked":"FlurryOfBlows","floor":5.0},{"not_picked":["MasterReality","Protect","DeceiveReality"],"picked":"SKIP","floor":5.0},{"not_picked":["SandsOfTime","DeceiveReality"],"picked":"Consecrate","floor":6.0},{"not_picked":["Alpha","Vengeance"],"picked":"Brilliance","floor":8.0},{"not_picked":["Prostrate","Vengeance"],"picked":"CrushJoints","floor":11.0},{"not_picked":["EmptyFist","Consecrate"],"picked":"Wallop","floor":11.0},{"not_picked":["Indignation","Vengeance"],"picked":"FlyingSleeves","floor":14.0},{"not_picked":["Nirvana","WindmillStrike"],"picked":"ThirdEye","floor":14.0},{"not_picked":["Establishment","Blasphemy"],"picked":"Vault","floor":16.0},{"not_picked":["PathToVictory+1","EmptyBody"],"picked":"Halt+1","floor":18.0},{"not_picked":["Vengeance","WaveOfTheHand"],"picked":"WheelKick","floor":18.0},{"not_picked":["Wireheading","CrushJoints"],"picked":"TalkToTheHand","floor":22.0},{"not_picked":["BattleHymn","Pray","CrushJoints"],"picked":"SKIP","floor":22.0},{"not_picked":["Crescendo","Adaptation"],"picked":"Meditate","floor":24.0},{"not_picked":["Consecrate","FearNoEvil"],"picked":"Weave","floor":25.0},{"not_picked":["PathToVictory","Prostrate+1"],"picked":"EmptyBody","floor":25.0},{"not_picked":["Crescendo+1","BattleHymn"],"picked":"FlyingSleeves+1","floor":27.0},{"not_picked":["Wish","Study"],"picked":"EmptyMind","floor":28.0},{"not_picked":["Indignation","Wallop"],"picked":"JustLucky","floor":29.0},{"not_picked":["CrushJoints","Swivel"],"picked":"Wireheading","floor":30.0},{"not_picked":["ClearTheMind","SandsOfTime"],"picked":"CutThroughFate","floor":30.0},{"not_picked":["Devotion","Brilliance"],"picked":"Establishment","floor":33.0},{"not_picked":["CutThroughFate","Evaluate"],"picked":"Weave","floor":35.0},{"not_picked":["EmptyBody","EmptyFist","Study"],"picked":"SKIP","floor":35.0},{"not_picked":["PathToVictory","JustLucky+1"],"picked":"FearNoEvil+1","floor":41.0},{"not_picked":["WindmillStrike+1","ClearTheMind","CarveReality+1"],"picked":"SKIP","floor":45.0},{"not_picked":["EmptyBody","CutThroughFate+1"],"picked":"Scrawl","floor":46.0},{"not_picked":["Halt+1","SashWhip+1","ClearTheMind+1"],"picked":"SKIP","floor":46.0},{"not_picked":["ForeignInfluence","SashWhip+1"],"picked":"EmptyFist+1","floor":47.0},{"not_picked":["SashWhip+1","FlyingSleeves+1"],"picked":"EmptyBody+1","floor":47.0},{"not_picked":["Halt+1","WreathOfFlame"],"picked":"Omniscience","floor":48.0},{"not_picked":["ClearTheMind+1","Prostrate+1","ForeignInfluence"],"picked":"SKIP","floor":48.0},{"not_picked":["FollowUp+1","Prostrate+1"],"picked":"JustLucky+1","floor":54.0}],"player_experience":1043946,"relics_obtained":[{"floor":0.0,"key":"Tiny Chest"},{"floor":0.0,"key":"Shuriken"},{"floor":0.0,"key":"Prayer Wheel"},{"floor":6.0,"key":"Boot"},{"floor":8.0,"key":"Ornamental Fan"},{"floor":10.0,"key":"Potion Belt"},{"floor":19.0,"key":"Blood Vial"},{"floor":21.0,"key":"Enchiridion"},{"floor":24.0,"key":"Dream Catcher"},{"floor":26.0,"key":"Ancient Tea Set"},{"floor":28.0,"key":"Anchor"},{"floor":29.0,"key":"Red Mask"},{"floor":31.0,"key":"Mercury Hourglass"},{"floor":36.0,"key":"Mango"},{"floor":41.0,"key":"Molten Egg 2"},{"floor":43.0,"key":"TeardropLocket"},{"floor":44.0,"key":"Bag of Preparation"},{"floor":45.0,"key":"Strawberry"},{"floor":54.0,"key":"Bag of Marbles"}],"event_choices":[{"damage_healed":0.0,"max_hp_gain":0.0,"max_hp_loss":0.0,"gold_gain":0.0,"event_name":"Shining Light","player_choice":"Entered Light","floor":2.0,"gold_loss":0.0,"damage_taken":20.0,"cards_upgraded":["Strike_P","Defend_P"]},{"damage_healed":0.0,"max_hp_gain":0.0,"max_hp_loss":0.0,"gold_gain":0.0,"event_name":"Scrap Ooze","player_choice":"Success","floor":3.0,"gold_loss":0.0,"damage_taken":11.0,"relics_obtained":["Smiling Mask"]},{"damage_healed":0.0,"max_hp_gain":0.0,"max_hp_loss":0.0,"gold_gain":0.0,"event_name":"Nest","player_choice":"Joined the Cult","floor":20.0,"gold_loss":0.0,"damage_taken":6.0,"cards_obtained":["RitualDagger"]},{"damage_healed":0.0,"max_hp_gain":0.0,"max_hp_loss":0.0,"gold_gain":0.0,"event_name":"Cursed Tome","player_choice":"Obtained Book","floor":21.0,"gold_loss":0.0,"damage_taken":21.0},{"damage_healed":0.0,"max_hp_gain":0.0,"max_hp_loss":0.0,"gold_gain":0.0,"event_name":"Masked Bandits","player_choice":"Fought Bandits","floor":29.0,"gold_loss":0.0,"damage_taken":0.0},{"damage_healed":0.0,"max_hp_gain":0.0,"max_hp_loss":0.0,"gold_gain":0.0,"event_name":"Mysterious Sphere","player_choice":"Fight","floor":36.0,"gold_loss":0.0,"damage_taken":0.0},{"cards_removed":["CutThroughFate"],"damage_healed":0.0,"max_hp_gain":0.0,"max_hp_loss":0.0,"gold_gain":0.0,"event_name":"Falling","player_choice":"Removed Attack","floor":37.0,"gold_loss":0.0,"damage_taken":0.0},{"damage_healed":0.0,"max_hp_gain":0.0,"max_hp_loss":0.0,"gold_gain":222.0,"event_name":"Tomb of Lord Red Mask","player_choice":"Wore Mask","floor":39.0,"gold_loss":0.0,"damage_taken":0.0}],"is_beta":true,"boss_relics":[{"not_picked":["Snecko Eye","Velvet Choker"],"picked":"Ectoplasm"},{"not_picked":["Runic Dome","Philosopher\u0027s Stone"],"picked":"SacredBark"}],"items_purged_floors":[12],"is_endless":false,"potions_floor_spawned":[1,5,8,11,14,16,22,28,29,33,41,45,47,48],"ascension_level":17}}