{"host":"0nfdmr2b19ur4mbc","time":1609850003,"event":{"mods":["2.2 Compatiblity","AchievementEnabler","Aspiration","BaseMod","Better Match","Better Note","Better Third Choice","Better Vampires","Disable Question Mark Monsters","Googly Eyes","Hubris","Infinite Spire","Minty Spire (QoL Compilation)","Quick Restart","Rare Cards Sparkle","Replay The Spire","StSLib"],"gold_per_floor":[111,209,209,209,209,209,247,268,318,337,360,376,415,159,159,278,278,291,291,291,291,310,310,349,349,427,427,466,298,316,355,355,508,508,560,560,619,675,742,829,509,567,567,567,692,757,348,402,402,402,402,402,53,90,90],"floor_reached":56,"playtime":4319,"items_purged":["ReplayTheSpireMod:Splinters","Strike_G","Strike_G","Defend_G"],"score":1373,"play_id":"6d9d18b8-5b0e-4018-9641-0fc0f20da390","local_time":"20210105133323","is_ascension_mode":true,"campfire_choices":[{"data":"Replay:Dark Deal","floor":15.0,"key":"SMITH"},{"data":"Replay:Bag of Tricks","floor":23.0,"key":"SMITH"},{"data":"hubris:SlightOfHand","floor":25.0,"key":"SMITH"},{"floor":44.0,"key":"REST"},{"floor":49,"key":"RECALL"},{"data":"hubris:InfiniteBlow+7","floor":52,"key":"SMITH"}],"circlet_count":0,"master_deck":["Strike_G","Strike_G","Strike_G","Defend_G","Defend_G","Defend_G","Defend_G","Survivor","Neutralize","Blade Dance","hubris:Sniper","Blade Dance","Cloak And Dagger","infinitespire:Starlight","ReplayTheSpireMod:Speed Training","Quick Slash","Replay:Bag of Tricks+1","ReplayTheSpireMod:The Works","Hidden Blade","hubris:SlightOfHand+1","Replay:Dark Deal+1","Venomology+1","Choke+1","Deflect","Underhanded Strike+1","Accuracy","Calculated Gamble","A Thousand Cuts+1","Acrobatics","Infinite Blades","Underhanded Strike","ReplayTheSpireMod:Shiv Toss","Panache","Hidden Blade+1","hubris:InfiniteBlow+8","Tactician","Hidden Blade+1","Blade Dance+1","hubris:SlightOfHand+1","Blade Dance+1"],"relics":["Ring of the Snake","NeowsBlessing","Golden Idol","InkBottle","Torii","hubris:TenFootPole","Replay:Bottled Flurry","Snecko Scales","Lantern","Pear","infinitespire:FocusingShard","Medical Kit","hubris:SphereOfDissonance","Nunchaku","infinitespire:EvilPickle","aspiration:SecretTechniqueScroll","infinitespire:Lucky Rock","Prayer Wheel","hubris:SlimyHat","hubris:Metronome","aspiration:SneckoTail","Pet Ghost","infinitespire:Bottled Soul"],"acts_visited":["Exordium","TheCity","TheBeyond","TheEnding"],"potions_floor_usage":[46,50,50,54,54,55],"damage_taken":[{"damage":0.0,"enemies":"Small Slimes","floor":1.0,"turns":1.0},{"damage":0.0,"enemies":"3 Sentries","floor":7.0,"turns":1.0},{"damage":0.0,"enemies":"Jaw Worm","floor":8.0,"turns":1.0},{"damage":0.0,"enemies":"2 Louse","floor":10.0,"turns":3.0},{"damage":1.0,"enemies":"2 Fungi Beasts","floor":11.0,"turns":4.0},{"damage":0.0,"enemies":"Looter","floor":12.0,"turns":4.0},{"damage":22.0,"enemies":"Lagavulin","floor":13.0,"turns":7.0},{"damage":18.0,"enemies":"Hexaghost","floor":16.0,"turns":9.0},{"damage":7.0,"enemies":"3 Byrds","floor":18.0,"turns":5.0},{"damage":0.0,"enemies":"Spheric Guardian","floor":22.0,"turns":3.0},{"damage":31.0,"enemies":"Book of Stabbing","floor":24.0,"turns":4.0},{"damage":22.0,"enemies":"Slavers","floor":28.0,"turns":4.0},{"damage":0.0,"enemies":"Snecko","floor":30.0,"turns":2.0},{"damage":21.0,"enemies":"Nightmare","floor":31.0,"turns":4.0},{"damage":20.0,"enemies":"Pondfish","floor":33.0,"turns":8.0},{"damage":8.0,"enemies":"3 Darklings","floor":35.0,"turns":3.0},{"damage":23.0,"enemies":"3 Shapes","floor":37.0,"turns":4.0},{"damage":22.0,"enemies":"Writhing Mass","floor":38.0,"turns":4.0},{"damage":0.0,"enemies":"Transient","floor":39.0,"turns":5.0},{"damage":68.0,"enemies":"R_Hoarder","floor":40.0,"turns":4.0},{"damage":0.0,"enemies":"Spire Growth","floor":42.0,"turns":2.0},{"damage":8.0,"enemies":"infinitespire:Three Voidlings","floor":45.0,"turns":3.0},{"damage":28.0,"enemies":"Nightmare_Alpha","floor":45.0,"turns":3.0},{"damage":6,"enemies":"4 Shapes","floor":46,"turns":1},{"damage":3,"enemies":"Nemesis","floor":48,"turns":3},{"damage":38,"enemies":"Donu and Deca","floor":50,"turns":4},{"damage":35,"enemies":"Shield and Spear","floor":54,"turns":3},{"damage":2,"enemies":"The Heart","floor":55,"turns":1}],"seed_played":"-2509249653828540976","potions_obtained":[{"floor":11.0,"key":"Ancient Potion"},{"floor":12.0,"key":"SteroidPotion"},{"floor":13.0,"key":"GamblersBrew"},{"floor":33.0,"key":"SteroidPotion"},{"floor":40.0,"key":"Adrenaline Potion"},{"floor":42.0,"key":"Energy Potion"},{"floor":54,"key":"LiquidMemories"}],"is_trial":false,"path_per_floor":["M","?","?","?","T","?","E","M","T","M","M","M","E","$","R","B",null,"M","?","?","$","M","R","E","R","T","AVR","E","$","M","NM","R","B",null,"M","?","M","M","M","E","$","M","T","R","?","M","$","E","R","B",null,"R","$","E","B",null],"character_chosen":"THE_SILENT","items_purchased":["Replay:Dark Deal","Accuracy","Panache","hubris:SlimyHat","hubris:Metronome","Pet Ghost","Swift Potion"],"campfire_rested":1,"item_purchase_floors":[14,29,41,47,47,53,53],"current_hp_per_floor":[70,70,54,37,37,37,47,47,47,47,56,56,44,44,44,36,70,69,69,69,69,69,69,58,58,58,58,46,46,66,55,79,69,80,72,72,61,59,69,11,11,21,21,45,29,38,38,55,55,27,80,80,80,45,53],"gold":90,"neow_bonus":"THREE_ENEMY_KILL","is_daily":false,"chose_seed":false,"campfire_upgraded":4,"win_rate":0.0,"timestamp":1609850003,"path_taken":["M","?","?","?","?","?","E","M","T","M","M","?","E","$","R","BOSS","M","?","?","?","M","R","E","R","T","AVR","E","$","M","NM","R","BOSS","M","?","M","?","M","E","$","M","T","R","?","M","$","E","R","BOSS","R","$","E","BOSS"],"items_purchased_type":["Card","Card","Card","Relic","Relic","Relic","Potion"],"build_version":"2020-12-22","purchased_purges":4,"victory":true,"max_hp_per_floor":[70,70,70,70,70,70,70,70,70,70,70,70,70,70,70,70,70,70,70,70,70,70,70,80,80,80,80,80,80,80,80,80,80,80,80,80,80,80,80,80,80,80,80,80,80,80,80,80,80,80,80,80,80,80,80],"card_choices":[{"not_picked":["Prepared","hubris:SlightOfHand"],"picked":"Blade Dance","floor":1.0},{"not_picked":["Prepared","Dagger Spray"],"picked":"hubris:Sniper","floor":2.0},{"not_picked":["Predator","Quick Slash"],"picked":"Blade Dance","floor":2.0},{"not_picked":["Backflip","Blade Dance"],"picked":"Cloak And Dagger","floor":2.0},{"not_picked":["infinitespire:SealOfDarkness+","infinitespire:Oblivion"],"picked":"infinitespire:Starlight","floor":3.0},{"not_picked":["Outmaneuver","Slice"],"picked":"ReplayTheSpireMod:Speed Training","floor":7.0},{"not_picked":["Fluid Movement","Deadly Poison"],"picked":"Quick Slash","floor":8.0},{"not_picked":["Deadly Poison","Setup"],"picked":"Replay:Bag of Tricks","floor":10.0},{"not_picked":["Blade Dance","Poisoned Stab"],"picked":"ReplayTheSpireMod:The Works","floor":11.0},{"not_picked":["PiercingWail","Bane"],"picked":"Hidden Blade","floor":12.0},{"not_picked":["Slice","Terror"],"picked":"hubris:SlightOfHand","floor":13.0},{"not_picked":["Unload","Wraith Form v2"],"picked":"Venomology","floor":16.0},{"not_picked":["Blur","All Out Attack+1"],"picked":"Choke","floor":18.0},{"not_picked":["Skewer","Well Laid Plans","Riddle With Holes"],"picked":"SKIP","floor":22.0},{"not_picked":["Leg Sweep+1","Flying Knee"],"picked":"Deflect","floor":24.0},{"not_picked":["Backstab+1","Sucker Punch"],"picked":"Underhanded Strike+1","floor":28.0},{"not_picked":["Deadly Poison","Poisoned Stab+1"],"picked":"Calculated Gamble","floor":30.0},{"not_picked":["Poisoned Stab","Quick Slash","Flechettes+1"],"picked":"SKIP","floor":31.0},{"not_picked":["Storm of Steel","ReplayTheSpireMod:Necrosis"],"picked":"A Thousand Cuts","floor":33.0},{"not_picked":["Dagger Spray","Deflect"],"picked":"Acrobatics","floor":35.0},{"not_picked":["Prepared","Distraction+1"],"picked":"Infinite Blades","floor":37.0},{"not_picked":["Quick Slash","Blur+1"],"picked":"Underhanded Strike","floor":38.0},{"not_picked":["Dagger Spray","Footwork+1"],"picked":"ReplayTheSpireMod:Shiv Toss","floor":39.0},{"not_picked":["Riddle With Holes+1","Noxious Fumes","Blade Dance"],"picked":"SKIP","floor":40.0},{"not_picked":["Poisoned Stab","Calculated Gamble+1"],"picked":"Hidden Blade+1","floor":42.0},{"not_picked":["infinitespire:Fortify","infinitespire:Gouge"],"picked":"hubris:InfiniteBlow+6","floor":45},{"not_picked":["Draining Mist+1","Sucker Punch+1"],"picked":"Tactician","floor":45},{"not_picked":["Noxious Fumes","Underhanded Strike"],"picked":"Hidden Blade+1","floor":46},{"not_picked":["Blur+1","Crippling Poison"],"picked":"Blade Dance+1","floor":46},{"not_picked":["Bane","Blade Dance"],"picked":"hubris:SlightOfHand+1","floor":48},{"not_picked":["Toxin Wave","Backflip"],"picked":"Blade Dance+1","floor":54}],"player_experience":140617,"relics_obtained":[{"floor":5.0,"key":"InkBottle"},{"floor":7.0,"key":"Torii"},{"floor":9.0,"key":"hubris:TenFootPole"},{"floor":13.0,"key":"Replay:Bottled Flurry"},{"floor":24.0,"key":"Pear"},{"floor":26.0,"key":"infinitespire:FocusingShard"},{"floor":28.0,"key":"hubris:SphereOfDissonance"},{"floor":31.0,"key":"Nunchaku"},{"floor":40.0,"key":"infinitespire:Lucky Rock"},{"floor":45,"key":"Prayer Wheel"},{"floor":48,"key":"aspiration:SneckoTail"},{"floor":54,"key":"infinitespire:Bottled Soul"}],"event_choices":[{"damage_healed":0.0,"max_hp_gain":0.0,"max_hp_loss":0.0,"gold_gain":0.0,"event_name":"Golden Idol","player_choice":"Take Damage","floor":4.0,"gold_loss":0.0,"damage_taken":17.0,"relics_obtained":["Golden Idol"]},{"damage_healed":0.0,"max_hp_gain":0.0,"max_hp_loss":0.0,"gold_gain":0.0,"event_name":"betterThird:BetterScrap","player_choice":"LEAVE","floor":6.0,"gold_loss":0.0,"damage_taken":0.0,"cards_obtained":["Fusion"]},{"damage_healed":0.0,"max_hp_gain":0.0,"max_hp_loss":0.0,"gold_gain":0.0,"event_name":"WeMeetAgain","player_choice":"Gave Potion","floor":19.0,"gold_loss":0.0,"damage_taken":0.0,"relics_obtained":["Lantern"]},{"damage_healed":0.0,"max_hp_gain":0.0,"max_hp_loss":0.0,"gold_gain":0.0,"event_name":"Accursed Blacksmith","player_choice":"Forge","floor":20.0,"gold_loss":0.0,"damage_taken":0.0,"cards_upgraded":["Venomology"]},{"damage_healed":0.0,"max_hp_gain":0.0,"max_hp_loss":0.0,"gold_gain":0.0,"event_name":"Upgrade Shrine","player_choice":"Upgraded","floor":36.0,"gold_loss":0.0,"damage_taken":0.0,"cards_upgraded":["A Thousand Cuts"]},{"damage_healed":0,"gold_gain":0,"player_choice":"Upgraded","damage_taken":0,"max_hp_gain":0,"max_hp_loss":0,"event_name":"Upgrade Shrine","floor":45,"gold_loss":0,"cards_upgraded":["hubris:InfiniteBlow"]}],"is_beta":false,"boss_relics":[{"not_picked":["Busted Crown","Empty Cage"],"picked":"Snecko Scales"},{"not_picked":["Ring of the Serpent","Velvet Choker"],"picked":"aspiration:SecretTechniqueScroll"}],"items_purged_floors":[14,29,41,53],"is_endless":false,"potions_floor_spawned":[11,12,13,30,31,33,37,40,42,45,45,54],"ascension_level":1}}