{"host":"fjyrzoy7zi2e08p3","time":1609858404,"event":{"mods":["Aspiration","BaseMod","BetterRewards","Colored Map","Colored Powertips","Dota2Spire","Downfall","Highlight Path","KinomotoSakuraMod(木之本樱)","Marisa（F雨　魔理沙）","Minty Spire (QoL Compilation)","Quick Restart","Remilia（蕾米莉亚）","RumiaBox-露米娅的神秘盒子","Spicy Shops","StSLib","SuperFastMode","Waifu the Spire","WarShipGirlsR/战舰少女R mod"],"gold_per_floor":[110,110,185,360,360,360,18,49,49,78,92,92,110,124,124,226,226,236,252,252,262,242,242,273,283,283,310,54,54,89,89,89,186,186,197,197,214,234,281,332,332,349,349,380,392,409,420,445,445,445],"floor_reached":51,"playtime":2351,"items_purged":["rmod:defend","Doubt"],"score":1861,"play_id":"4fecd1ce-e3da-4fc6-a117-76cd56fbf59a","local_time":"20210105225324","is_ascension_mode":true,"campfire_choices":[{"data":"rmod:supportaircraftcarrier","floor":6.0,"key":"SMITH"},{"data":"Apotheosis","floor":12.0,"key":"SMITH"},{"data":"rmod:openingtorpedo","floor":15.0,"key":"SMITH"},{"data":"rmod:royalracing","floor":23.0,"key":"SMITH"},{"data":"rmod:ridicule","floor":32.0,"key":"SMITH"},{"data":"rmod:secretscript","floor":41,"key":"SMITH"},{"data":"rmod:maintain","floor":49,"key":"SMITH"}],"circlet_count":0,"master_deck":["rmod:strick","rmod:strick","rmod:strick","rmod:defend","rmod:defend","rmod:defend","rmod:basicallowance","rmod:maingunfire","rmod:firesupport","rmod:openingtorpedo+1","Apotheosis+1","rmod:supportaircraftcarrier+1","rmod:highspeedmaneuver","rmod:advancebysurprise","rmod:rockthrower","rmod:secretscript+1","rmod:royalracing+1","rmod:aluminumsupply","rmod:ridicule+1","J.A.X.","rmod:garrisonisland","rmod:generalist","Master of Strategy","rmod:expedition+1","rmod:expeditionaryescort","rmod:wife","rmod:maintain+1","Parasite","rmod:concentratefire+1"],"relics":["rmod:firstchargereward","Mummified Hand","Pantograph","FossilizedHelix","InkBottle","Lantern","Torii","aspiration:HummingbirdHeart","Dota2Spire:CrimsonGuard","Dota2Spire:AghanimScepter","MagicDraw4","SlaversCollar","Unceasing Top","Dota2Spire:Desolator","GodSword5","Dota2Spire:BladeMail","Kunai"],"acts_visited":["Exordium","TheCity","TheBeyond"],"potions_floor_usage":[44,50],"damage_taken":[{"damage":0.0,"enemies":"2 Louse","floor":1.0,"turns":2.0},{"damage":11.0,"enemies":"3 Sentries","floor":8.0,"turns":5.0},{"damage":0.0,"enemies":"Lagavulin","floor":10.0,"turns":4.0},{"damage":0.0,"enemies":"Small Slimes","floor":11.0,"turns":1.0},{"damage":0.0,"enemies":"Cultist","floor":13.0,"turns":2.0},{"damage":0.0,"enemies":"Exordium Thugs","floor":14.0,"turns":2.0},{"damage":3.0,"enemies":"The Guardian","floor":16.0,"turns":3.0},{"damage":0.0,"enemies":"Spheric Guardian","floor":18.0,"turns":2.0},{"damage":0.0,"enemies":"Shell Parasite","floor":19.0,"turns":1.0},{"damage":40.0,"enemies":"Snake Plant","floor":21.0,"turns":3.0},{"damage":15.0,"enemies":"Gremlin Leader","floor":24.0,"turns":3.0},{"damage":0.0,"enemies":"Cultist and Chosen","floor":25.0,"turns":3.0},{"damage":0.0,"enemies":"Book of Stabbing","floor":27.0,"turns":2.0},{"damage":4.0,"enemies":"Gremlin Leader","floor":30.0,"turns":3.0},{"damage":19.0,"enemies":"Collector","floor":33.0,"turns":4.0},{"damage":0.0,"enemies":"3 Darklings","floor":35.0,"turns":1.0},{"damage":0,"enemies":"Orb Walker","floor":37,"turns":2},{"damage":0,"enemies":"4 Shapes","floor":38,"turns":1},{"damage":0,"enemies":"2 Orb Walkers","floor":39,"turns":2},{"damage":3,"enemies":"Giant Head","floor":40,"turns":1},{"damage":0,"enemies":"Maw","floor":42,"turns":1},{"damage":0,"enemies":"Reptomancer","floor":44,"turns":2},{"damage":0,"enemies":"Writhing Mass","floor":45,"turns":2},{"damage":0,"enemies":"Transient","floor":46,"turns":5},{"damage":0,"enemies":"Jaw Worm Horde","floor":47,"turns":1},{"damage":0,"enemies":"Nemesis","floor":48,"turns":1},{"damage":0,"enemies":"Awakened One","floor":50,"turns":3}],"seed_played":"-1621006021747478873","potions_obtained":[{"floor":10.0,"key":"DuplicationPotion"},{"floor":11.0,"key":"LiquidMemories"},{"floor":14.0,"key":"FairyPotion"},{"floor":39,"key":"LiquidBronze"},{"floor":40,"key":"SkillPotion"},{"floor":44,"key":"SkillPotion"}],"is_trial":false,"path_per_floor":["M","?","?","?","?","R","$","E","T","E","M","R","M","M","R","B",null,"M","M","?","M","?","R","E","M","T","E","$","?","E","?","R","B",null,"M","?","M","M","?","E","R","M","T","E","M","M","M","E","R","B",null],"character_chosen":"PRAEFECT","items_purchased":["Mummified Hand","Pantograph","rmod:firesupport","rmod:openingtorpedo","Apotheosis","rmod:supportaircraftcarrier","InkBottle","rmod:generalist","Master of Strategy"],"campfire_rested":0,"item_purchase_floors":[0,0,0,0,0,0,7,28,28],"current_hp_per_floor":[44,44,33,33,58,58,58,47,47,47,47,47,47,47,47,69,74,74,74,74,34,34,34,19,19,19,19,19,27,23,15,15,21,62,62,62,62,62,62,59,59,59,59,59,59,59,61,63,63,75],"gold":445,"neow_bonus":"","is_daily":false,"chose_seed":false,"campfire_upgraded":7,"win_rate":0.0,"timestamp":1609858404,"path_taken":["M","?","?","?","?","R","$","E","T","E","M","R","M","M","R","BOSS","M","M","?","M","?","R","E","M","T","E","$","?","E","?","R","BOSS","M","?","M","M","?","E","R","M","T","E","M","M","M","E","R","BOSS"],"items_purchased_type":["Relic","Relic","Card","Card","Card","Card","Relic","Card","Card"],"build_version":"2020-12-22","purchased_purges":2,"victory":true,"max_hp_per_floor":[75,75,75,75,75,75,75,75,75,75,75,75,75,75,75,75,75,75,75,75,75,75,75,75,75,75,75,75,75,75,75,75,75,75,75,75,75,75,75,75,75,75,75,75,75,75,75,75,75,75],"card_choices":[{"not_picked":["rmod:ammunitionsupply","rmod:unsinkable","rmod:intelligenceanalysis"],"picked":"SKIP","floor":1.0},{"not_picked":["rmod:ammunitionsupply","rmod:highspeedshooting"],"picked":"rmod:advancebysurprise","floor":8.0},{"not_picked":["rmod:unsinkable","rmod:launchingtorpedo"],"picked":"rmod:rockthrower","floor":10.0},{"not_picked":["rmod:firesupport","rmod:intelligenceanalysis"],"picked":"rmod:secretscript","floor":11.0},{"not_picked":["rmod:diamondstrike","rmod:selfconfidence"],"picked":"rmod:royalracing","floor":13.0},{"not_picked":["rmod:launchingtorpedo","rmod:steelsupply"],"picked":"rmod:aluminumsupply","floor":14.0},{"not_picked":["rmod:u235","rmod:desperatesituation"],"picked":"rmod:ridicule","floor":16.0},{"not_picked":["rmod:tearstotiara","rmod:goodfighter","rmod:intelligenceanalysis"],"picked":"SKIP","floor":18.0},{"not_picked":["rmod:aluminumsupply","rmod:luckystar","rmod:chargemoney+1"],"picked":"SKIP","floor":19.0},{"not_picked":["rmod:wolves","rmod:ring","rmod:capitalist"],"picked":"SKIP","floor":21.0},{"not_picked":["rmod:fletcherpendant","rmod:steelsupply","rmod:desperatesituation"],"picked":"SKIP","floor":24.0},{"not_picked":["rmod:highspeedshooting","rmod:fuelsupply"],"picked":"rmod:garrisonisland","floor":25.0},{"not_picked":["rmod:unsinkable","rmod:tearstotiara","rmod:aviationdawn"],"picked":"SKIP","floor":27.0},{"not_picked":["rmod:aluminumsupply","rmod:firesupport"],"picked":"rmod:expedition+1","floor":30.0},{"not_picked":["rmod:lastglory","rmod:fletcher"],"picked":"rmod:expeditionaryescort","floor":33.0},{"not_picked":["rmod:combined","rmod:supportescort"],"picked":"rmod:wife","floor":35.0},{"not_picked":["rmod:victimresponsibility","rmod:unsinkable+1","rmod:highspeedshooting"],"picked":"SKIP","floor":37},{"not_picked":["rmod:combined","rmod:aviationdawn+1","rmod:unsinkable+1"],"picked":"SKIP","floor":38},{"not_picked":["rmod:shuttlebombing+1","rmod:ring+1"],"picked":"rmod:maintain","floor":40},{"not_picked":["rmod:ammunitionsupply+1","rmod:steelsupply+1","rmod:mineteam+1"],"picked":"SKIP","floor":42},{"not_picked":["rmod:bulid+1","rmod:abidefaith","rmod:tearstotiara+1"],"picked":"SKIP","floor":44},{"not_picked":["rmod:heivgo","rmod:tearstotiara"],"picked":"rmod:concentratefire+1","floor":45},{"not_picked":["rmod:overbreakdown+1","rmod:highspeedshooting","rmod:luckystar+1"],"picked":"SKIP","floor":46},{"not_picked":["rmod:overbreakdown+1","rmod:supportescort+1","rmod:fuelsupply"],"picked":"SKIP","floor":47},{"not_picked":["rmod:steelsupply","rmod:fletcherpendant","rmod:advancebysurprise"],"picked":"SKIP","floor":48}],"player_experience":132231,"relics_obtained":[{"floor":8.0,"key":"Lantern"},{"floor":10.0,"key":"Torii"},{"floor":24.0,"key":"aspiration:HummingbirdHeart"},{"floor":26.0,"key":"Dota2Spire:CrimsonGuard"},{"floor":27.0,"key":"Dota2Spire:AghanimScepter"},{"floor":30.0,"key":"MagicDraw4"},{"floor":39,"key":"Unceasing Top"},{"floor":40,"key":"Dota2Spire:Desolator"},{"floor":43,"key":"GodSword5"},{"floor":44,"key":"Dota2Spire:BladeMail"},{"floor":48,"key":"Kunai"}],"event_choices":[{"damage_healed":0.0,"max_hp_gain":0.0,"max_hp_loss":0.0,"gold_gain":0.0,"cards_transformed":["rmod:strick"],"event_name":"Living Wall","player_choice":"Change","floor":2.0,"gold_loss":0.0,"damage_taken":0.0,"cards_obtained":["rmod:highspeedmaneuver"]},{"damage_healed":0.0,"max_hp_gain":0.0,"max_hp_loss":0.0,"gold_gain":75.0,"event_name":"World of Goop","player_choice":"Gather Gold","floor":3.0,"gold_loss":0.0,"damage_taken":11.0},{"damage_healed":0.0,"max_hp_gain":0.0,"max_hp_loss":0.0,"gold_gain":175.0,"event_name":"Liars Game","player_choice":"AGREE","floor":4.0,"gold_loss":0.0,"damage_taken":0.0,"cards_obtained":["Doubt"]},{"damage_healed":25.0,"max_hp_gain":0.0,"max_hp_loss":0.0,"gold_gain":0.0,"event_name":"Big Fish","player_choice":"Banana","floor":5.0,"gold_loss":0.0,"damage_taken":0.0},{"damage_healed":0.0,"max_hp_gain":0.0,"max_hp_loss":0.0,"gold_gain":0.0,"event_name":"Drug Dealer","player_choice":"Obtain J.A.X.","floor":20.0,"gold_loss":0.0,"damage_taken":0.0,"cards_obtained":["J.A.X."]},{"damage_healed":0,"gold_gain":0,"player_choice":"Memory 1","damage_taken":0,"max_hp_gain":0,"max_hp_loss":0,"event_name":"SensoryStone","floor":36,"gold_loss":0},{"damage_healed":0,"gold_gain":0,"player_choice":"Fight","damage_taken":0,"max_hp_gain":0,"max_hp_loss":0,"event_name":"Mysterious Sphere","floor":39,"gold_loss":0}],"is_beta":false,"boss_relics":[{"not_picked":["Ectoplasm","aspiration:DefectSkillbook","AddBug"]},{"not_picked":["Velvet Choker","aspiration:WatcherSkillbook"],"picked":"SlaversCollar"}],"items_purged_floors":[0,7],"is_endless":false,"potions_floor_spawned":[10,11,14,16,18,24,33,39,40,44,45,47,48],"ascension_level":9}}