{"host":"kncugt8qnf1emsb0","time":1609830955,"event":{"mods":["ATMod(阿瑾Mod)","AchievementEnabler","Act Like it!","BaseMod","Dota2Spire","Friendly Minions","Hallownest","KomeijiMod","Minty Spire (QoL Compilation)","MostiFishMod","Quick Restart","RumiaBox-露米娅的神秘盒子","Shop Mod","Spicy Shops","StSLib","TestMod","The Alterego","【功能Mod】聪明的最终Boss","【遗物卡牌】REMEMod"],"gold_per_floor":[113,113,113,288,563,563,563],"floor_reached":6,"playtime":263,"items_purged":[],"score":32,"play_id":"d5ce4c09-e119-41e8-9bf0-22abfc4b7c28","local_time":"20210105151555","is_ascension_mode":false,"campfire_choices":[],"circlet_count":0,"master_deck":["alterego_mod:Strike","alterego_mod:Strike","alterego_mod:Strike","alterego_mod:Strike","alterego_mod:Defend","alterego_mod:Defend","alterego_mod:Defend","alterego_mod:Defend","alterego_mod:Impale","alterego_mod:BigMeatyClaws","alterego_mod:BrynhildrsRune","AT_PowerWithin","Adrenaline","alterego_mod:BiFurious","Regret","Doubt","Regret"],"relics":["alterego_mod:MasochisticConstitution","DaveBox","testmod-TestBox","REME_ComplimentaryCards","AT_ATBox","testmod-Hope","NightmareShop","SynthV:TestCard","Golden Idol","AT_SilverBalance"],"acts_visited":["Exordium"],"potions_floor_usage":[],"damage_taken":[{"damage":14,"enemies":"2 Louse","floor":1,"turns":3},{"damage":53,"enemies":"Lagavulin","floor":6,"turns":3}],"seed_played":"-6313921168394648575","potions_obtained":[],"is_trial":false,"path_per_floor":["M","?","?","?","?","E"],"character_chosen":"The_Alterego","items_purchased":[],"campfire_rested":0,"item_purchase_floors":[],"current_hp_per_floor":[64,64,64,64,64,0,0],"gold":563,"neow_bonus":"TEN_PERCENT_HP_BONUS","is_daily":false,"chose_seed":false,"campfire_upgraded":0,"win_rate":0.0,"timestamp":1609830955,"path_taken":["M","?","?","?","?","E"],"items_purchased_type":[],"build_version":"2020-12-22","purchased_purges":0,"victory":false,"max_hp_per_floor":[78,72,72,72,72,72,72],"card_choices":[{"not_picked":["alterego_mod:Clones","alterego_mod:Rip"],"picked":"alterego_mod:BiFurious","floor":1}],"player_experience":15580,"relics_obtained":[{"floor":1,"key":"SynthV:TestCard"}],"event_choices":[{"damage_healed":0,"gold_gain":0,"player_choice":"Lose Max HP","damage_taken":0,"relics_obtained":["Golden Idol"],"max_hp_gain":0,"max_hp_loss":6,"event_name":"Golden Idol","floor":2,"gold_loss":0},{"damage_healed":0,"gold_gain":0,"player_choice":"Box","damage_taken":0,"relics_obtained":["AT_SilverBalance"],"max_hp_gain":0,"max_hp_loss":0,"event_name":"Big Fish","floor":3,"gold_loss":0,"cards_obtained":["Regret"]},{"damage_healed":0,"gold_gain":175,"player_choice":"AGREE","damage_taken":0,"max_hp_gain":0,"max_hp_loss":0,"event_name":"Liars Game","floor":4,"gold_loss":0,"cards_obtained":["Doubt"]},{"damage_healed":0,"gold_gain":275,"player_choice":"Desecrate","damage_taken":0,"max_hp_gain":0,"max_hp_loss":0,"event_name":"Golden Shrine","floor":5,"gold_loss":0,"cards_obtained":["Regret"]}],"is_beta":false,"boss_relics":[],"items_purged_floors":[],"is_endless":false,"potions_floor_spawned":[],"killed_by":"Lagavulin","ascension_level":0}}