{"host":"2nhpogk5xa0u9xre","time":1609877496,"event":{"mods":["Aspiration","BaseMod","Colored Powertips","Googly Eyes","Hubris","Infinite Spire","Minty Spire (QoL Compilation)","Rare Cards Sparkle","Replay The Spire","StSLib","The Construct","The Hayseed","The Hierophant","The Runesmith","The Senshi","everything is the same but u backflip on backflip"],"gold_per_floor":[119,139,139,149,149,181,194,208,208,224,258,274,284,299,299,394,394,414,414,430,430,430,430,460,471,541,541,566,866,886,903,903,903,903],"floor_reached":33,"playtime":1827,"items_purged":[],"score":328,"play_id":"67256c7e-4d31-4d41-8e63-dc4bdac54007","local_time":"20210105151136","is_ascension_mode":false,"campfire_choices":[{"floor":15,"key":"REST"},{"data":"theSenshi:MoonCrisisMakeUp","floor":23,"key":"SMITH"},{"floor":27,"key":"REST"},{"floor":32,"key":"REST"}],"circlet_count":0,"master_deck":["theSenshi:SailorKick","theSenshi:SailorKick","theSenshi:SailorKick","theSenshi:SailorKick","theSenshi:SailorBlock","theSenshi:SailorBlock","theSenshi:RoseThrow","theSenshi:MoonPrismPowerMakeUp+1","theSenshi:SailorMercuryAssists","theSenshi:MoonTiaraMagic","theSenshi:TallSilhouette","theSenshi:MercurysCunning","theSenshi:MoonTiaraMagic","theSenshi:MoonlightKnight","theSenshi:SteeledNerves","theSenshi:SailorMercuryAssists","theSenshi:SailorStarFighterAssists","theSenshi:SailorMercuryAssists","theSenshi:ChibiMoonsLove","theSenshi:SailorMarsAssists+1","theSenshi:SilverMoonCrystalPowerKiss+1","theSenshi:UranusStrength+1","theSenshi:MoonCrisisMakeUp+1","theSenshi:MoonCosmicPowerMakeUp","theSenshi:MoonPrismPowerMakeUp+1","theSenshi:MoonsReflection+1","theSenshi:CrisisMakeUp","theSenshi:SailorMarsAssists","infinitespire:Punishment","theSenshi:MoonPrincessHalation","theSenshi:Sidestep+1"],"relics":["theSenshi:TransformationBroochRelic","PreservedInsect","Mirror","Runesmith:Nanobots","StoneCalendar","Astrolabe","hubris:Towel","theSenshi:CrystalStarRelic","Toxic Egg 2","hubris:Potato","Old Coin"],"acts_visited":["Exordium","TheCity"],"potions_floor_usage":[6,11,16,16,20,24,33],"damage_taken":[{"damage":4,"enemies":"Small Slimes","floor":1,"turns":5},{"damage":0,"enemies":"Cultist","floor":2,"turns":4},{"damage":1,"enemies":"2 Louse","floor":4,"turns":2},{"damage":16,"enemies":"Gremlin Nob","floor":6,"turns":5},{"damage":0,"enemies":"Blue Slaver","floor":7,"turns":5},{"damage":0,"enemies":"2 Fungi Beasts","floor":8,"turns":3},{"damage":3,"enemies":"Gremlin Gang","floor":10,"turns":6},{"damage":18,"enemies":"Lagavulin","floor":11,"turns":6},{"damage":11,"enemies":"Exordium Thugs","floor":12,"turns":6},{"damage":1,"enemies":"Looter","floor":13,"turns":3},{"damage":12,"enemies":"2 Fungi Beasts","floor":14,"turns":3},{"damage":9,"enemies":"Hexaghost","floor":16,"turns":12},{"damage":2,"enemies":"Shell Parasite","floor":18,"turns":7},{"damage":8,"enemies":"Spheric Guardian","floor":20,"turns":4},{"damage":32,"enemies":"Gremlin Leader","floor":24,"turns":8},{"damage":24,"enemies":"Snecko","floor":25,"turns":7},{"damage":18,"enemies":"Slavers","floor":28,"turns":7},{"damage":21,"enemies":"Shelled Parasite and Fungi","floor":30,"turns":5},{"damage":45,"enemies":"3 Cultists","floor":31,"turns":6},{"damage":41,"enemies":"Collector","floor":33,"turns":5}],"seed_played":"5008520736504694852","potions_obtained":[{"floor":1,"key":"Weak Potion"},{"floor":2,"key":"FairyPotion"},{"floor":8,"key":"Doom Potion"},{"floor":10,"key":"LiquidBronze"},{"floor":13,"key":"LifebloodPotion"},{"floor":16,"key":"Block Potion"},{"floor":18,"key":"DuplicationPotion"},{"floor":25,"key":"SpeedPotion"},{"floor":31,"key":"construct:ShiftPotion"}],"is_trial":false,"path_per_floor":["M","M","?","M","?","E","M","M","T","M","E","M","M","M","R","B",null,"M","?","M","?","?","R","E","M","T","R","E","AVR","M","M","R","B"],"character_chosen":"THE_SENSHI","items_purchased":[],"campfire_rested":3,"item_purchase_floors":[],"current_hp_per_floor":[71,71,59,58,75,59,59,59,59,56,38,27,26,14,36,27,75,73,73,65,51,51,51,19,9,9,33,33,33,20,5,29,0,0],"gold":903,"neow_bonus":"UPGRADE_CARD","is_daily":false,"chose_seed":false,"campfire_upgraded":1,"win_rate":0.0,"timestamp":1609877496,"path_taken":["M","M","?","M","?","E","M","M","T","M","E","M","M","?","R","BOSS","M","?","M","?","?","R","E","M","T","R","E","AVR","?","M","R","BOSS"],"items_purchased_type":[],"build_version":"2020-12-22","purchased_purges":0,"victory":false,"max_hp_per_floor":[75,75,75,75,75,75,75,75,75,75,75,75,75,75,75,75,75,75,75,75,80,80,80,80,80,80,80,80,80,80,80,80,80,80],"card_choices":[{"not_picked":["theSenshi:LateForSchool","theSenshi:LunasBite"],"picked":"theSenshi:SailorMercuryAssists","floor":1},{"not_picked":["theSenshi:SailorPlanetPower","theSenshi:LunaWiseMentor"],"picked":"theSenshi:MoonTiaraMagic","floor":2},{"not_picked":["theSenshi:LateForSchool","theSenshi:MoonTiaraMagic"],"picked":"theSenshi:TallSilhouette","floor":4},{"not_picked":["theSenshi:SailorPlanetPower","theSenshi:SailorStarMakerAssists"],"picked":"theSenshi:GatheringStrength","floor":6},{"not_picked":["theSenshi:TuxedoSmokingBomber","theSenshi:MoonCrystalPowerMakeUp"],"picked":"theSenshi:MercurysCunning","floor":7},{"not_picked":["theSenshi:LateForSchool","theSenshi:TuxedoSmokingBomber"],"picked":"theSenshi:MoonTiaraMagic","floor":8},{"not_picked":["theSenshi:MoonGorgeousMeditation","theSenshi:SailorVenusAssists"],"picked":"theSenshi:MoonlightKnight","floor":10},{"not_picked":["theSenshi:SailorMercuryAssists","theSenshi:MoonCrystalPowerMakeUp"],"picked":"theSenshi:SteeledNerves","floor":11},{"not_picked":["theSenshi:SchoolBag","theSenshi:SupersonicWaves"],"picked":"theSenshi:SailorMercuryAssists","floor":12},{"not_picked":["theSenshi:SailorMercuryAssists","theSenshi:SailorStarMakerAssists"],"picked":"theSenshi:SailorStarFighterAssists","floor":13},{"not_picked":["theSenshi:VenusGlamour","theSenshi:SupersonicWaves"],"picked":"theSenshi:SailorMercuryAssists","floor":14},{"not_picked":["theSenshi:LunaSensingAllies","theSenshi:SailorPlutoAssists"],"picked":"theSenshi:ChibiMoonsLove","floor":16},{"not_picked":["theSenshi:MoonPower+1","theSenshi:EncouragingSpeech+1"],"picked":"theSenshi:MoonCrisisMakeUp","floor":18},{"not_picked":["theSenshi:GatheringStrength","theSenshi:SailorMercuryAssists"],"picked":"theSenshi:MoonCosmicPowerMakeUp","floor":20},{"not_picked":["theSenshi:SilverMoonCrystalPowerKiss","theSenshi:SupersonicWaves"],"picked":"theSenshi:MoonsReflection+1","floor":24},{"not_picked":["theSenshi:MoonPunch","theSenshi:PlutosSolemnity"],"picked":"theSenshi:CrisisMakeUp","floor":25},{"not_picked":["theSenshi:MoonSpiralHeartAttack","theSenshi:MoonCosmicPowerMakeUp+1"],"picked":"theSenshi:SailorMarsAssists","floor":28},{"not_picked":["theSenshi:SailorVenusAssists","theSenshi:Sidestep+1"],"picked":"theSenshi:MoonPrincessHalation","floor":30},{"not_picked":["theSenshi:SailorStarFighterAssists","theSenshi:SchoolBag+1"],"picked":"theSenshi:Sidestep+1","floor":31}],"player_experience":208341,"relics_obtained":[{"floor":6,"key":"Mirror"},{"floor":9,"key":"Runesmith:Nanobots"},{"floor":11,"key":"StoneCalendar"},{"floor":24,"key":"theSenshi:CrystalStarRelic"},{"floor":26,"key":"Toxic Egg 2"},{"floor":28,"key":"hubris:Potato"}],"event_choices":[{"damage_healed":0,"gold_gain":0,"player_choice":"Success","damage_taken":12,"relics_obtained":["PreservedInsect"],"max_hp_gain":0,"max_hp_loss":0,"event_name":"Scrap Ooze","floor":3,"gold_loss":0},{"damage_healed":17,"gold_gain":0,"player_choice":"Full Heal","damage_taken":0,"max_hp_gain":0,"max_hp_loss":0,"event_name":"Wheel of Change","floor":5,"gold_loss":0},{"damage_healed":0,"gold_gain":0,"player_choice":"Shed Blood","damage_taken":19,"max_hp_gain":5,"max_hp_loss":0,"event_name":"Forgotten Altar","floor":21,"gold_loss":0},{"damage_healed":0,"gold_gain":0,"player_choice":"Copied","damage_taken":0,"max_hp_gain":0,"max_hp_loss":0,"event_name":"Duplicator","floor":22,"gold_loss":0,"cards_obtained":["theSenshi:MoonPrismPowerMakeUp"]}],"is_beta":false,"boss_relics":[{"not_picked":["Ring of Chaos","aspiration:FutureDiary"],"picked":"Astrolabe"}],"items_purged_floors":[],"is_endless":false,"potions_floor_spawned":[1,2,8,10,13,14,16,18,25,31],"killed_by":"Collector","ascension_level":0}}