{"host":"o2alikb31grvssa9","time":1609850607,"event":{"mods":["BaseMod","BetterRewards","DeckTracker","Downfall","Minty Spire (QoL Compilation)","Quick Restart","StSLib"],"gold_per_floor":[99,99,99,99,199,232,232,260,185,216,69,89,89,89,108,108,108,108],"floor_reached":16,"playtime":379,"items_purged":["Regret"],"score":328,"play_id":"c61a85c2-9eac-4ab9-98be-1f759ac29e4f","local_time":"20210105134327","is_ascension_mode":true,"campfire_choices":[{"floor":1,"key":"RECALL"},{"data":"Guardian:TwinSlam","floor":9,"key":"SMITH"},{"data":"Guardian:Suspension","floor":13,"key":"SMITH"}],"circlet_count":0,"master_deck":["AscendersBane","Guardian:Strike_Guardian","Guardian:Strike_Guardian","Guardian:Strike_Guardian","Guardian:Defend_Guardian","Guardian:Defend_Guardian","Guardian:Defend_Guardian","Guardian:Defend_Guardian","Guardian:CurlUp","Guardian:TwinSlam+1","Guardian:StasisStrike","Guardian:GemFinder","Guardian:Suspension+1","Guardian:Gem_Cyan","Guardian:ArmoredProtocol"],"relics":["Guardian:ModeShifter","downfall:HeartsMalice","Pen Nib","downfall:ShatteredFragment","Matryoshka","Question Card","Mercury Hourglass","Blue Candle","downfall:HeartBlessingRed","Guardian:PocketSentry"],"acts_visited":["Exordium"],"potions_floor_usage":[16],"damage_taken":[{"damage":0,"enemies":"Small Slimes","floor":2,"turns":1},{"damage":0,"enemies":"Lagavulin","floor":6,"turns":1},{"damage":0,"enemies":"Gremlin Nob","floor":8,"turns":1},{"damage":18,"enemies":"Lagavulin","floor":10,"turns":5},{"damage":1,"enemies":"downfall:FleeingMerchant","floor":11,"turns":4},{"damage":0,"enemies":"Jaw Worm","floor":12,"turns":2},{"damage":0,"enemies":"Cultist","floor":15,"turns":2},{"damage":25,"enemies":"downfall:Ironclad","floor":16,"turns":6}],"seed_played":"-3154841697072304729","potions_obtained":[{"floor":8,"key":"Energy Potion"},{"floor":12,"key":"SkillPotion"}],"is_trial":false,"path_per_floor":["R","M","?","?","?","E","T","E","R","E","$","M","R","?","M","B"],"character_chosen":"GUARDIAN","items_purchased":["Guardian:Suspension"],"campfire_rested":0,"item_purchase_floors":[11],"current_hp_per_floor":[65,65,65,41,41,41,41,41,41,23,22,22,22,22,22,0,0,0],"gold":108,"neow_bonus":"THREE_ENEMY_KILL","is_daily":false,"chose_seed":false,"campfire_upgraded":2,"win_rate":0.0,"timestamp":1609850607,"path_taken":["R","M","?","?","?","E","T","E","R","E","?","M","R","?","M","BOSS"],"items_purchased_type":["Card"],"build_version":"2020-12-22","purchased_purges":1,"victory":false,"max_hp_per_floor":[72,72,72,72,72,72,72,72,72,72,72,72,72,72,72,72,72,72],"card_choices":[{"not_picked":["Guardian:CrystalBeam","Guardian:Gem_Lightblue","Guardian:VentSteam"],"picked":"SKIP","floor":2},{"not_picked":["Guardian:Reroute","Guardian:Gem_Red"],"picked":"Guardian:Gem_Fragmented","floor":6},{"not_picked":["Guardian:TemporalShield","Guardian:ChargeCore","Guardian:Reroute","Guardian:Gem_Yellow"],"picked":"SKIP","floor":8},{"not_picked":["Guardian:Clone","Guardian:PolyBeam","Guardian:Suspension"],"picked":"Guardian:StasisStrike","floor":10},{"not_picked":["Guardian:WalkerClaw","Guardian:ShieldCharger","Guardian:TemporalShield"],"picked":"Guardian:GemFinder","floor":11},{"not_picked":["Guardian:Incinerate","Guardian:ShieldCharger","Guardian:Reroute","Guardian:RollAttack"],"picked":"SKIP","floor":12},{"not_picked":["Guardian:Gem_Lightblue","Guardian:Gem_Red"],"picked":"Guardian:Gem_Cyan","floor":15},{"not_picked":["Guardian:ArmoredProtocol","Guardian:Clone","Guardian:RefractedBeam","Guardian:Gem_Green"],"picked":"SKIP","floor":15},{"not_picked":["Guardian:Clone","Guardian:RefractedBeam","Guardian:Gem_Green"],"picked":"Guardian:ArmoredProtocol","floor":15}],"player_experience":284678,"relics_obtained":[{"floor":6,"key":"Matryoshka"},{"floor":7,"key":"Question Card"},{"floor":7,"key":"Mercury Hourglass"},{"floor":8,"key":"Blue Candle"},{"floor":10,"key":"Guardian:PocketSentry"}],"event_choices":[{"damage_healed":0,"gold_gain":0,"player_choice":"Box","damage_taken":0,"relics_obtained":["Pen Nib"],"max_hp_gain":0,"max_hp_loss":0,"event_name":"Big Fish","floor":3,"gold_loss":0,"cards_obtained":["Regret"]},{"cards_removed":["Guardian:Strike_Guardian"],"damage_healed":0,"gold_gain":0,"player_choice":"Card Removal","damage_taken":0,"max_hp_gain":0,"max_hp_loss":0,"event_name":"The Cleric","floor":14,"gold_loss":0}],"is_beta":false,"boss_relics":[],"items_purged_floors":[11],"is_endless":false,"potions_floor_spawned":[8,12],"killed_by":"downfall:Ironclad","ascension_level":20}}