{"host":"i1h39d0gfh5c6uxl","time":1609834649,"event":{"mods":["AchievementEnabler","BaseMod","Colored Map","Colored Powertips","Highlight Path","Minty Spire (QoL Compilation)"],"gold_per_floor":[112,123,141,141,24,24,49,49,49,49,78,9,36,49,49,128,128,146,60,60,60,60,60,95,95,118,118,118],"floor_reached":27,"playtime":9150,"items_purged":["Strike_R"],"score":490,"play_id":"b9220767-4820-41ec-9b17-2c57e67b3a7d","local_time":"20210105161729","is_ascension_mode":true,"campfire_choices":[{"floor":6,"key":"REST"},{"data":"Armaments","floor":8,"key":"SMITH"},{"data":"Bash","floor":10,"key":"SMITH"},{"data":"Disarm","floor":15,"key":"SMITH"},{"floor":23,"key":"REST"},{"floor":25,"key":"DIG"}],"circlet_count":0,"master_deck":["AscendersBane","Bash+1","Armaments+1","Pommel Strike","Shrug It Off","Sever Soul","Disarm+1","Twin Strike","Demon Form","Shockwave","Pommel Strike","Pommel Strike","Inflame","Whirlwind","True Grit","Heavy Blade"],"relics":["Burning Blood","The Courier","Meat on the Bone","Potion Belt","HornCleat","Pandora\u0027s Box","InkBottle","Shovel","Red Skull","Toy Ornithopter"],"acts_visited":["Exordium","TheCity"],"potions_floor_usage":[7,7,13,24,24],"damage_taken":[{"damage":7,"enemies":"Cultist","floor":1,"turns":4},{"damage":5,"enemies":"2 Louse","floor":2,"turns":3},{"damage":9,"enemies":"Jaw Worm","floor":3,"turns":3},{"damage":2,"enemies":"Gremlin Nob","floor":7,"turns":3},{"damage":29,"enemies":"3 Sentries","floor":11,"turns":11},{"damage":26,"enemies":"Lagavulin","floor":13,"turns":6},{"damage":7,"enemies":"3 Louse","floor":14,"turns":3},{"damage":45,"enemies":"The Guardian","floor":16,"turns":12},{"damage":20,"enemies":"Chosen","floor":18,"turns":6},{"damage":9,"enemies":"Book of Stabbing","floor":24,"turns":6},{"damage":54,"enemies":"Slavers","floor":27,"turns":4}],"seed_played":"-7842227984349871230","potions_obtained":[{"floor":1,"key":"HeartOfIron"},{"floor":2,"key":"Strength Potion"},{"floor":11,"key":"FearPotion"},{"floor":18,"key":"Energy Potion"}],"is_trial":false,"path_per_floor":["M","M","M","?","$","R","E","R","T","R","E","?","E","M","R","B",null,"M","$","?","?","T","R","E","R","T","E"],"character_chosen":"IRONCLAD","items_purchased":["Sever Soul","Heavy Blade","Block Potion"],"campfire_rested":2,"item_purchase_floors":[5,19,19],"current_hp_per_floor":[49,50,47,47,47,69,73,73,73,73,50,50,42,53,53,26,63,49,49,28,28,28,52,49,49,49,0,0],"gold":118,"neow_bonus":"REMOVE_TWO","is_daily":false,"chose_seed":false,"campfire_upgraded":3,"win_rate":0.0,"timestamp":1609834649,"path_taken":["M","M","?","?","?","R","E","R","T","R","E","?","E","M","R","BOSS","M","$","?","?","?","R","E","R","T","E"],"items_purchased_type":["Card","Card","Potion"],"build_version":"2020-12-22","purchased_purges":1,"victory":false,"max_hp_per_floor":[75,75,75,75,75,75,75,75,75,75,75,75,75,75,75,75,75,75,75,80,80,80,80,80,80,80,80,80],"card_choices":[{"not_picked":["Evolve","Body Slam"],"picked":"Armaments","floor":1},{"not_picked":["True Grit","Bloodletting"],"picked":"Pommel Strike","floor":2},{"not_picked":["Warcry","Dark Embrace"],"picked":"Shrug It Off","floor":3},{"not_picked":["Dropkick","Intimidate"],"picked":"Disarm","floor":7},{"not_picked":["Anger","Perfected Strike"],"picked":"Twin Strike","floor":11},{"not_picked":["Inflame","Corruption","Evolve"],"picked":"SKIP","floor":13},{"not_picked":["Combust","Body Slam","Havoc"],"picked":"SKIP","floor":14},{"not_picked":["Bludgeon","Double Tap"],"picked":"Demon Form","floor":16},{"not_picked":["Entrench","Twin Strike"],"picked":"True Grit","floor":18},{"not_picked":["Wild Strike","Clash","Barricade"],"picked":"SKIP","floor":24}],"player_experience":1293772,"relics_obtained":[{"floor":7,"key":"The Courier"},{"floor":9,"key":"Meat on the Bone"},{"floor":11,"key":"Potion Belt"},{"floor":13,"key":"HornCleat"},{"floor":22,"key":"InkBottle"},{"floor":24,"key":"Shovel"},{"floor":25,"key":"Red Skull"},{"floor":26,"key":"Toy Ornithopter"}],"event_choices":[{"damage_healed":0,"gold_gain":0,"player_choice":"Ignored","damage_taken":0,"max_hp_gain":0,"max_hp_loss":0,"event_name":"Shining Light","floor":4,"gold_loss":0},{"damage_healed":0,"gold_gain":0,"player_choice":"Left Gold","damage_taken":0,"max_hp_gain":0,"max_hp_loss":0,"event_name":"World of Goop","floor":12,"gold_loss":69},{"damage_healed":0,"gold_gain":0,"player_choice":"Shed Blood","damage_taken":26,"max_hp_gain":5,"max_hp_loss":0,"event_name":"Forgotten Altar","floor":20,"gold_loss":0},{"cards_removed":["Perfected Strike"],"damage_healed":0,"gold_gain":0,"player_choice":"Elegance","damage_taken":0,"max_hp_gain":0,"max_hp_loss":0,"event_name":"Back to Basics","floor":21,"gold_loss":0}],"is_beta":false,"boss_relics":[{"not_picked":["Black Blood","Tiny House"],"picked":"Pandora\u0027s Box"}],"items_purged_floors":[5],"is_endless":false,"potions_floor_spawned":[1,2,11,18],"killed_by":"Slavers","ascension_level":20}}