{"host":"o7j6aatxjwpw1421","time":1609862972,"event":{"mods":["2.2 Compatiblity","AchievementEnabler","BaseMod","Colored Map","DeckTracker","Highlight Path","Keyboard Shortcuts","Minty Spire (QoL Compilation)","Permanent Neow","Quick Restart","StSLib","SuperFastMode","everything is the same but u backflip on backflip"],"gold_per_floor":[109,34,49,65,65,65,76,93,93,123,140,160,160,185,185,259,259,270,288,300,300,313,313,313,313],"floor_reached":24,"playtime":1065,"items_purged":["Writhe"],"score":428,"play_id":"9eca74a6-0912-4a37-99b0-3217aeacb91d","local_time":"20210106010932","is_ascension_mode":true,"campfire_choices":[{"data":"Perfected Strike","floor":6.0,"key":"SMITH"},{"data":"Perfected Strike","floor":15.0,"key":"SMITH"},{"data":"Perfected Strike","floor":23.0,"key":"SMITH"}],"circlet_count":0,"master_deck":["AscendersBane","Strike_R","Strike_R","Strike_R","Strike_R","Strike_R","Defend_R","Defend_R","Defend_R","Bash","Offering","Perfected Strike+1","Armaments","Intimidate","Perfected Strike+1","Inflame","Reaper","Corruption","Twin Strike+1","Battle Trance+1","Perfected Strike","Perfected Strike+1","Pommel Strike"],"relics":["Burning Blood","White Beast Statue","Centennial Puzzle","FossilizedHelix","SacredBark"],"acts_visited":["Exordium","TheCity"],"potions_floor_usage":[24,24],"damage_taken":[{"damage":8.0,"enemies":"Cultist","floor":1.0,"turns":4.0},{"damage":4.0,"enemies":"Small Slimes","floor":3.0,"turns":4.0},{"damage":6.0,"enemies":"Jaw Worm","floor":4.0,"turns":3.0},{"damage":7.0,"enemies":"Looter","floor":7.0,"turns":2.0},{"damage":9.0,"enemies":"Large Slime","floor":8.0,"turns":6.0},{"damage":17.0,"enemies":"Gremlin Nob","floor":10.0,"turns":3.0},{"damage":5.0,"enemies":"Red Slaver","floor":11.0,"turns":3.0},{"damage":0.0,"enemies":"2 Fungi Beasts","floor":12.0,"turns":2.0},{"damage":16.0,"enemies":"3 Sentries","floor":14.0,"turns":5.0},{"damage":50.0,"enemies":"Slime Boss","floor":16.0,"turns":8.0},{"damage":15.0,"enemies":"2 Thieves","floor":18.0,"turns":4.0},{"damage":0.0,"enemies":"Chosen","floor":19.0,"turns":2.0},{"damage":22.0,"enemies":"Sentry and Sphere","floor":20.0,"turns":5.0},{"damage":29.0,"enemies":"Chosen and Byrds","floor":22.0,"turns":5.0},{"damage":62,"enemies":"Slavers","floor":24,"turns":6}],"seed_played":"-5080415839083449434","potions_obtained":[{"floor":1.0,"key":"BlessingOfTheForge"},{"floor":3.0,"key":"BloodPotion"},{"floor":7.0,"key":"PowerPotion"},{"floor":10.0,"key":"SkillPotion"},{"floor":14.0,"key":"Block Potion"},{"floor":16.0,"key":"DuplicationPotion"},{"floor":18.0,"key":"Swift Potion"},{"floor":19.0,"key":"ElixirPotion"},{"floor":20.0,"key":"AttackPotion"},{"floor":22.0,"key":"EssenceOfSteel"}],"is_trial":false,"path_per_floor":["M","$","M","M","$","R","M","M","T","E","M","M","?","E","R","B",null,"M","M","M","?","M","R","E"],"character_chosen":"IRONCLAD","items_purchased":[],"campfire_rested":0,"item_purchase_floors":[],"current_hp_per_floor":[66,66,68,68,68,68,67,64,64,53,54,60,60,50,50,15,60,67,73,59,59,42,42,10,10],"gold":313,"neow_bonus":"THREE_RARE_CARDS","is_daily":false,"chose_seed":false,"campfire_upgraded":3,"win_rate":0.0,"timestamp":1609862972,"path_taken":["M","$","?","M","?","R","M","M","T","E","M","M","?","E","R","BOSS","M","M","M","?","M","R","E"],"items_purchased_type":[],"build_version":"2020-12-22","purchased_purges":1,"victory":false,"max_hp_per_floor":[75,75,75,75,75,75,75,75,75,75,75,75,75,75,75,75,75,75,75,75,75,75,75,75,75],"card_choices":[{"not_picked":["Limit Break","Fiend Fire"],"picked":"Offering","floor":0.0},{"not_picked":["Carnage","Flex"],"picked":"Perfected Strike","floor":1.0},{"not_picked":["Iron Wave","Havoc","Sword Boomerang"],"picked":"SKIP","floor":3.0},{"not_picked":["Feel No Pain","Dark Embrace"],"picked":"Armaments","floor":4.0},{"not_picked":["Cleave","Body Slam","Searing Blow"],"picked":"SKIP","floor":7.0},{"not_picked":["Infernal Blade","Uppercut","Clash"],"picked":"SKIP","floor":8.0},{"not_picked":["Blood for Blood","Searing Blow"],"picked":"Intimidate","floor":10.0},{"not_picked":["Dark Embrace","Wild Strike"],"picked":"Perfected Strike","floor":11.0},{"not_picked":["Bloodletting","True Grit"],"picked":"Inflame","floor":12.0},{"not_picked":["Rupture","Sever Soul"],"picked":"Reaper","floor":14.0},{"not_picked":["Bludgeon","Reaper"],"picked":"Corruption","floor":16.0},{"not_picked":["Havoc","Wild Strike+1"],"picked":"Twin Strike+1","floor":18.0},{"not_picked":["Iron Wave","Clash"],"picked":"Battle Trance+1","floor":19.0},{"not_picked":["Pommel Strike","Shockwave"],"picked":"Perfected Strike","floor":20.0},{"not_picked":["Sword Boomerang","Bloodletting"],"picked":"Pommel Strike","floor":22.0}],"player_experience":434681,"relics_obtained":[{"floor":9.0,"key":"White Beast Statue"},{"floor":10.0,"key":"Centennial Puzzle"},{"floor":14.0,"key":"FossilizedHelix"}],"event_choices":[{"cards_removed":["Defend_R"],"damage_healed":0.0,"max_hp_gain":0.0,"max_hp_loss":0.0,"gold_gain":0.0,"event_name":"Living Wall","player_choice":"Forget","floor":13.0,"gold_loss":0.0,"damage_taken":0.0},{"damage_healed":0.0,"max_hp_gain":0.0,"max_hp_loss":0.0,"gold_gain":0.0,"event_name":"The Library","player_choice":"Read","floor":21.0,"gold_loss":0.0,"damage_taken":0.0,"cards_obtained":["Perfected Strike"]}],"is_beta":false,"boss_relics":[{"not_picked":["Busted Crown","SlaversCollar"],"picked":"SacredBark"}],"items_purged_floors":[2],"is_endless":false,"potions_floor_spawned":[1,3,7,10,11,12,14,16,18,19,20,22],"killed_by":"Slavers","ascension_level":18}}