{"host":"Qube","time":1609808620,"event":{"mods":["AchievementEnabler","BaseMod","Colored Map","Colored Powertips","Minty Spire (QoL Compilation)","Quick Restart","Random Character Button","StSLib"],"gold_per_floor":[117,137,150,165,36,36,66,66,66,66,85,110,121,131,131,210,210,228,247,247,247,38,72,72,72,72,107,107,138,138,151,151,229,229,239,564,581,599,599,599,599,599,599,599,599],"floor_reached":44,"playtime":1672,"items_purged":["Decay","Strike_B"],"score":1002,"play_id":"2c5d968b-e5e0-42b3-8c2d-3e7215967f4f","local_time":"20210104170340","is_ascension_mode":true,"campfire_choices":[{"data":"Sunder","floor":6.0,"key":"SMITH"},{"data":"Zap","floor":8.0,"key":"SMITH"},{"data":"Dualcast","floor":10.0,"key":"SMITH"},{"floor":15.0,"key":"REST"},{"floor":25.0,"key":"REST"},{"floor":28.0,"key":"REST"},{"floor":30.0,"key":"REST"},{"floor":32.0,"key":"REST"},{"data":"Hologram","floor":40.0,"key":"SMITH"},{"data":"Streamline","floor":42.0,"key":"SMITH"}],"circlet_count":0,"master_deck":["AscendersBane","Strike_B","Strike_B","Strike_B","Defend_B","Defend_B","Defend_B","Defend_B","Zap+1","Dualcast+1","Ball Lightning","Sunder+1","Hologram+1","Leap","Beam Cell","Streamline+1","Conserve Battery","Gash","Beam Cell","Core Surge","Leap","Conserve Battery","Sweeping Beam+1"],"relics":["Cracked Core","Unceasing Top","HornCleat","Symbiotic Virus","Sundial","Busted Crown","Akabeko","PreservedInsect","Letter Opener","Pantograph","Calling Bell","Omamori","Singing Bowl","Mango","Old Coin","Bag of Marbles"],"acts_visited":["Exordium","TheCity","TheBeyond"],"potions_floor_usage":[],"damage_taken":[{"damage":6.0,"enemies":"Jaw Worm","floor":1.0,"turns":4.0},{"damage":0.0,"enemies":"2 Louse","floor":2.0,"turns":2.0},{"damage":0.0,"enemies":"Cultist","floor":3.0,"turns":3.0},{"damage":0.0,"enemies":"3 Louse","floor":4.0,"turns":2.0},{"damage":11.0,"enemies":"Gremlin Nob","floor":7.0,"turns":3.0},{"damage":7.0,"enemies":"Large Slime","floor":11.0,"turns":4.0},{"damage":5.0,"enemies":"Lagavulin","floor":12.0,"turns":3.0},{"damage":11.0,"enemies":"Looter","floor":13.0,"turns":2.0},{"damage":0.0,"enemies":"Lots of Slimes","floor":14.0,"turns":3.0},{"damage":5.0,"enemies":"Hexaghost","floor":16.0,"turns":7.0},{"damage":11.0,"enemies":"Spheric Guardian","floor":18.0,"turns":4.0},{"damage":16.0,"enemies":"Shell Parasite","floor":19.0,"turns":4.0},{"damage":0.0,"enemies":"Slavers","floor":23.0,"turns":3.0},{"damage":14.0,"enemies":"Book of Stabbing","floor":27.0,"turns":2.0},{"damage":19.0,"enemies":"Gremlin Leader","floor":29.0,"turns":5.0},{"damage":0.0,"enemies":"Snake Plant","floor":31.0,"turns":3.0},{"damage":79.0,"enemies":"Automaton","floor":33.0,"turns":10.0},{"damage":0.0,"enemies":"Orb Walker","floor":35.0,"turns":3.0},{"damage":7.0,"enemies":"Mind Bloom Boss Battle","floor":36.0,"turns":5.0},{"damage":31.0,"enemies":"3 Darklings","floor":37.0,"turns":6.0},{"damage":0.0,"enemies":"Spire Growth","floor":38.0,"turns":4.0},{"damage":67,"enemies":"Nemesis","floor":44,"turns":6}],"seed_played":"8457924929487117475","potions_obtained":[{"floor":3.0,"key":"Energy Potion"},{"floor":11.0,"key":"PowerPotion"},{"floor":12.0,"key":"PotionOfCapacity"},{"floor":14.0,"key":"PotionOfCapacity"},{"floor":19.0,"key":"PowerPotion"},{"floor":23.0,"key":"EntropicBrew"},{"floor":27.0,"key":"CultistPotion"}],"is_trial":false,"path_per_floor":["M","M","M","M","$","R","E","R","T","R","M","E","M","M","R","B",null,"M","M","?","?","$","E","?","R","T","E","R","E","R","M","R","B",null,"M","?","M","M","?","R","?","R","T","E"],"character_chosen":"DEFECT","items_purchased":["Beam Cell","EntropicBrew"],"campfire_rested":5,"item_purchase_floors":[5,22],"current_hp_per_floor":[58,58,58,58,58,58,47,47,47,47,40,35,24,24,45,40,63,52,36,36,16,16,16,4,26,26,12,34,15,37,37,59,22,77,79,87,56,58,60,60,60,60,60,0,0],"gold":599,"neow_bonus":"ONE_RARE_RELIC","is_daily":false,"chose_seed":false,"campfire_upgraded":5,"win_rate":0.0,"timestamp":1609808620,"path_taken":["M","M","M","M","$","R","E","R","T","R","M","E","M","M","R","BOSS","M","M","?","?","$","E","?","R","T","E","R","E","R","?","R","BOSS","M","?","M","M","?","R","?","R","T","E"],"items_purchased_type":["Card","Potion"],"build_version":"2020-12-18","purchased_purges":2,"victory":false,"max_hp_per_floor":[71,71,71,71,71,71,71,71,71,71,71,71,71,71,71,71,71,71,71,71,76,76,76,76,76,76,76,76,76,76,76,76,76,90,92,94,94,96,98,98,98,98,98,98,98],"card_choices":[{"not_picked":["Turbo","Chill"],"picked":"Ball Lightning","floor":1.0},{"not_picked":["Redo","Reinforced Body"],"picked":"Sunder","floor":2.0},{"not_picked":["Tempest","Cold Snap"],"picked":"Hologram","floor":3.0},{"not_picked":["Fusion","Barrage"],"picked":"Leap","floor":4.0},{"not_picked":["Go for the Eyes","Double Energy"],"picked":"Streamline","floor":7.0},{"not_picked":["Streamline","Fusion"],"picked":"Conserve Battery","floor":11.0},{"not_picked":["Stack","Coolheaded"],"picked":"Gash","floor":12.0},{"not_picked":["Redo","Defragment"],"picked":"Beam Cell","floor":13.0},{"not_picked":["Coolheaded","Buffer"],"picked":"Go for the Eyes","floor":14.0},{"not_picked":["Machine Learning","Creative AI"],"picked":"Core Surge","floor":16.0},{"not_picked":["Double Energy"],"picked":"SKIP","floor":18.0},{"not_picked":["Darkness"],"picked":"SKIP","floor":19.0},{"not_picked":["Ball Lightning"],"picked":"SKIP","floor":23.0},{"not_picked":[],"picked":"Leap","floor":27.0},{"not_picked":["Sweeping Beam"],"picked":"SKIP","floor":29.0},{"not_picked":[],"picked":"Conserve Battery","floor":31.0},{"not_picked":["Storm"],"picked":"Singing Bowl","floor":35.0},{"not_picked":["Turbo+1"],"picked":"Singing Bowl","floor":36.0},{"not_picked":[],"picked":"Sweeping Beam+1","floor":37.0},{"not_picked":["Darkness"],"picked":"Singing Bowl","floor":38.0},{"not_picked":["Transmutation"],"picked":"Singing Bowl","floor":39.0}],"player_experience":762243,"relics_obtained":[{"floor":7.0,"key":"HornCleat"},{"floor":9.0,"key":"Symbiotic Virus"},{"floor":12.0,"key":"Sundial"},{"floor":23.0,"key":"Akabeko"},{"floor":26.0,"key":"PreservedInsect"},{"floor":27.0,"key":"Letter Opener"},{"floor":29.0,"key":"Pantograph"},{"floor":34.0,"key":"Omamori"},{"floor":34.0,"key":"Singing Bowl"},{"floor":34.0,"key":"Mango"},{"floor":36.0,"key":"Old Coin"},{"floor":43.0,"key":"Bag of Marbles"}],"event_choices":[{"damage_healed":0.0,"max_hp_gain":0.0,"max_hp_loss":0.0,"gold_gain":0.0,"event_name":"The Mausoleum","player_choice":"Ignored","floor":20.0,"gold_loss":0.0,"damage_taken":0.0},{"damage_healed":0.0,"max_hp_gain":5.0,"max_hp_loss":0.0,"gold_gain":0.0,"event_name":"Forgotten Altar","player_choice":"Shed Blood","floor":21.0,"gold_loss":0.0,"damage_taken":25.0},{"damage_healed":0.0,"max_hp_gain":0.0,"max_hp_loss":0.0,"gold_gain":0.0,"event_name":"Knowing Skull","player_choice":"POTION ","floor":24.0,"potions_obtained":["BlessingOfTheForge"],"gold_loss":0.0,"damage_taken":12.0,"cards_obtained":[]},{"damage_healed":0.0,"max_hp_gain":0.0,"max_hp_loss":0.0,"gold_gain":0.0,"event_name":"MindBloom","player_choice":"Fight","floor":36.0,"gold_loss":0.0,"damage_taken":0.0},{"damage_healed":0.0,"max_hp_gain":0.0,"max_hp_loss":0.0,"gold_gain":0.0,"event_name":"SensoryStone","player_choice":"Memory 1","floor":39.0,"gold_loss":0.0,"damage_taken":0.0},{"cards_removed":["Go for the Eyes"],"damage_healed":0.0,"max_hp_gain":0.0,"max_hp_loss":0.0,"gold_gain":0.0,"event_name":"Falling","player_choice":"Removed Attack","floor":41.0,"gold_loss":0.0,"damage_taken":0.0}],"is_beta":true,"boss_relics":[{"not_picked":["Velvet Choker","SacredBark"],"picked":"Busted Crown"},{"not_picked":["Sozu","Tiny House"],"picked":"Calling Bell"}],"items_purged_floors":[5,22],"is_endless":false,"potions_floor_spawned":[3,11,12,14,19,23,27],"killed_by":"Nemesis","ascension_level":19}}