{"host":"q4axc00jr2bozlh9","time":1609871587,"event":{"mods":["AchievementEnabler","BaseMod","Bestiary","Colored Map","Colored Powertips","Curses Come First","Minty Spire (QoL Compilation)","Relic Stats","StSLib","SuperFastMode"],"gold_per_floor":[113,113,0,13,27,27,52,52,52,52,15,31,66,97,109,242,254,287,318,157,177,177,212,212,233,233,251,251,265,265,265,265,265,265],"floor_reached":33,"playtime":1943,"items_purged":["Strike_R","Strike_R"],"score":302,"play_id":"07b127f7-01e0-4e8f-ba11-121196736840","local_time":"20210105193307","is_ascension_mode":false,"campfire_choices":[{"data":"Apotheosis","floor":6,"key":"SMITH"},{"floor":10,"key":"REST"},{"floor":15,"key":"REST"},{"floor":24,"key":"REST"},{"floor":28,"key":"REST"},{"floor":30,"key":"REST"},{"floor":32,"key":"REST"}],"circlet_count":0,"master_deck":["Strike_R+1","Strike_R","Strike_R","Defend_R","Defend_R","Defend_R","Defend_R","Bash","Apotheosis+1","Wild Strike","Flame Barrier","Clothesline","Power Through","Infernal Blade","Dark Embrace","Dark Embrace","Thunderclap+1","Double Tap","Flame Barrier","Fire Breathing","Feel No Pain","Ghostly","Ghostly","Ghostly","Ghostly","Ghostly","Reaper","Shrug It Off","Flame Barrier","Writhe"],"relics":["Burning Blood","NlothsMask","InkBottle","Golden Idol","MawBank","Fusion Hammer","Whetstone","Gremlin Horn","Pocketwatch"],"acts_visited":["Exordium","TheCity"],"potions_floor_usage":[14,16,16,25,29,33,33],"damage_taken":[{"damage":9,"enemies":"Small Slimes","floor":1,"turns":6},{"damage":0,"enemies":"Cultist","floor":4,"turns":4},{"damage":7,"enemies":"2 Louse","floor":5,"turns":4},{"damage":11,"enemies":"Lagavulin","floor":7,"turns":9},{"damage":14,"enemies":"Exordium Wildlife","floor":12,"turns":6},{"damage":15,"enemies":"3 Sentries","floor":13,"turns":8},{"damage":24,"enemies":"Exordium Thugs","floor":14,"turns":7},{"damage":18,"enemies":"The Guardian","floor":16,"turns":9},{"damage":2,"enemies":"2 Thieves","floor":18,"turns":3},{"damage":7,"enemies":"3 Byrds","floor":19,"turns":6},{"damage":0,"enemies":"Centurion and Healer","floor":21,"turns":7},{"damage":24,"enemies":"Slavers","floor":23,"turns":7},{"damage":32,"enemies":"3 Cultists","floor":25,"turns":8},{"damage":4,"enemies":"Cultist and Chosen","floor":27,"turns":7},{"damage":22,"enemies":"Centurion and Healer","floor":29,"turns":10},{"damage":38,"enemies":"Champ","floor":33,"turns":17}],"seed_played":"3718972052099647815","potions_obtained":[{"floor":7,"key":"AttackPotion"},{"floor":12,"key":"Weak Potion"},{"floor":13,"key":"Swift Potion"},{"floor":14,"key":"ElixirPotion"},{"floor":19,"key":"FearPotion"},{"floor":25,"key":"Explosive Potion"},{"floor":27,"key":"SmokeBomb"},{"floor":29,"key":"AttackPotion"}],"is_trial":false,"path_per_floor":["M","?","$","M","M","R","E","?","T","R","$","M","E","M","R","B",null,"M","M","$","M","?","E","R","M","T","M","R","M","R","?","R","B"],"character_chosen":"IRONCLAD","items_purchased":["Flame Barrier","Dark Embrace","Feel No Pain"],"campfire_rested":6,"item_purchase_floors":[3,11,20],"current_hp_per_floor":[69,69,69,72,71,71,66,48,48,69,69,61,52,34,55,43,72,72,71,71,72,36,18,28,13,13,21,31,22,32,32,36,0,0],"gold":265,"neow_bonus":"RANDOM_COLORLESS_2","is_daily":false,"chose_seed":false,"campfire_upgraded":1,"win_rate":0.0,"timestamp":1609871587,"path_taken":["M","?","$","?","?","R","E","?","T","R","?","?","E","M","R","BOSS","M","M","$","M","?","E","R","M","T","M","R","M","R","?","R","BOSS"],"items_purchased_type":["Card","Card","Card"],"build_version":"2020-12-22","purchased_purges":2,"victory":false,"max_hp_per_floor":[72,72,72,72,72,72,72,72,72,72,72,72,72,72,72,72,72,72,72,72,72,36,36,36,36,36,36,36,36,36,36,36,36,36],"relic_stats":{"Gremlin Horn":[2,2],"counters":[16,118],"Golden Idol":68,"Whetstone":["Thunderclap","Strike_R"],"MawBank":84,"obtain_stats":[{"Gremlin Horn":26,"Golden Idol":8,"Fusion Hammer":17,"Whetstone":23,"MawBank":13,"Burning Blood":0,"InkBottle":7,"NlothsMask":2,"Pocketwatch":31},{"Gremlin Horn":13,"Golden Idol":4,"Fusion Hammer":8,"Whetstone":12,"MawBank":6,"Burning Blood":0,"InkBottle":4,"NlothsMask":1,"Pocketwatch":15},{"Gremlin Horn":84,"Golden Idol":23,"Fusion Hammer":53,"Whetstone":76,"MawBank":37,"Burning Blood":0,"InkBottle":23,"NlothsMask":6,"Pocketwatch":101}],"Burning Blood":78,"InkBottle":[30],"Pocketwatch":[33]},"card_choices":[{"not_picked":["Secret Technique","Mayhem"],"picked":"Apotheosis","floor":0},{"not_picked":["Sword Boomerang","Havoc"],"picked":"Wild Strike","floor":1},{"not_picked":["Flex","Battle Trance"],"picked":"Clothesline","floor":4},{"not_picked":["Iron Wave","Headbutt"],"picked":"Power Through","floor":5},{"not_picked":["Clash","Exhume"],"picked":"Infernal Blade","floor":7},{"not_picked":["Sword Boomerang","Wild Strike"],"picked":"Dark Embrace","floor":12},{"not_picked":["Corruption","Dark Embrace"],"picked":"Thunderclap","floor":13},{"not_picked":["Perfected Strike","Dual Wield","Clash"],"picked":"SKIP","floor":14},{"not_picked":["Berserk","Limit Break"],"picked":"Double Tap","floor":16},{"not_picked":["Anger+1","Cleave"],"picked":"Flame Barrier","floor":18},{"not_picked":["Searing Blow","Feel No Pain"],"picked":"Fire Breathing","floor":19},{"not_picked":["Clothesline+1","Rage","Heavy Blade"],"picked":"SKIP","floor":21},{"not_picked":["Dark Embrace","Wild Strike+1"],"picked":"Reaper","floor":23},{"not_picked":["Sword Boomerang+1","Perfected Strike","Dropkick"],"picked":"SKIP","floor":25},{"not_picked":["Headbutt","Havoc+1"],"picked":"Shrug It Off","floor":27},{"not_picked":["Cleave","Rampage"],"picked":"Flame Barrier","floor":29}],"player_experience":195321,"relics_obtained":[{"floor":7,"key":"InkBottle"},{"floor":13,"key":"MawBank"},{"floor":23,"key":"Whetstone"},{"floor":26,"key":"Gremlin Horn"}],"event_choices":[{"damage_healed":0,"gold_gain":0,"player_choice":"Trade","damage_taken":0,"relics_obtained":["NlothsMask"],"max_hp_gain":0,"max_hp_loss":0,"event_name":"FaceTrader","floor":2,"gold_loss":0},{"damage_healed":0,"gold_gain":0,"player_choice":"Take Damage","damage_taken":18,"relics_obtained":["Golden Idol"],"max_hp_gain":0,"max_hp_loss":0,"event_name":"Golden Idol","floor":8,"gold_loss":0},{"damage_healed":0,"gold_gain":0,"player_choice":"Became a Ghost","damage_taken":0,"max_hp_gain":0,"max_hp_loss":36,"event_name":"Ghosts","floor":22,"gold_loss":0,"cards_obtained":["Ghostly","Ghostly","Ghostly","Ghostly","Ghostly"]},{"damage_healed":0,"gold_gain":0,"player_choice":"Opened","damage_taken":0,"relics_obtained":["Pocketwatch"],"max_hp_gain":0,"max_hp_loss":0,"event_name":"The Mausoleum","floor":31,"gold_loss":0,"cards_obtained":["Writhe"]}],"is_beta":false,"boss_relics":[{"not_picked":["Mark of Pain","Tiny House"],"picked":"Fusion Hammer"}],"items_purged_floors":[3,20],"is_endless":false,"potions_floor_spawned":[7,12,13,14,19,25,27,29],"killed_by":"Champ","ascension_level":0}}