{"host":"za51qju8r56bcr85","time":1609834995,"event":{"mods":["Act Like it!","BaseMod","Block Reminder","Googly Eyes","Minty Spire (QoL Compilation)","Quick Restart","Relic Sorter","Relic Stats","Shop Mod","StSLib","SuperFastMode"],"gold_per_floor":[112,112,17,29,44,69,69,95,95,108,108,119,139,64,64,140,140,151,76,76,88,107,142,161,161,215,58,58,87,87,112,123,123,202,202,215,264,264,289,305,336,336,365,365,398,398,412,63,90,90,90,90],"floor_reached":51,"playtime":1591,"items_purged":["Strike_R","Bash"],"score":1466,"play_id":"c8b7d47e-6c28-4767-b3ae-a92f2b27f66c","local_time":"20210105162315","is_ascension_mode":true,"campfire_choices":[{"data":"Fire Breathing","floor":7.0,"key":"SMITH"},{"data":"Evolve","floor":11.0,"key":"SMITH"},{"data":"Immolate","floor":15.0,"key":"SMITH"},{"data":"Fiend Fire","floor":25.0,"key":"SMITH"},{"data":"Burning Pact","floor":30.0,"key":"SMITH"},{"data":"Feel No Pain","floor":33.0,"key":"SMITH"},{"data":"Dual Wield","floor":46,"key":"SMITH"},{"floor":50,"key":"RECALL"}],"circlet_count":0,"master_deck":["AscendersBane","Defend_R","Defend_R","Defend_R","Defend_R","Feel No Pain+1","Evolve+1","Fire Breathing+1","Immolate+1","Battle Trance","Shrug It Off","Fiend Fire+1","Burning Pact+1","Impervious","Reckless Charge","Bloodletting","Offering","Dual Wield+1","Bloodletting+1","Reckless Charge","Second Wind","Fire Breathing"],"relics":["Burning Blood","Frozen Eye","Question Card","Darkstone Periapt","Self Forming Clay","Runic Dome","Regal Pillow","Toolbox","TungstenRod","Turnip","Coffee Dripper","Torii","Pocketwatch","InkBottle","Eternal Feather","Red Skull","Peace Pipe","PreservedInsect","Centennial Puzzle","Akabeko"],"acts_visited":["Exordium","TheCity","TheBeyond"],"potions_floor_usage":[],"damage_taken":[{"damage":14.0,"enemies":"Jaw Worm","floor":1.0,"turns":5.0},{"damage":9.0,"enemies":"2 Louse","floor":4.0,"turns":2.0},{"damage":7.0,"enemies":"Small Slimes","floor":5.0,"turns":4.0},{"damage":12.0,"enemies":"3 Sentries","floor":6.0,"turns":8.0},{"damage":22.0,"enemies":"Gremlin Nob","floor":8.0,"turns":4.0},{"damage":0.0,"enemies":"Gremlin Gang","floor":10.0,"turns":1.0},{"damage":0.0,"enemies":"3 Louse","floor":12.0,"turns":1.0},{"damage":6.0,"enemies":"Looter","floor":13.0,"turns":3.0},{"damage":38.0,"enemies":"Hexaghost","floor":16.0,"turns":6.0},{"damage":10.0,"enemies":"Spheric Guardian","floor":18.0,"turns":5.0},{"damage":0.0,"enemies":"Chosen","floor":21.0,"turns":4.0},{"damage":0.0,"enemies":"3 Cultists","floor":22.0,"turns":3.0},{"damage":12.0,"enemies":"Slavers","floor":23.0,"turns":3.0},{"damage":17.0,"enemies":"Shelled Parasite and Fungi","floor":24.0,"turns":4.0},{"damage":11.0,"enemies":"Book of Stabbing","floor":29.0,"turns":4.0},{"damage":21.0,"enemies":"Slavers","floor":31.0,"turns":3.0},{"damage":4.0,"enemies":"Centurion and Healer","floor":32.0,"turns":3.0},{"damage":15.0,"enemies":"Automaton","floor":34.0,"turns":8.0},{"damage":0.0,"enemies":"Orb Walker","floor":36.0,"turns":3.0},{"damage":10.0,"enemies":"2 Orb Walkers","floor":37.0,"turns":4.0},{"damage":6.0,"enemies":"Mind Bloom Boss Battle","floor":39.0,"turns":9.0},{"damage":7.0,"enemies":"3 Shapes","floor":40.0,"turns":3.0},{"damage":4,"enemies":"Giant Head","floor":41,"turns":6},{"damage":9,"enemies":"Reptomancer","floor":43,"turns":3},{"damage":7,"enemies":"Giant Head","floor":45,"turns":6},{"damage":0,"enemies":"Writhing Mass","floor":47,"turns":1},{"damage":14,"enemies":"Nemesis","floor":49,"turns":3},{"damage":80,"enemies":"Awakened One","floor":51,"turns":2}],"seed_played":"330802342483595221","potions_obtained":[{"floor":5.0,"key":"Swift Potion"},{"floor":8.0,"key":"GamblersBrew"},{"floor":12.0,"key":"Fruit Juice"},{"floor":23.0,"key":"Strength Potion"},{"floor":24.0,"key":"FearPotion"},{"floor":32.0,"key":"GamblersBrew"},{"floor":36.0,"key":"ElixirPotion"}],"is_trial":false,"path_per_floor":["M","?","$","M","M","E","R","E","T","M","R","M","M","?","R","B",null,"M","$","?","M","M","E","M","R","T","$","$","E","R","E","M","R","B",null,"M","?","?","?","M","E","?","E","T","E","R","M","$","E","R","B"],"character_chosen":"IRONCLAD","items_purchased":["Feel No Pain","PowerPotion","Toolbox","Centennial Puzzle","Fire Breathing"],"campfire_rested":0,"item_purchase_floors":[3,3,27,48,48],"current_hp_per_floor":[42,67,67,64,63,57,57,41,41,47,47,53,53,53,53,21,62,58,58,58,64,70,64,58,58,58,58,58,53,53,38,40,40,31,68,74,70,70,70,69,71,71,68,68,67,76,76,76,68,76,0,0],"gold":90,"neow_bonus":"REMOVE_TWO","is_daily":false,"chose_seed":false,"campfire_upgraded":7,"win_rate":0.0,"timestamp":1609834995,"path_taken":["M","?","?","M","M","E","R","E","T","M","R","M","M","?","R","BOSS","M","$","?","M","M","E","M","R","T","$","$","E","R","E","M","R","BOSS","M","?","?","?","M","E","?","E","T","E","R","M","$","E","R","BOSS"],"items_purchased_type":["Card","Potion","Relic","Relic","Card"],"build_version":"2020-12-22","purchased_purges":2,"victory":false,"max_hp_per_floor":[75,75,75,75,75,75,75,75,75,75,75,75,75,75,75,75,75,75,75,75,75,75,75,80,80,80,80,80,80,80,80,80,80,80,80,80,80,76,76,76,76,76,76,76,76,76,76,76,76,76,76,76],"relic_stats":{"Darkstone Periapt":0,"Regal Pillow":0,"Torii":5,"counters":[28,111],"Self Forming Clay":[123],"Eternal Feather":17,"PreservedInsect":50,"Question Card":23,"Burning Blood":156,"Peace Pipe":0,"Centennial Puzzle":[6],"Turnip":[2],"obtain_stats":[{"Darkstone Periapt":8,"Regal Pillow":23,"Torii":37,"Self Forming Clay":9,"Eternal Feather":42,"PreservedInsect":45,"Question Card":6,"Burning Blood":0,"Akabeko":49,"Peace Pipe":44,"Frozen Eye":1,"Runic Dome":17,"Centennial Puzzle":48,"Toolbox":27,"Turnip":31,"Coffee Dripper":35,"TungstenRod":29,"InkBottle":41,"Red Skull":43,"Pocketwatch":39},{"Darkstone Periapt":5,"Regal Pillow":13,"Torii":20,"Self Forming Clay":5,"Eternal Feather":23,"PreservedInsect":25,"Question Card":4,"Burning Blood":0,"Akabeko":27,"Peace Pipe":24,"Frozen Eye":1,"Runic Dome":9,"Centennial Puzzle":26,"Toolbox":14,"Turnip":16,"Coffee Dripper":18,"TungstenRod":15,"InkBottle":23,"Red Skull":24,"Pocketwatch":21},{"Darkstone Periapt":23,"Regal Pillow":49,"Torii":78,"Self Forming Clay":23,"Eternal Feather":96,"PreservedInsect":105,"Question Card":19,"Burning Blood":0,"Akabeko":109,"Peace Pipe":99,"Frozen Eye":1,"Runic Dome":34,"Centennial Puzzle":106,"Toolbox":53,"Turnip":60,"Coffee Dripper":71,"TungstenRod":57,"InkBottle":96,"Red Skull":99,"Pocketwatch":87}],"TungstenRod":34,"InkBottle":[9],"Pocketwatch":[3]},"card_choices":[{"not_picked":["Flex","Headbutt"],"picked":"Wild Strike","floor":1.0},{"not_picked":["Wild Strike","Shrug It Off"],"picked":"Anger","floor":4.0},{"not_picked":["Sword Boomerang","Pommel Strike"],"picked":"Evolve","floor":5.0},{"not_picked":["Ghostly Armor","Thunderclap"],"picked":"Fire Breathing","floor":6.0},{"not_picked":["Heavy Blade","Anger","Carnage"],"picked":"Immolate","floor":8.0},{"not_picked":["Havoc","Sword Boomerang","Flex"],"picked":"Battle Trance","floor":10.0},{"not_picked":["Heavy Blade","Havoc","Rampage"],"picked":"Shrug It Off","floor":12.0},{"not_picked":["Headbutt","Entrench","Flame Barrier","Pommel Strike"],"picked":"SKIP","floor":13.0},{"not_picked":["Juggernaut","Brutality","Exhume"],"picked":"Fiend Fire","floor":16.0},{"not_picked":["Thunderclap","Metallicize","Clash"],"picked":"Burning Pact","floor":18.0},{"not_picked":["Clothesline","Evolve","Heavy Blade+1","Whirlwind+1"],"picked":"SKIP","floor":21.0},{"not_picked":["Metallicize","Thunderclap","Havoc","Perfected Strike"],"picked":"SKIP","floor":22.0},{"not_picked":["Disarm","True Grit","Juggernaut","Ghostly Armor"],"picked":"SKIP","floor":23.0},{"not_picked":["Body Slam","Evolve","Sword Boomerang","Thunderclap"],"picked":"SKIP","floor":24.0},{"not_picked":["Sword Boomerang","True Grit","Warcry"],"picked":"Bloodletting","floor":29.0},{"not_picked":["Twin Strike","Havoc","Shrug It Off","Perfected Strike"],"picked":"SKIP","floor":31.0},{"not_picked":["Intimidate","Anger+1","Rage","Havoc"],"picked":"SKIP","floor":32.0},{"not_picked":["Fiend Fire","Brutality","Exhume"],"picked":"Offering","floor":34.0},{"not_picked":["Dual Wield","Heavy Blade","Flex","Clothesline"],"picked":"SKIP","floor":36.0},{"not_picked":["Heavy Blade","Flex","Clothesline"],"picked":"Dual Wield","floor":36.0},{"not_picked":["Perfected Strike","Headbutt","Inflame"],"picked":"Bloodletting+1","floor":39.0},{"not_picked":["Cleave","Clothesline","Searing Blow","Headbutt"],"picked":"SKIP","floor":40.0},{"not_picked":["True Grit","Sever Soul","Fiend Fire","Perfected Strike"],"picked":"SKIP","floor":41},{"not_picked":["Rupture","Twin Strike","Body Slam"],"picked":"Reckless Charge","floor":43},{"not_picked":["Cleave","Headbutt","True Grit","Bloodletting"],"picked":"SKIP","floor":45},{"not_picked":["Metallicize","Cleave+1","Shockwave+1"],"picked":"Second Wind","floor":47},{"not_picked":["Dropkick","Searing Blow","Evolve+1","Whirlwind"],"picked":"SKIP","floor":49}],"player_experience":1334155,"relics_obtained":[{"floor":6.0,"key":"Question Card"},{"floor":8.0,"key":"Darkstone Periapt"},{"floor":9.0,"key":"Self Forming Clay"},{"floor":23.0,"key":"Regal Pillow"},{"floor":29.0,"key":"TungstenRod"},{"floor":31.0,"key":"Turnip"},{"floor":37.0,"key":"Torii"},{"floor":39.0,"key":"Pocketwatch"},{"floor":41,"key":"InkBottle"},{"floor":43,"key":"Red Skull"},{"floor":44,"key":"Peace Pipe"},{"floor":45,"key":"PreservedInsect"},{"floor":49,"key":"Akabeko"}],"event_choices":[{"damage_healed":25.0,"max_hp_gain":0.0,"max_hp_loss":0.0,"gold_gain":0.0,"event_name":"Big Fish","player_choice":"Banana","floor":2.0,"gold_loss":0.0,"damage_taken":0.0},{"cards_removed":["Strike_R"],"damage_healed":0.0,"max_hp_gain":0.0,"max_hp_loss":0.0,"gold_gain":0.0,"event_name":"The Cleric","player_choice":"Card Removal","floor":14.0,"gold_loss":75.0,"damage_taken":0.0},{"damage_healed":0.0,"max_hp_gain":0.0,"max_hp_loss":0.0,"gold_gain":0.0,"cards_transformed":["Anger","Strike_R"],"event_name":"Drug Dealer","player_choice":"Became Test Subject","floor":20.0,"gold_loss":0.0,"damage_taken":0.0,"cards_obtained":["Impervious","Reckless Charge"]},{"damage_healed":0.0,"max_hp_gain":0.0,"max_hp_loss":0.0,"gold_gain":0.0,"event_name":"Mysterious Sphere","player_choice":"Fight","floor":37.0,"gold_loss":0.0,"damage_taken":0.0},{"damage_healed":0.0,"max_hp_gain":0.0,"max_hp_loss":4.0,"gold_gain":0.0,"event_name":"Winding Halls","player_choice":"Max HP","floor":38.0,"gold_loss":0.0,"damage_taken":0.0},{"damage_healed":0.0,"max_hp_gain":0.0,"max_hp_loss":0.0,"gold_gain":0.0,"event_name":"MindBloom","player_choice":"Fight","floor":39.0,"gold_loss":0.0,"damage_taken":0.0},{"cards_removed":["Wild Strike"],"damage_healed":0,"gold_gain":0,"player_choice":"Gave Card","damage_taken":0,"relics_obtained":["Eternal Feather"],"max_hp_gain":0,"max_hp_loss":0,"event_name":"WeMeetAgain","floor":42,"gold_loss":0}],"is_beta":false,"boss_relics":[{"not_picked":["Snecko Eye","Philosopher\u0027s Stone"],"picked":"Runic Dome"},{"not_picked":["Cursed Key","Busted Crown"],"picked":"Coffee Dripper"}],"items_purged_floors":[19,48],"is_endless":false,"potions_floor_spawned":[5,8,12,23,24,32,36,40,45],"killed_by":"Awakened One","ascension_level":20}}