{"host":"dpbezu80jg8zk7un","time":1609820515,"event":{"mods":["BaseMod","Colored Map","Colored Powertips","Custom Start","DeckTracker","Minty Spire (QoL Compilation)","Quick Restart","StSLib","SuperFastMode"],"gold_per_floor":[109,120,138,152,165,165,90,100,100,127,161,218,218,245,245,319,319,334,352,252,262,187,213,224,258,284,284,299,299,93,112,112,184,184,201,214,214,225,225,225,65,83,83,101,133,150,150,181,181,181,181,181,181,31,58,58],"floor_reached":57,"playtime":3665,"items_purged":["Defend_P","Strike_P","Strike_P","Defend_P+1"],"score":2882,"play_id":"8e1508ed-5eda-4cd4-9589-d27c73985fdb","local_time":"20210105132155","is_ascension_mode":true,"campfire_choices":[{"data":"Eruption","floor":6.0,"key":"SMITH"},{"floor":13,"key":"REST"},{"data":"CrushJoints","floor":15,"key":"SMITH"},{"floor":29,"key":"REST"},{"floor":32,"key":"REST"},{"floor":40,"key":"RECALL"},{"floor":49,"key":"REST"},{"floor":53,"key":"REST"}],"circlet_count":0,"master_deck":["AscendersBane","Strike_P+1","Strike_P+1","Defend_P+1","Eruption+1","Vigilance+1","FollowUp+1","CrushJoints+1","Adaptation+1","EmptyFist+1","Tantrum+1","Adaptation+1","LessonLearned+1","Meditate+1","Scrawl+1","Scrawl+1","TalkToTheHand+1"],"relics":["HolyWater","Regal Pillow","Mercury Hourglass","Odd Mushroom","Toxic Egg 2","Anchor","Letter Opener","Potion Belt","Omamori","VioletLotus","StrikeDummy","TheAbacus","Bronze Scales","InkBottle","Mummified Hand","Nunchaku"],"acts_visited":["Exordium","TheCity","TheBeyond","TheEnding"],"potions_floor_usage":[12,12,33,50,56,56],"damage_taken":[{"damage":2.0,"enemies":"Cultist","floor":1.0,"turns":3.0},{"damage":2.0,"enemies":"Small Slimes","floor":2.0,"turns":2.0},{"damage":0.0,"enemies":"2 Louse","floor":3.0,"turns":2.0},{"damage":4.0,"enemies":"Looter","floor":4.0,"turns":3.0},{"damage":12.0,"enemies":"2 Fungi Beasts","floor":5.0,"turns":3.0},{"damage":11.0,"enemies":"Exordium Thugs","floor":8.0,"turns":2.0},{"damage":7.0,"enemies":"The Mushroom Lair","floor":10.0,"turns":3.0},{"damage":17.0,"enemies":"3 Sentries","floor":11.0,"turns":5.0},{"damage":0,"enemies":"3 Sentries","floor":12,"turns":2},{"damage":8,"enemies":"Gremlin Nob","floor":14,"turns":3},{"damage":4,"enemies":"Slime Boss","floor":16,"turns":5},{"damage":0,"enemies":"2 Thieves","floor":18,"turns":2},{"damage":3,"enemies":"Shell Parasite","floor":19,"turns":2},{"damage":0,"enemies":"Centurion and Healer","floor":21,"turns":4},{"damage":0,"enemies":"Gremlin Leader","floor":23,"turns":5},{"damage":18,"enemies":"Snake Plant","floor":24,"turns":3},{"damage":29,"enemies":"Slavers","floor":25,"turns":3},{"damage":10,"enemies":"Snecko","floor":28,"turns":3},{"damage":13,"enemies":"Centurion and Healer","floor":31,"turns":3},{"damage":58,"enemies":"Automaton","floor":33,"turns":8},{"damage":0,"enemies":"3 Darklings","floor":35,"turns":2},{"damage":0,"enemies":"3 Shapes","floor":36,"turns":2},{"damage":4,"enemies":"Writhing Mass","floor":38,"turns":3},{"damage":6,"enemies":"Transient","floor":42,"turns":6},{"damage":0,"enemies":"Maw","floor":44,"turns":3},{"damage":5,"enemies":"Nemesis","floor":45,"turns":3},{"damage":0,"enemies":"Writhing Mass","floor":46,"turns":3},{"damage":0,"enemies":"Giant Head","floor":48,"turns":4},{"damage":2,"enemies":"Donu and Deca","floor":50,"turns":5},{"damage":0,"enemies":"Awakened One","floor":51,"turns":4},{"damage":0,"enemies":"Shield and Spear","floor":55,"turns":3},{"damage":27,"enemies":"The Heart","floor":56,"turns":6}],"seed_played":"-3349823843214804999","potions_obtained":[{"floor":1.0,"key":"Regen Potion"},{"floor":2.0,"key":"DistilledChaos"},{"floor":10.0,"key":"DuplicationPotion"},{"floor":11.0,"key":"Strength Potion"},{"floor":18,"key":"Energy Potion"},{"floor":19,"key":"BottledMiracle"},{"floor":33,"key":"PowerPotion"},{"floor":36,"key":"AttackPotion"},{"floor":44,"key":"Explosive Potion"}],"is_trial":false,"path_per_floor":["M","M","M","M","M","R","$","M","T","?","E","?","R","E","R","B",null,"M","M","$","M","?","E","M","E","T","?","M","R","$","M","R","B",null,"M","M","?","M","T","R","$","M","T","M","E","M","?","E","R","B","B",null,"R","$","E","B",null],"character_chosen":"WATCHER","items_purchased":["Scrawl+1","TheAbacus"],"campfire_rested":5,"item_purchase_floors":[30,41],"current_hp_per_floor":[59,57,57,53,41,41,41,30,30,23,20,20,55,47,47,43,62,62,59,59,59,59,59,41,12,12,12,2,37,37,24,59,1,51,51,51,51,47,47,47,47,41,41,41,36,36,68,68,68,66,66,68,68,68,68,41],"gold":58,"neow_bonus":"RANDOM_COMMON_RELIC","is_daily":false,"chose_seed":false,"campfire_upgraded":2,"win_rate":0.0,"timestamp":1609820515,"path_taken":["M","M","M","M","M","R","$","M","T","?","E","?","R","E","R","BOSS","M","M","$","M","?","E","M","E","T","?","M","R","$","M","R","BOSS","M","M","?","M","?","R","$","M","T","M","E","?","?","E","R","BOSS","BOSS","R","$","E","BOSS"],"items_purchased_type":["Card","Relic"],"build_version":"2020-12-22","purchased_purges":4,"victory":true,"max_hp_per_floor":[68,68,68,68,68,68,68,68,68,68,68,68,68,68,68,68,68,68,68,68,68,68,68,68,68,68,68,68,68,68,68,68,68,68,68,68,68,68,68,68,68,68,68,68,68,68,68,68,68,68,68,68,68,68,68,68],"card_choices":[{"not_picked":["Vengeance","Protect"],"picked":"FollowUp","floor":1.0},{"not_picked":["Fasting2","FollowUp"],"picked":"CrushJoints","floor":2.0},{"not_picked":["Worship","Protect","Collect"],"picked":"SKIP","floor":3.0},{"not_picked":["Vengeance","CutThroughFate","Crescendo"],"picked":"SKIP","floor":4.0},{"not_picked":["EmptyFist","Prostrate"],"picked":"Adaptation","floor":5.0},{"not_picked":["SashWhip","Halt"],"picked":"EmptyFist","floor":8.0},{"not_picked":["PathToVictory","Crescendo"],"picked":"Tantrum","floor":10.0},{"not_picked":["Sanctity+1","WreathOfFlame+1"],"picked":"Adaptation","floor":11.0},{"not_picked":["EmptyBody+1","Fasting2","ForeignInfluence+1"],"picked":"SKIP","floor":14},{"not_picked":["Scrawl+1","Wish+1"],"picked":"LessonLearned","floor":16},{"not_picked":["Crescendo+1","ThirdEye+1","Prostrate+1"],"picked":"SKIP","floor":18},{"not_picked":["Consecrate","BattleHymn","BowlingBash"],"picked":"SKIP","floor":19},{"not_picked":["FlurryOfBlows","CutThroughFate","WindmillStrike"],"picked":"SKIP","floor":21},{"not_picked":["ClearTheMind+1","WreathOfFlame+1","Adaptation"],"picked":"SKIP","floor":23},{"not_picked":["BattleHymn+1","FlyingSleeves"],"picked":"Meditate+1","floor":24},{"not_picked":["Collect+1","Adaptation","FlyingSleeves+1"],"picked":"SKIP","floor":25},{"not_picked":["Meditate+1","Conclude","ThirdEye+1"],"picked":"SKIP","floor":28},{"not_picked":["ForeignInfluence+1","FlyingSleeves","ThirdEye+1"],"picked":"SKIP","floor":31},{"not_picked":["ConjureBlade+1","Alpha+1"],"picked":"Scrawl+1","floor":33},{"not_picked":["WindmillStrike","Perseverance+1","Wallop"],"picked":"SKIP","floor":35},{"not_picked":["FlurryOfBlows+1","WindmillStrike+1","LikeWater"],"picked":"SKIP","floor":36},{"not_picked":["FollowUp","Evaluate+1","CutThroughFate"],"picked":"SKIP","floor":38},{"not_picked":["Protect+1","FlurryOfBlows","JustLucky"],"picked":"SKIP","floor":42},{"not_picked":["SpiritShield+1","FollowUp","CrushJoints"],"picked":"SKIP","floor":44},{"not_picked":["Protect+1","CrushJoints+1"],"picked":"TalkToTheHand+1","floor":45},{"not_picked":["Consecrate","CarveReality","SashWhip"],"picked":"SKIP","floor":46},{"not_picked":["Prostrate+1","SignatureMove+1","SandsOfTime"],"picked":"SKIP","floor":48},{"not_picked":["Brilliance","EmptyBody+1","Crescendo+1"],"picked":"SKIP","floor":55}],"player_experience":2832165,"relics_obtained":[{"floor":9.0,"key":"Mercury Hourglass"},{"floor":10.0,"key":"Odd Mushroom"},{"floor":11.0,"key":"Toxic Egg 2"},{"floor":14,"key":"Letter Opener"},{"floor":23,"key":"Potion Belt"},{"floor":25,"key":"Omamori"},{"floor":39,"key":"StrikeDummy"},{"floor":43,"key":"Bronze Scales"},{"floor":45,"key":"InkBottle"},{"floor":48,"key":"Mummified Hand"},{"floor":55,"key":"Nunchaku"}],"event_choices":[{"damage_healed":0.0,"max_hp_gain":0.0,"max_hp_loss":0.0,"gold_gain":0.0,"event_name":"Mushrooms","player_choice":"Fought Mushrooms","floor":10.0,"gold_loss":0.0,"damage_taken":0.0},{"damage_healed":0,"gold_gain":30,"player_choice":"Searched \u00273\u0027 times","damage_taken":0,"relics_obtained":["Anchor"],"max_hp_gain":0,"max_hp_loss":0,"event_name":"Dead Adventurer","floor":12,"gold_loss":0},{"cards_removed":["Defend_P"],"damage_healed":0,"gold_gain":0,"player_choice":"Gave Gold","damage_taken":0,"max_hp_gain":0,"max_hp_loss":0,"event_name":"Beggar","floor":22,"gold_loss":75},{"damage_healed":0,"gold_gain":0,"player_choice":"Smashed Altar","damage_taken":0,"max_hp_gain":0,"max_hp_loss":0,"event_name":"Forgotten Altar","floor":27,"gold_loss":0,"cards_obtained":["Decay"]},{"damage_healed":0,"gold_gain":0,"player_choice":"Ignored","damage_taken":0,"max_hp_gain":0,"max_hp_loss":0,"event_name":"Tomb of Lord Red Mask","floor":37,"gold_loss":0},{"damage_healed":32,"gold_gain":0,"player_choice":"Full Heal","damage_taken":0,"max_hp_gain":0,"max_hp_loss":0,"event_name":"Wheel of Change","floor":47,"gold_loss":0}],"is_beta":false,"boss_relics":[{"not_picked":["SacredBark","Ectoplasm"],"picked":"HolyWater"},{"not_picked":["Coffee Dripper","Runic Pyramid"],"picked":"VioletLotus"}],"items_purged_floors":[7,20,30,54],"is_endless":false,"potions_floor_spawned":[1,2,5,10,11,18,19,33,36,44,46],"ascension_level":20}}