{"host":"8z6cx8b9r5qs18cp","time":1609817104,"event":{"mods":["AchievementEnabler","Act Like it!","Bard","BaseMod","GifTheSpireLib","Googly Eyes","Hermit","Hubris","Infinite Spire","Marked Mod","Minty Spire (QoL Compilation)","Permanent Neow","Rare Cards Sparkle","Relic Stats","Replay The Spire","StSLib","Stuff the Spire","The Animator","The Bug Knight","The Cursed","The Servant 0.9.4"],"gold_per_floor":[112,112,125,125,125,151,151,5,5,5,33,43,7,26,26,129,129,142,142,105,182,182,182,198,210,210,160,160],"floor_reached":27,"playtime":2014,"items_purged":[],"score":243,"play_id":"e2bc663b-d9d0-42b7-bd51-9f8ef4b8f093","local_time":"20210104212504","is_ascension_mode":true,"campfire_choices":[{"floor":7,"key":"RECALL"},{"floor":10,"key":"REST"},{"floor":15,"key":"REST"},{"floor":23,"key":"REST"}],"circlet_count":0,"master_deck":["Strike_G","Strike_G","Strike_G","Strike_G","Strike_G","Defend_G+1","Defend_G","Defend_G","Defend_G","Defend_G+1","Survivor","Neutralize","Flying Knee","Deflect","StuffTheSpire:CuriosityCurse","Blade Dance","Dodge and Roll","Poisoned Stab","Sucker Punch","Caltrops","ReplayTheSpireMod:Scrap Shanks","Finisher","Adrenaline","Acrobatics+1","Flex+1","Quick Slash","StuffTheSpire:Incantation+1","Pain","Storm of Steel+1","StuffTheSpire:Python+1","StuffTheSpire:Python+1"],"relics":["hubris:GrandSneckoEye","hubris:Towel","hubris:Icosahedron","War Paint","hubris:TenFootPole","Dream Catcher","Nunchaku","hubris:Backtick","Toxic Egg 2","Smiling Mask","WarpedTongs","Prayer Wheel"],"acts_visited":["Exordium","TheCity"],"potions_floor_usage":[11,16,24,25,27],"damage_taken":[{"damage":0,"enemies":"2 Louse","floor":1,"turns":2},{"damage":0,"enemies":"Small Slimes","floor":3,"turns":3},{"damage":7,"enemies":"Lagavulin","floor":6,"turns":7},{"damage":13,"enemies":"3 Sentries","floor":11,"turns":7},{"damage":6,"enemies":"Jaw Worm","floor":12,"turns":2},{"damage":4,"enemies":"Blue Slaver","floor":14,"turns":4},{"damage":38,"enemies":"Slime Boss","floor":16,"turns":10},{"damage":7,"enemies":"3 Byrds","floor":18,"turns":4},{"damage":20,"enemies":"Spheric Guardian","floor":20,"turns":4},{"damage":27,"enemies":"Shelled Parasite and Fungi","floor":24,"turns":3},{"damage":25,"enemies":"Snake Plant","floor":25,"turns":4},{"damage":12,"enemies":"Centurion and Healer","floor":27,"turns":5}],"seed_played":"2012292182114018452","potions_obtained":[{"floor":6,"key":"Fire Potion"},{"floor":11,"key":"Cursed Concoction"},{"floor":14,"key":"BlessingOfTheForge"},{"floor":16,"key":"FearPotion"},{"floor":18,"key":"CunningPotion"},{"floor":21,"key":"EssenceOfSteel"}],"is_trial":false,"path_per_floor":["M","?","M","?","?","E","R","$","T","R","E","M","$","M","R","B",null,"M","?","M","?","?","R","M","M","T","M"],"character_chosen":"THE_SILENT","items_purchased":["Dream Catcher","Caltrops"],"campfire_rested":3,"item_purchase_floors":[8,13],"current_hp_per_floor":[70,70,70,70,70,63,63,63,63,70,57,51,51,47,68,30,70,63,63,43,43,43,64,37,12,12,0,0],"gold":160,"neow_bonus":"BOSS_RELIC","is_daily":false,"chose_seed":false,"campfire_upgraded":0,"win_rate":0.0,"timestamp":1609817104,"path_taken":["M","?","M","?","?","E","R","?","T","R","E","M","$","M","R","BOSS","M","?","?","?","?","R","M","M","T","?"],"items_purchased_type":["Relic","Card"],"build_version":"2020-12-22","purchased_purges":0,"victory":false,"max_hp_per_floor":[70,70,70,70,70,70,70,70,70,70,70,70,70,70,70,70,70,70,70,70,70,70,70,70,70,70,70,70],"relic_stats":{"Dream Catcher":3,"Nunchaku":[12],"counters":[12,54],"Prayer Wheel":0,"War Paint":["Defend_G","Defend_G"],"Smiling Mask":0,"obtain_stats":[{"hubris:Towel":2,"War Paint":5,"Smiling Mask":21,"WarpedTongs":22,"Dream Catcher":8,"Nunchaku":11,"hubris:Icosahedron":4,"hubris:Backtick":17,"Prayer Wheel":26,"hubris:GrandSneckoEye":0,"hubris:TenFootPole":6,"Toxic Egg 2":17,"Ring of the Snake":0},{"hubris:Towel":1,"War Paint":2,"Smiling Mask":9,"WarpedTongs":9,"Dream Catcher":3,"Nunchaku":4,"hubris:Icosahedron":2,"hubris:Backtick":7,"Prayer Wheel":11,"hubris:GrandSneckoEye":0,"hubris:TenFootPole":3,"Toxic Egg 2":7,"Ring of the Snake":0},{"hubris:Towel":2,"War Paint":5,"Smiling Mask":43,"WarpedTongs":43,"Dream Catcher":12,"Nunchaku":19,"hubris:Icosahedron":5,"hubris:Backtick":35,"Prayer Wheel":49,"hubris:GrandSneckoEye":0,"hubris:TenFootPole":12,"Toxic Egg 2":35,"Ring of the Snake":0}],"WarpedTongs":[11]},"card_choices":[{"not_picked":["StuffTheSpire:ClusterCrunch","Backflip"],"picked":"Flying Knee","floor":1},{"not_picked":["Distraction","Deadly Poison"],"picked":"Deflect","floor":3},{"not_picked":["Outmaneuver","StuffTheSpire:Sprint"],"picked":"Blade Dance","floor":6},{"not_picked":["StuffTheSpire:Incantation","Dagger Throw"],"picked":"Dodge and Roll","floor":10},{"not_picked":["PiercingWail","Distraction"],"picked":"Poisoned Stab","floor":11},{"not_picked":["Backflip","Hidden Blade"],"picked":"Sucker Punch","floor":12},{"not_picked":["Prepared","Blade Dance"],"picked":"ReplayTheSpireMod:Scrap Shanks","floor":14},{"not_picked":["ReplayTheSpireMod:From All Sides","Acrobatics"],"picked":"Finisher","floor":15},{"not_picked":["Venomology","ReplayTheSpireMod:From All Sides"],"picked":"Adrenaline","floor":16},{"not_picked":["All Out Attack","Quick Slash"],"picked":"Acrobatics+1","floor":18},{"not_picked":["Underhanded Strike","StuffTheSpire:Fury+1"],"picked":"Quick Slash","floor":20},{"not_picked":["Replay:Poison Smokescreen+1","Dodge and Roll+1"],"picked":"StuffTheSpire:Incantation+1","floor":21},{"not_picked":["Terror+1","Sucker Punch"],"picked":"Storm of Steel+1","floor":23},{"not_picked":["Blur+1","Skewer+1"],"picked":"StuffTheSpire:Python+1","floor":24},{"not_picked":["Backflip+1","Dagger Spray"],"picked":"StuffTheSpire:Python+1","floor":25}],"player_experience":201617,"relics_obtained":[{"floor":6,"key":"hubris:TenFootPole"},{"floor":11,"key":"Nunchaku"},{"floor":21,"key":"Smiling Mask"},{"floor":26,"key":"Prayer Wheel"}],"event_choices":[{"damage_healed":0,"gold_gain":0,"player_choice":"Read","damage_taken":0,"max_hp_gain":0,"max_hp_loss":0,"event_name":"The Library","floor":19,"gold_loss":0,"cards_obtained":["Flex"]},{"damage_healed":0,"gold_gain":0,"player_choice":"Rummage","damage_taken":0,"relics_obtained":["WarpedTongs"],"max_hp_gain":0,"max_hp_loss":0,"event_name":"Accursed Blacksmith","floor":22,"gold_loss":0,"cards_obtained":["Pain"]}],"is_beta":false,"boss_relics":[{"not_picked":["Philosopher\u0027s Stone","StuffTheSpire:RunicHypercube"],"picked":"hubris:Backtick"}],"items_purged_floors":[],"is_endless":false,"potions_floor_spawned":[6,11,14,16,18],"killed_by":"Centurion and Healer","ascension_level":2}}