{"host":"vfg9szunmpjwj08o","time":1609881844,"event":{"mods":["Act Like it!","BaseMod","Challenge The Spire","Colored Map","Colored Powertips","Minty Spire (QoL Compilation)","StSLib","Waifu the Spire"],"gold_per_floor":[113,130,53,72,72,98,98,127,127,145,171,171,188,26,26,102,102,115,127,177,177,177],"floor_reached":21,"playtime":820,"items_purged":["Strike_B"],"score":388,"play_id":"3a3ccad8-582c-43a2-a5a5-8826efe52245","local_time":"20210105222404","is_ascension_mode":true,"campfire_choices":[{"data":"Zap","floor":7.0,"key":"SMITH"},{"data":"Dualcast","floor":15.0,"key":"SMITH"}],"circlet_count":0,"master_deck":["AscendersBane","Strike_B","Strike_B","Strike_B","Defend_B","Defend_B","Defend_B","Defend_B","Zap+1","Dualcast+1","Coolheaded","Darkness","Self Repair","Defragment","Go for the Eyes","Aggregate","Compile Driver","Chill","Echo Form","Defragment","Hologram","Chaos"],"relics":["Cracked Core","NeowsBlessing","DataDisk","Prayer Wheel","Cables","HornCleat","Bronze Scales","Cursed Key"],"acts_visited":["Exordium","TheCity"],"potions_floor_usage":[],"damage_taken":[{"damage":0.0,"enemies":"Cultist","floor":1.0,"turns":1.0},{"damage":0.0,"enemies":"2 Louse","floor":2.0,"turns":1.0},{"damage":0.0,"enemies":"Jaw Worm","floor":4.0,"turns":1.0},{"damage":14.0,"enemies":"Lagavulin","floor":6.0,"turns":7.0},{"damage":33.0,"enemies":"3 Sentries","floor":8.0,"turns":8.0},{"damage":5.0,"enemies":"Exordium Thugs","floor":10.0,"turns":5.0},{"damage":21.0,"enemies":"Lagavulin","floor":11.0,"turns":6.0},{"damage":2.0,"enemies":"Red Slaver","floor":13.0,"turns":3.0},{"damage":7.0,"enemies":"Hexaghost","floor":16.0,"turns":6.0},{"damage":0,"enemies":"Spheric Guardian","floor":18,"turns":3},{"damage":40,"enemies":"Chosen","floor":19,"turns":5},{"damage":32,"enemies":"Centurion and Healer","floor":21,"turns":5}],"seed_played":"-6606478792663744692","potions_obtained":[{"floor":2.0,"key":"Regen Potion"},{"floor":10.0,"key":"LiquidMemories"},{"floor":11.0,"key":"Dexterity Potion"},{"floor":16.0,"key":"EssenceOfSteel"},{"floor":19,"key":"BlessingOfTheForge"}],"is_trial":false,"path_per_floor":["M","M","$","M","T","E","R","E","T","M","E","?","M","$","R","B",null,"M","M","?","M"],"character_chosen":"DEFECT","items_purchased":["Self Repair","Chill"],"campfire_rested":0,"item_purchase_floors":[3,14],"current_hp_per_floor":[64,64,64,64,64,57,57,46,46,41,27,27,25,25,25,25,60,67,34,27,0,0],"gold":177,"neow_bonus":"THREE_ENEMY_KILL","is_daily":false,"chose_seed":false,"campfire_upgraded":2,"win_rate":0.0,"timestamp":1609881844,"path_taken":["M","M","$","?","?","E","R","E","T","M","E","?","M","$","R","BOSS","M","M","?","M"],"items_purchased_type":["Card","Card"],"build_version":"2020-12-22","purchased_purges":1,"victory":false,"max_hp_per_floor":[71,71,71,71,71,71,71,71,71,71,71,71,71,71,71,71,71,71,71,71,71,71],"card_choices":[{"not_picked":["Conserve Battery","Barrage"],"picked":"Coolheaded","floor":1.0},{"not_picked":["Beam Cell","Conserve Battery"],"picked":"Darkness","floor":2.0},{"not_picked":["Darkness","Go for the Eyes"],"picked":"Defragment","floor":4.0},{"not_picked":["Barrage","Sweeping Beam","Stack"],"picked":"SKIP","floor":6.0},{"not_picked":["Amplify","Heatsinks"],"picked":"Go for the Eyes","floor":8.0},{"not_picked":["Conserve Battery","Gash"],"picked":"Aggregate","floor":10.0},{"not_picked":["Go for the Eyes","Melter","Undo"],"picked":"SKIP","floor":10.0},{"not_picked":["Steam","Sweeping Beam","Stack"],"picked":"SKIP","floor":11.0},{"not_picked":["Leap","Self Repair"],"picked":"Compile Driver","floor":13.0},{"not_picked":["Go for the Eyes","Turbo","Beam Cell"],"picked":"SKIP","floor":13.0},{"not_picked":["Meteor Strike","Buffer"],"picked":"Echo Form","floor":16.0},{"not_picked":["Streamline","Lockon"],"picked":"Defragment","floor":18},{"not_picked":["Turbo+1","Gash","Steam"],"picked":"SKIP","floor":18},{"not_picked":["Scrape","Sweeping Beam"],"picked":"Hologram","floor":19},{"not_picked":["Storm","Compile Driver"],"picked":"Chaos","floor":19}],"player_experience":1034292,"relics_obtained":[{"floor":5.0,"key":"DataDisk"},{"floor":6.0,"key":"Prayer Wheel"},{"floor":8.0,"key":"Cables"},{"floor":9.0,"key":"HornCleat"},{"floor":11.0,"key":"Bronze Scales"}],"event_choices":[{"damage_healed":0.0,"max_hp_gain":0.0,"max_hp_loss":0.0,"gold_gain":0.0,"event_name":"Scrap Ooze","player_choice":"Fled","floor":12.0,"gold_loss":0.0,"damage_taken":0.0},{"damage_healed":0,"gold_gain":50,"player_choice":"Touch","damage_taken":7,"max_hp_gain":0,"max_hp_loss":0,"event_name":"FaceTrader","floor":20,"gold_loss":0}],"is_beta":false,"boss_relics":[{"not_picked":["Runic Pyramid","Snecko Eye"],"picked":"Cursed Key"}],"items_purged_floors":[14],"is_endless":false,"potions_floor_spawned":[2,10,11,16,19],"killed_by":"Centurion and Healer","ascension_level":19}}