{"host":"6bsan6hkua32tfq7","time":1609812517,"event":{"mods":["BaseMod","Better Third Choice","Colored Map","Highlight Path","Minty Spire (QoL Compilation)","StSLib"],"gold_per_floor":[109,126,126,63,63,97,97,130,130,144,175,175,189,204,204,295,295,311,236,286,300,61,61,81,81,104,142,142,142,157,177,177,273,273,292,625,635,295,295,295,309,309,309,309,343,343,360,376,376,376,376,376],"floor_reached":51,"playtime":1291,"items_purged":["Defend_R","Regret"],"score":1460,"play_id":"d0c2428a-4d73-479b-b479-550dcd201c16","local_time":"20210105030837","is_ascension_mode":true,"campfire_choices":[{"data":"Defend_R","floor":7.0,"key":"SMITH"},{"data":"Disarm","floor":12.0,"key":"SMITH"},{"data":"Shockwave","floor":15.0,"key":"SMITH"},{"data":"Disarm","floor":23.0,"key":"SMITH"},{"floor":29.0,"key":"REST"},{"floor":32.0,"key":"REST"},{"floor":40.0,"key":"REST"},{"floor":42.0,"key":"REST"},{"floor":46.0,"key":"REST"},{"floor":49,"key":"RECALL"}],"circlet_count":0,"master_deck":["AscendersBane","Strike_R","Strike_R","Strike_R+1","Strike_R","Defend_R","Defend_R","Defend_R+1","Bash+1","Rampage","Pommel Strike","Demon Form+1","Disarm+1","Clothesline","Twin Strike","Twin Strike","Shockwave+1","Offering","Disarm+1","Battle Trance","Exhume","Feel No Pain+1","True Grit+1","Dark Embrace+1","Decay","Pain","Heavy Blade+1","Metallicize+1"],"relics":["Burning Blood","NeowsBlessing","betterThird:SlimedRelic","Frozen Egg 2","Pantograph","StrikeDummy","Odd Mushroom","Cursed Key","ClockworkSouvenir","Enchiridion","Vajra","Potion Belt","Sozu","Whetstone","The Courier","Toy Ornithopter"],"acts_visited":["Exordium","TheCity","TheBeyond"],"potions_floor_usage":[],"damage_taken":[{"damage":0.0,"enemies":"2 Louse","floor":1.0,"turns":1.0},{"damage":0.0,"enemies":"Jaw Worm","floor":2.0,"turns":1.0},{"damage":0.0,"enemies":"Gremlin Nob","floor":6.0,"turns":1.0},{"damage":17.0,"enemies":"Lagavulin","floor":8.0,"turns":7.0},{"damage":4.0,"enemies":"Small Slimes","floor":10.0,"turns":2.0},{"damage":25.0,"enemies":"The Mushroom Lair","floor":11.0,"turns":4.0},{"damage":1.0,"enemies":"Exordium Wildlife","floor":13.0,"turns":3.0},{"damage":0.0,"enemies":"2 Fungi Beasts","floor":14.0,"turns":3.0},{"damage":9.0,"enemies":"The Guardian","floor":16.0,"turns":9.0},{"damage":4.0,"enemies":"2 Thieves","floor":18.0,"turns":4.0},{"damage":0.0,"enemies":"Chosen","floor":21.0,"turns":4.0},{"damage":25.0,"enemies":"Snake Plant","floor":24.0,"turns":3.0},{"damage":13.0,"enemies":"Book of Stabbing","floor":27.0,"turns":4.0},{"damage":26.0,"enemies":"Shelled Parasite and Fungi","floor":30.0,"turns":3.0},{"damage":13.0,"enemies":"Centurion and Healer","floor":31.0,"turns":5.0},{"damage":37.0,"enemies":"Champ","floor":33.0,"turns":8.0},{"damage":23.0,"enemies":"3 Darklings","floor":35.0,"turns":5.0},{"damage":27.0,"enemies":"Orb Walker","floor":37.0,"turns":5.0},{"damage":8.0,"enemies":"Sphere and 2 Shapes","floor":41.0,"turns":4.0},{"damage":52.0,"enemies":"Giant Head","floor":45.0,"turns":8.0},{"damage":20.0,"enemies":"Transient","floor":47.0,"turns":6.0},{"damage":3.0,"enemies":"Maw","floor":48.0,"turns":6.0},{"damage":44,"enemies":"Time Eater","floor":50,"turns":8},{"damage":41,"enemies":"Awakened One","floor":51,"turns":3}],"seed_played":"489047342062450480","potions_obtained":[{"floor":1.0,"key":"EssenceOfSteel"},{"floor":10.0,"key":"ColorlessPotion"},{"floor":16.0,"key":"Block Potion"},{"floor":18.0,"key":"Explosive Potion"},{"floor":27.0,"key":"AttackPotion"},{"floor":28.0,"key":"HeartOfIron"},{"floor":28.0,"key":"Block Potion"},{"floor":33.0,"key":"AttackPotion"}],"is_trial":false,"path_per_floor":["M","M","?","?","$","E","R","E","T","M","?","R","M","M","R","B",null,"M","?","?","M","$","R","M","?","T","E","?","R","M","M","R","B",null,"M","?","M","$","T","R","M","R","T","?","E","R","M","M","R","B","B"],"character_chosen":"IRONCLAD","items_purchased":["ClockworkSouvenir","Dark Embrace+1","Whetstone"],"campfire_rested":5,"item_purchase_floors":[22,38,38],"current_hp_per_floor":[74,75,68,57,57,63,63,52,52,54,35,35,40,46,46,65,67,68,68,68,68,68,68,49,28,28,21,21,41,21,14,34,28,58,41,41,20,20,20,40,38,58,58,58,12,32,23,26,26,13,0,0],"gold":376,"neow_bonus":"THREE_ENEMY_KILL","is_daily":false,"chose_seed":false,"campfire_upgraded":4,"win_rate":0.0,"timestamp":1609812517,"path_taken":["M","M","?","?","$","E","R","E","T","M","?","R","M","M","R","BOSS","M","?","?","?","$","R","M","?","T","E","?","R","?","M","R","BOSS","M","?","M","?","?","R","?","R","T","?","E","R","?","M","R","BOSS","BOSS"],"items_purchased_type":["Relic","Card","Relic"],"build_version":"2020-12-22","purchased_purges":2,"victory":false,"max_hp_per_floor":[75,75,68,68,68,68,68,68,68,68,68,68,68,68,68,68,68,68,68,68,68,68,68,68,68,68,68,68,68,68,68,68,68,68,68,68,68,68,68,68,68,68,68,68,68,68,68,68,68,68,68,68],"card_choices":[{"not_picked":["Power Through","Sever Soul"],"picked":"Rampage","floor":1.0},{"not_picked":["Infernal Blade","Heavy Blade"],"picked":"Pommel Strike","floor":2.0},{"not_picked":["Anger","True Grit"],"picked":"Demon Form+1","floor":6.0},{"not_picked":["Corruption+1","Shockwave"],"picked":"Disarm","floor":8.0},{"not_picked":["Clash","Cleave"],"picked":"Clothesline","floor":10.0},{"not_picked":["Ghostly Armor","Power Through"],"picked":"Twin Strike","floor":11.0},{"not_picked":["Power Through","Warcry"],"picked":"Twin Strike","floor":13.0},{"not_picked":["Clothesline","Burning Pact"],"picked":"Shockwave","floor":14.0},{"not_picked":["Immolate","Juggernaut+1"],"picked":"Offering","floor":16.0},{"not_picked":["Perfected Strike","Warcry"],"picked":"Disarm","floor":18.0},{"not_picked":["Cleave","Sever Soul+1","Pummel"],"picked":"SKIP","floor":21.0},{"not_picked":["Body Slam","Inflame+1","Bloodletting"],"picked":"SKIP","floor":24.0},{"not_picked":["Twin Strike","Power Through","Seeing Red"],"picked":"SKIP","floor":27.0},{"not_picked":["Flame Barrier","Heavy Blade"],"picked":"Battle Trance","floor":30.0},{"not_picked":["Pommel Strike+1","Havoc","Rampage"],"picked":"SKIP","floor":31.0},{"not_picked":["Corruption+1","Offering"],"picked":"Exhume","floor":33.0},{"not_picked":["Cleave","Clash"],"picked":"Feel No Pain+1","floor":35.0},{"not_picked":["Warcry","Wild Strike"],"picked":"True Grit","floor":37.0},{"not_picked":["Seeing Red","Battle Trance","Uppercut"],"picked":"SKIP","floor":41.0},{"not_picked":["Flex+1","Combust+1"],"picked":"Heavy Blade+1","floor":45.0},{"not_picked":["Spot Weakness+1","Thunderclap","Heavy Blade+1"],"picked":"SKIP","floor":47.0},{"not_picked":["Ghostly Armor","Inflame+1"],"picked":"Metallicize+1","floor":48.0}],"player_experience":5258232,"relics_obtained":[{"floor":6.0,"key":"Frozen Egg 2"},{"floor":8.0,"key":"Pantograph"},{"floor":9.0,"key":"StrikeDummy"},{"floor":11.0,"key":"Odd Mushroom"},{"floor":25.0,"key":"Enchiridion"},{"floor":26.0,"key":"Vajra"},{"floor":27.0,"key":"Potion Belt"},{"floor":43.0,"key":"The Courier"},{"floor":45.0,"key":"Toy Ornithopter"}],"event_choices":[{"damage_healed":0.0,"max_hp_gain":0.0,"max_hp_loss":7.0,"gold_gain":0.0,"event_name":"Golden Idol","player_choice":"Lose Max HP","floor":3.0,"gold_loss":0.0,"damage_taken":0.0,"relics_obtained":["Golden Idol"]},{"damage_healed":0.0,"max_hp_gain":0.0,"max_hp_loss":0.0,"gold_gain":0.0,"event_name":"betterThird:BetterGoop","player_choice":"Slimed","floor":4.0,"gold_loss":63.0,"damage_taken":11.0},{"damage_healed":0.0,"max_hp_gain":0.0,"max_hp_loss":0.0,"gold_gain":0.0,"event_name":"Mushrooms","player_choice":"Fought Mushrooms","floor":11.0,"gold_loss":0.0,"damage_taken":0.0},{"cards_removed":["Strike_R"],"damage_healed":0.0,"max_hp_gain":0.0,"max_hp_loss":0.0,"gold_gain":0.0,"event_name":"Beggar","player_choice":"Gave Gold","floor":19.0,"gold_loss":75.0,"damage_taken":0.0},{"damage_healed":0.0,"max_hp_gain":0.0,"max_hp_loss":0.0,"gold_gain":50.0,"event_name":"Golden Shrine","player_choice":"Pray","floor":20.0,"gold_loss":0.0,"damage_taken":0.0},{"damage_healed":0.0,"max_hp_gain":0.0,"max_hp_loss":0.0,"gold_gain":0.0,"event_name":"Cursed Tome","player_choice":"Obtained Book","floor":25.0,"gold_loss":0.0,"damage_taken":21.0},{"damage_healed":0.0,"max_hp_gain":0.0,"max_hp_loss":0.0,"gold_gain":0.0,"event_name":"Lab","player_choice":"Got Potions","floor":28.0,"gold_loss":0.0,"damage_taken":0.0},{"damage_healed":0.0,"max_hp_gain":0.0,"max_hp_loss":0.0,"gold_gain":333.0,"event_name":"The Moai Head","player_choice":"Gave Idol","floor":36.0,"relics_lost":["Golden Idol"],"gold_loss":0.0,"damage_taken":0.0},{"damage_healed":0.0,"max_hp_gain":0.0,"max_hp_loss":0.0,"gold_gain":0.0,"event_name":"Upgrade Shrine","player_choice":"Upgraded","floor":44.0,"gold_loss":0.0,"damage_taken":0.0,"cards_upgraded":["True Grit"]}],"is_beta":false,"boss_relics":[{"not_picked":["Black Blood","Snecko Eye"],"picked":"Cursed Key"},{"not_picked":["Black Star","Tiny House"],"picked":"Sozu"}],"items_purged_floors":[22,38],"is_endless":false,"potions_floor_spawned":[1,10,14,16,18,27,33,35,41,48],"killed_by":"Awakened One","ascension_level":20}}