{"host":"m77rrhbqzv44va4v","time":1609859037,"event":{"mods":["AchievementEnabler","BaseMod","Colored Map","DeckTracker","Keyboard Shortcuts","Minty Spire (QoL Compilation)","StSLib","SuperFastMode","everything is the same but u backflip on backflip"],"gold_per_floor":[118,118,6,6,181,181,222,222,271,271,295,316,339,363,363,484,484,498,194,210,85,85,85,123,123,148,148,163,163,188,287,287,287,287],"floor_reached":33,"playtime":591,"items_purged":["Strike_B","Doubt","Strike_B"],"score":446,"play_id":"a358fe3d-2d25-485a-92ce-b01606fb5c61","local_time":"20210106000357","is_ascension_mode":true,"campfire_choices":[{"data":"Loop","floor":6.0,"key":"SMITH"},{"data":"Beam Cell","floor":8.0,"key":"SMITH"},{"data":"Zap","floor":10.0,"key":"SMITH"},{"floor":15,"key":"REST"},{"data":"Self Repair","floor":23,"key":"SMITH"},{"floor":25,"key":"REST"},{"data":"Echo Form","floor":29,"key":"SMITH"},{"floor":32,"key":"REST"}],"circlet_count":0,"master_deck":["AscendersBane","Strike_B","Strike_B","Defend_B","Defend_B","Defend_B+1","Defend_B","Zap+1","Dualcast+1","Beam Cell+1","Loop+1","Undo","Self Repair+1","Rip and Tear","Coolheaded","Multi-Cast","Echo Form+1","Ball Lightning","Compile Driver","Turbo","Writhe","Regret","Conserve Battery"],"relics":["Cracked Core","NeowsBlessing","Golden Idol","War Paint","Cables","Akabeko","Cursed Key","DataDisk","Happy Flower","Pen Nib","Orichalcum"],"acts_visited":["Exordium","TheCity"],"potions_floor_usage":[16,30,33],"damage_taken":[{"damage":0.0,"enemies":"Small Slimes","floor":1.0,"turns":1.0},{"damage":0.0,"enemies":"3 Sentries","floor":7.0,"turns":2.0},{"damage":0.0,"enemies":"Jaw Worm","floor":11.0,"turns":1.0},{"damage":0.0,"enemies":"2 Louse","floor":12.0,"turns":2.0},{"damage":27.0,"enemies":"Exordium Thugs","floor":13.0,"turns":4.0},{"damage":8,"enemies":"Blue Slaver","floor":14,"turns":2},{"damage":11,"enemies":"The Guardian","floor":16,"turns":12},{"damage":17,"enemies":"Spheric Guardian","floor":18,"turns":4},{"damage":17,"enemies":"2 Thieves","floor":20,"turns":3},{"damage":44,"enemies":"Book of Stabbing","floor":24,"turns":5},{"damage":15,"enemies":"Snake Plant","floor":28,"turns":3},{"damage":13,"enemies":"Centurion and Healer","floor":30,"turns":7},{"damage":80,"enemies":"Automaton","floor":33,"turns":6}],"seed_played":"4643689753618909603","potions_obtained":[{"floor":1.0,"key":"Strength Potion"},{"floor":7.0,"key":"FocusPotion"},{"floor":24,"key":"Swift Potion"}],"is_trial":false,"path_per_floor":["M","?","$","?","?","R","E","R","T","R","M","M","M","M","R","B",null,"M","$","M","$","?","R","E","R","T","?","M","R","M","?","R","B"],"character_chosen":"DEFECT","items_purchased":["Loop","DataDisk","Compile Driver"],"campfire_rested":3,"item_purchase_floors":[3,19,19],"current_hp_per_floor":[68,50,50,47,47,47,47,47,47,47,47,47,27,19,41,37,66,63,63,46,46,46,46,12,34,34,34,29,29,26,26,48,0,0],"gold":287,"neow_bonus":"THREE_ENEMY_KILL","is_daily":false,"chose_seed":false,"campfire_upgraded":5,"win_rate":0.0,"timestamp":1609859037,"path_taken":["M","?","$","?","?","R","E","R","T","R","M","?","M","M","R","BOSS","M","$","M","$","?","R","E","R","T","?","?","R","M","?","R","BOSS"],"items_purchased_type":["Card","Relic","Card"],"build_version":"2020-12-22","purchased_purges":3,"victory":false,"max_hp_per_floor":[75,75,75,75,75,75,75,75,75,75,75,75,75,75,75,75,75,75,75,75,75,75,75,75,75,75,75,75,75,75,75,75,75,75],"card_choices":[{"not_picked":["Capacitor","Gash"],"picked":"Beam Cell","floor":1.0},{"not_picked":["Leap","Gash"],"picked":"Undo","floor":7.0},{"not_picked":["Go for the Eyes","Beam Cell"],"picked":"Self Repair","floor":11.0},{"not_picked":["Recycle","Stack"],"picked":"Rip and Tear","floor":12.0},{"not_picked":["Gash","Rip and Tear"],"picked":"Coolheaded","floor":13.0},{"not_picked":["Recycle","Auto Shields"],"picked":"Multi-Cast","floor":14},{"not_picked":["Seek","Meteor Strike"],"picked":"Echo Form","floor":16},{"not_picked":["Streamline+1","Stack+1"],"picked":"Ball Lightning","floor":18},{"not_picked":["Gash","Conserve Battery"],"picked":"Turbo","floor":20},{"not_picked":["Static Discharge","Blizzard","Beam Cell"],"picked":"SKIP","floor":24},{"not_picked":["Rebound","Steam"],"picked":"Conserve Battery","floor":28},{"not_picked":["Rebound","Turbo+1","Conserve Battery"],"picked":"SKIP","floor":30}],"player_experience":900318,"relics_obtained":[{"floor":7.0,"key":"Cables"},{"floor":9.0,"key":"Akabeko"},{"floor":24,"key":"Pen Nib"},{"floor":26,"key":"Orichalcum"}],"event_choices":[{"damage_healed":0.0,"max_hp_gain":0.0,"max_hp_loss":0.0,"gold_gain":0.0,"event_name":"Golden Idol","player_choice":"Take Damage","floor":2.0,"gold_loss":0.0,"damage_taken":18.0,"relics_obtained":["Golden Idol"]},{"damage_healed":0.0,"max_hp_gain":0.0,"max_hp_loss":0.0,"gold_gain":0.0,"event_name":"Scrap Ooze","player_choice":"Success","floor":4.0,"gold_loss":0.0,"damage_taken":3.0,"relics_obtained":["War Paint"]},{"damage_healed":0.0,"max_hp_gain":0.0,"max_hp_loss":0.0,"gold_gain":175.0,"event_name":"Liars Game","player_choice":"AGREE","floor":5.0,"gold_loss":0.0,"damage_taken":0.0,"cards_obtained":["Doubt"]},{"damage_healed":0,"gold_gain":0,"player_choice":"Opened","damage_taken":0,"relics_obtained":["Happy Flower"],"max_hp_gain":0,"max_hp_loss":0,"event_name":"The Mausoleum","floor":22,"gold_loss":0,"cards_obtained":["Writhe"]},{"damage_healed":0,"gold_gain":0,"player_choice":"Got Potions","damage_taken":0,"max_hp_gain":0,"max_hp_loss":0,"event_name":"Lab","floor":27,"gold_loss":0},{"damage_healed":0,"gold_gain":99,"player_choice":"Stole From Cult","damage_taken":0,"max_hp_gain":0,"max_hp_loss":0,"event_name":"Nest","floor":31,"gold_loss":0}],"is_beta":false,"boss_relics":[{"not_picked":["Philosopher\u0027s Stone","Ectoplasm"],"picked":"Cursed Key"}],"items_purged_floors":[3,19,21],"is_endless":false,"potions_floor_spawned":[1,7,13,14,24,28],"killed_by":"Automaton","ascension_level":11}}