{"host":"tiwza2kisyyrpq7h","time":1609847904,"event":{"mods":["BaseMod","BetterRewards","Colored Powertips","Minty Spire (QoL Compilation)","Quick Restart","Rare Cards Sparkle","StSLib","SuperFastMode","The Servant 0.9.4","óô»ðÖ¸ÄÏ"],"gold_per_floor":[112,9,25,25,25,25,60,60,87,87,87,107,121,121,121,199,199,213,290,309,327,327,327,345,378,405,423,423,423,443,443,443],"floor_reached":31,"playtime":564,"items_purged":["Strike_G"],"score":610,"play_id":"512b4a3b-2b39-42b6-af6f-f0177633d864","local_time":"20210105195824","is_ascension_mode":true,"campfire_choices":[{"data":"Acrobatics","floor":6.0,"key":"SMITH"},{"data":"Cloak And Dagger","floor":8.0,"key":"SMITH"},{"data":"Leg Sweep","floor":10.0,"key":"SMITH"},{"data":"Noxious Fumes","floor":15.0,"key":"SMITH"},{"data":"Blade Dance","floor":23.0,"key":"SMITH"},{"data":"Blade Dance","floor":28,"key":"SMITH"}],"circlet_count":0,"master_deck":["AscendersBane","Strike_G","Defend_G","Defend_G","Defend_G","Defend_G","Defend_G","Survivor","Neutralize","Acrobatics+1","Cloak And Dagger+1","Leg Sweep+1","Quick Slash","Backflip","Die Die Die","Blade Dance+1","Noxious Fumes+1","Unload","Noxious Fumes","Shame","Blade Dance+1","Infinite Blades+1","Decay","Reflex","Shame","Cloak And Dagger+1"],"relics":["NeowsBlessing","Tiny Chest","Pen Nib","Akabeko","Cursed Key","Nloth\u0027s Gift","Boot","Vajra","Mercury Hourglass"],"acts_visited":["Exordium","TheCity"],"potions_floor_usage":[25,25,25,25,31],"damage_taken":[{"damage":0.0,"enemies":"2 Louse","floor":1.0,"turns":1.0},{"damage":0.0,"enemies":"Cultist","floor":3.0,"turns":1.0},{"damage":0.0,"enemies":"3 Sentries","floor":7.0,"turns":1.0},{"damage":0.0,"enemies":"Small Slimes","floor":12.0,"turns":2.0},{"damage":0.0,"enemies":"Gremlin Gang","floor":13.0,"turns":2.0},{"damage":13.0,"enemies":"Slime Boss","floor":16.0,"turns":8.0},{"damage":0.0,"enemies":"Spheric Guardian","floor":18.0,"turns":3.0},{"damage":1.0,"enemies":"3 Byrds","floor":20.0,"turns":4.0},{"damage":9.0,"enemies":"3 Cultists","floor":21.0,"turns":3.0},{"damage":21.0,"enemies":"Snake Plant","floor":24.0,"turns":3.0},{"damage":0,"enemies":"Gremlin Leader","floor":25,"turns":4},{"damage":14,"enemies":"Shelled Parasite and Fungi","floor":27,"turns":4},{"damage":3,"enemies":"Centurion and Healer","floor":30,"turns":4},{"damage":18,"enemies":"Snecko","floor":31,"turns":2}],"seed_played":"-6414241108710317858","potions_obtained":[{"floor":12.0,"key":"Strength Potion"},{"floor":13.0,"key":"Strength Potion"},{"floor":16.0,"key":"EntropicBrew"},{"floor":21.0,"key":"PowerPotion"},{"floor":24.0,"key":"EssenceOfSteel"},{"floor":30,"key":"Poison Potion"}],"is_trial":false,"path_per_floor":["M","$","M","?","?","R","E","R","T","R","?","M","M","?","R","B",null,"M","T","M","M","?","R","M","E","T","M","R","T","M","M"],"character_chosen":"THE_SILENT","items_purchased":["Cloak And Dagger"],"campfire_rested":0,"item_purchase_floors":[2],"current_hp_per_floor":[59,59,59,52,52,52,52,52,52,52,52,52,52,34,34,21,55,55,55,54,45,45,45,24,24,24,10,10,10,7,0,0],"gold":443,"neow_bonus":"THREE_ENEMY_KILL","is_daily":false,"chose_seed":false,"campfire_upgraded":6,"win_rate":0.0,"timestamp":1609847904,"path_taken":["M","$","M","?","?","R","E","R","T","R","?","M","?","?","R","BOSS","M","?","?","M","?","R","?","E","T","M","R","?","?","M"],"items_purchased_type":["Card"],"build_version":"2020-12-22","purchased_purges":1,"victory":false,"max_hp_per_floor":[66,66,66,66,66,66,66,66,66,66,66,66,66,66,66,66,66,66,66,66,66,66,66,66,66,66,66,66,66,66,66,66],"card_choices":[{"not_picked":["Bane","Reflex"],"picked":"Acrobatics","floor":1.0},{"not_picked":["Sucker Punch","Deflect"],"picked":"Leg Sweep","floor":3.0},{"not_picked":["Deflect","Dagger Throw"],"picked":"Backflip","floor":7.0},{"not_picked":["Leg Sweep","Flying Knee"],"picked":"Blade Dance","floor":12.0},{"not_picked":["Bane","Deadly Poison"],"picked":"Noxious Fumes","floor":13.0},{"not_picked":["Bullet Time","Glass Knife"],"picked":"Unload","floor":16.0},{"not_picked":["Eviscerate","Acrobatics"],"picked":"Noxious Fumes","floor":18.0},{"not_picked":["Noxious Fumes","Predator","Dagger Spray"],"picked":"SKIP","floor":20.0},{"not_picked":["Cloak And Dagger","Sucker Punch"],"picked":"Blade Dance","floor":21.0},{"not_picked":["Dash","Flying Knee+1"],"picked":"Infinite Blades+1","floor":24.0},{"not_picked":["Catalyst","All Out Attack","Predator"],"picked":"SKIP","floor":25},{"not_picked":["Predator","Leg Sweep"],"picked":"Reflex","floor":27},{"not_picked":["Masterful Stab","Underhanded Strike+1"],"picked":"Cloak And Dagger+1","floor":30}],"player_experience":947501,"relics_obtained":[{"floor":7.0,"key":"Tiny Chest"},{"floor":9.0,"key":"Pen Nib"},{"floor":25,"key":"Boot"},{"floor":26,"key":"Vajra"},{"floor":29,"key":"Mercury Hourglass"}],"event_choices":[{"cards_removed":["Strike_G"],"damage_healed":0.0,"max_hp_gain":0.0,"max_hp_loss":0.0,"gold_gain":0.0,"event_name":"Golden Wing","player_choice":"Card Removal","floor":4.0,"gold_loss":0.0,"damage_taken":7.0},{"damage_healed":0.0,"max_hp_gain":0.0,"max_hp_loss":0.0,"gold_gain":0.0,"cards_transformed":["Strike_G"],"event_name":"Living Wall","player_choice":"Change","floor":5.0,"gold_loss":0.0,"damage_taken":0.0,"cards_obtained":["Quick Slash"]},{"damage_healed":0.0,"max_hp_gain":0.0,"max_hp_loss":0.0,"gold_gain":0.0,"cards_transformed":["Strike_G"],"event_name":"Transmorgrifier","player_choice":"Transformed","floor":11.0,"gold_loss":0.0,"damage_taken":0.0,"cards_obtained":["Die Die Die"]},{"damage_healed":0.0,"max_hp_gain":0.0,"max_hp_loss":0.0,"gold_gain":0.0,"event_name":"Scrap Ooze","player_choice":"Success","floor":14.0,"gold_loss":0.0,"damage_taken":18.0,"relics_obtained":["Akabeko"]},{"damage_healed":0.0,"max_hp_gain":0.0,"max_hp_loss":0.0,"gold_gain":0.0,"event_name":"N\u0027loth","player_choice":"Traded Relic","floor":22.0,"relics_lost":["Ring of the Snake"],"gold_loss":0.0,"damage_taken":0.0,"relics_obtained":["Nloth\u0027s Gift"]}],"is_beta":false,"boss_relics":[{"not_picked":["SlaversCollar","Sozu"],"picked":"Cursed Key"}],"items_purged_floors":[2],"is_endless":false,"potions_floor_spawned":[12,13,16,18,21,24,30],"killed_by":"Snecko","ascension_level":20}}