{"host":"9sqwgc7o3s0c6ttp","time":1609835191,"event":{"mods":["AchievementEnabler","Act Like it!","Arknights The Spire","Aspiration","BaseMod","CapriCore","Colored Map","Colored Powertips","Dota2Spire","Friendly Minions","Gensokyo","HololiveMod","Infinite Spire","Minty Spire (QoL Compilation)","Pale of the Ancients","Replay The Spire","StSLib","Waifu the Spire","WarShipGirlsR/??á´Ò³R mod"],"gold_per_floor":[80,80,80,90,15,48,48,63,63,81,81,81,81,95,95,231,231,245,167,182,182,203,438,438,505,560,389,389,389,435,491,491,691,691,707,769,546,607,951,1015,1026,1026,1053,1108,1143,1143,1215,1234,1234,1272],"floor_reached":51,"playtime":2461,"items_purged":["Injury","Hololive_Strike","Sucker Punch"],"score":1686,"play_id":"97e6e3c8-7862-49c3-937c-99e65fd7ff8e","local_time":"20210105172631","is_ascension_mode":true,"campfire_choices":[{"data":"Hololive_OvertimeWork","floor":7,"key":"SMITH"},{"data":"Hololive_CallHimemoriLuna","floor":11,"key":"SMITH"},{"data":"Hololive_CallSpadeEcho","floor":15,"key":"SMITH"},{"data":"Hololive_Nanodesu","floor":24,"key":"SMITH"},{"data":"Shame","floor":32,"key":"PURGE"},{"data":"Hololive_CallSakuraMiko","floor":42,"key":"SMITH"},{"data":"Hololive_MaximGun","floor":46,"key":"SMITH"},{"data":"Hololive_CallHoshimachiSuisei","floor":49,"key":"SMITH"}],"circlet_count":0,"master_deck":["Hololive_Defend+1","Hololive_CallAiraniIofifteen+1","Hololive_CallRoboco+1","Hololive_CallMoonaHoshinova","Hololive_CallOkamiMio","Hololive_CallSpadeEcho+1","Hololive_Rebound+1","Hololive_CallAyundaRisu","Hololive_Psychosis","Hololive_CallHimemoriLuna+1","Hololive_CallNekomataOkayu+1","ReplayTheSpireMod:Speed Training+1","Hololive_CallNatsuiroMatsuri","Hololive_Thief+1","Hololive_CallHoshimachiSuisei+1","Hololive_CallTokoyamiTowa","Gensokyo:FourOfAKind+1","Gensokyo:FourOfAKind+1","Gensokyo:FourOfAKind+1","Gensokyo:FourOfAKind+1","Hololive_Nanodesu+1","Hololive_StrengthChampion+2","Hololive_Rebound+1","Hololive_CallSakuraMiko+1","Hololive_CallAkaiHaato","Hololive_CallUsadaPekora","Hololive_CocoNews","Hololive_CallMinatoAqua+1","Hololive_CallFriendA+1","Hololive_CallAmaneKanata+1","Hololive_CallDoris+1","Hololive_Psychosis+1","Hololive_MaximGun+1","Hololive_CallYozoraMel+1","Hololive_CallShirakamiFubuki"],"relics":["Hololive_TheStar","NeowsBlessing","Eternal Feather","Toxic Egg 2","Vajra","infinitespire:ShieldingShard","Dota2Spire:RefresherOrb","Dota2Spire:HandOfMidas","aspiration:Lifesprig","Ancient Tea Set","SlaversCollar","Dead Branch","infinitespire:Satchel","Painkiller Herb","Guide Book","Potion Belt","Dota2Spire:MantaStyle","Dota2Spire:MaskOfMadness","Dota2Spire:ArcaneBoots","infinitespire:PuzzleCube"],"acts_visited":["Exordium","Gensokyo:Gensokyoer","Gensokyo:Gensokyoest"],"potions_floor_usage":[16,23,40,44,44,47],"damage_taken":[{"damage":0,"enemies":"Cultist","floor":1,"turns":1},{"damage":0,"enemies":"Small Slimes","floor":4,"turns":1},{"damage":0,"enemies":"3 Sentries","floor":6,"turns":2},{"damage":0,"enemies":"2 Louse","floor":8,"turns":2},{"damage":1,"enemies":"Exordium Wildlife","floor":10,"turns":3},{"damage":1,"enemies":"Exordium Thugs","floor":14,"turns":4},{"damage":0,"enemies":"Fading Forest","floor":16,"turns":11},{"damage":0,"enemies":"Gensokyo:CosmicMonolith","floor":18,"turns":1},{"damage":1,"enemies":"Gensokyo:AngelMirror","floor":20,"turns":4},{"damage":17,"enemies":"Gensokyo:Slime_Group","floor":22,"turns":4},{"damage":0,"enemies":"Gensokyo:Tenshi","floor":23,"turns":3},{"damage":5,"enemies":"Gensokyo:Reisen","floor":25,"turns":6},{"damage":0,"enemies":"Gensokyo:Tenshi","floor":30,"turns":4},{"damage":0,"enemies":"Gensokyo:3_Gloops","floor":31,"turns":3},{"damage":0,"enemies":"Gensokyo:Eternal_Rivals","floor":33,"turns":7},{"damage":0,"enemies":"Gensokyo:3_Boulders","floor":35,"turns":3},{"damage":0,"enemies":"Gensokyo:AncientGuardian","floor":36,"turns":4},{"damage":0,"enemies":"Gensokyo:Dusk_and_Dawn","floor":38,"turns":5},{"damage":0,"enemies":"Gensokyo:AtlasGolem","floor":39,"turns":4},{"damage":0,"enemies":"Gensokyo:Marisa","floor":40,"turns":4},{"damage":0,"enemies":"Gensokyo:SeedOfUnknown","floor":41,"turns":3},{"damage":0,"enemies":"Gensokyo:Rafflesia","floor":44,"turns":6},{"damage":0,"enemies":"Gensokyo:Doremy","floor":45,"turns":4},{"damage":0,"enemies":"Gensokyo:Kasen","floor":47,"turns":5},{"damage":0,"enemies":"Gensokyo:AtlasGolem","floor":48,"turns":3},{"damage":0,"enemies":"Gensokyo:Yuyuko","floor":50,"turns":4}],"seed_played":"7296595806035431806","potions_obtained":[{"floor":1,"key":"Venom Potion"},{"floor":4,"key":"EntropicBrew"},{"floor":14,"key":"Dota2Spire:Clarity"},{"floor":20,"key":"Swift Potion"},{"floor":22,"key":"PowerPotion"},{"floor":30,"key":"Flashbang"},{"floor":47,"key":"Dota2Spire:HealingSalve"}],"is_trial":false,"path_per_floor":["M","T","?","M","$","E","R","M","T","M","R","?","?","M","R","B",null,"M","COS","M","?","M","E","R","E","T","$","AVR","?","E","M","R_BF","B",null,"?","?","COS","?","?","E","?","T","T","?","E","T","E","?","T","B",null],"character_chosen":"Hololive_HololiveCharacter","items_purchased":["Hololive_CallAkaiHaato"],"campfire_rested":0,"item_purchase_floors":[27],"current_hp_per_floor":[35,35,35,38,38,41,44,47,47,49,50,50,50,52,53,56,56,59,59,61,44,30,33,48,46,46,46,46,46,49,52,59,62,62,65,68,68,71,74,77,80,80,80,83,86,86,89,92,92,95],"gold":1272,"neow_bonus":"THREE_ENEMY_KILL","is_daily":false,"chose_seed":false,"campfire_upgraded":7,"win_rate":0.0,"timestamp":1609835191,"path_taken":["M","?","?","M","$","E","R","M","T","M","R","?","?","M","R","BOSS","M","COS","M","?","M","E","R","E","T","?","AVR","?","E","M","R_BF","BOSS","?","?","COS","?","?","E","?","T","T","?","E","T","E","?","T","BOSS"],"items_purchased_type":["Card"],"build_version":"2020-12-22","purchased_purges":3,"victory":true,"max_hp_per_floor":[38,38,38,41,41,44,44,47,47,50,50,50,50,53,53,56,56,59,59,62,44,47,50,50,53,53,53,53,53,56,59,59,62,62,65,68,68,71,74,77,80,80,80,83,86,86,89,92,92,95],"card_choices":[{"not_picked":["Hololive_CallMoonaHoshinova","Hololive_CocoNews","Hololive_SummonFox"],"picked":"Hololive_CallSpadeEcho","floor":1},{"not_picked":["Hololive_CallNatsuiroMatsuri","Hololive_CallYuzukiChoco","Hololive_CallAiraniIofifteen"],"picked":"Hololive_Rebound+1","floor":4},{"not_picked":["Hololive_Psychosis","Hololive_OvertimeWork","Hololive_HuntDinosaur+1"],"picked":"Hololive_CallAyundaRisu","floor":6},{"not_picked":["Hololive_CocoNews","Hololive_Trident","Hololive_CallAiraniIofifteen"],"picked":"Hololive_Psychosis","floor":8},{"not_picked":["Hololive_StrengthChampion","Hololive_ScarfAndHalo","Hololive_HuntDinosaur+1"],"picked":"Hololive_CallHimemoriLuna","floor":10},{"not_picked":["Hololive_Sequa","Hololive_CallMoonaHoshinova","Hololive_Breathe+1"],"picked":"Hololive_CallNatsuiroMatsuri","floor":14},{"not_picked":["Hololive_WolfAndLamb+1","Hololive_HighAtkLowDef+1","Hololive_IdolExercise+1"],"picked":"Hololive_Thief+1","floor":16},{"not_picked":["Hololive_Yoholoon","Hololive_OvertimeWork","Hololive_Rebound+1"],"picked":"Hololive_CallHoshimachiSuisei","floor":18},{"not_picked":["Hololive_LuckPotion+1","Hololive_RevenueBasedLive+1","Hololive_HuntDinosaur+1"],"picked":"Hololive_CallTokoyamiTowa","floor":20},{"not_picked":["Hololive_ASMR","Hololive_DurableLive","Hololive_WolfAndLamb"],"picked":"Hololive_Nanodesu","floor":22},{"not_picked":["Hololive_HuntDinosaur+1","Hololive_ASMR","Hololive_RevenueBasedLive+1"],"picked":"Hololive_StrengthChampion+1","floor":22},{"not_picked":["Hololive_CallAiraniIofifteen","Hololive_FlyingPonyTail+1","Hololive_WolfAndLamb+1"],"picked":"Hololive_Rebound+1","floor":23},{"not_picked":["Hololive_RevenueBasedLive+1","Hololive_CallArtia","Hololive_Sequa"],"picked":"Hololive_CallSakuraMiko","floor":25},{"not_picked":["Hololive_Rebound+1","Hololive_FlyingPonyTail+1","Hololive_StrengthChampion"],"picked":"Hololive_CallUsadaPekora","floor":30},{"not_picked":["Hololive_FlyingPonyTail+1","Hololive_HuntDinosaur+1","Hololive_Drill"],"picked":"Hololive_CocoNews","floor":31},{"not_picked":["Hololive_Trident","Hololive_CocoNews","Hololive_RevenueBasedLive+1","Hololive_LuckPotion+1"],"picked":"SKIP","floor":35},{"not_picked":["Hololive_CallAiraniIofifteen+1","Hololive_Trident+1","Hololive_FlyingPonyTail+1","Hololive_Rebound+1"],"picked":"SKIP","floor":36},{"not_picked":["Hololive_Sequa","Hololive_CallShishiroBotan","Hololive_FlyingPonyTail+1"],"picked":"Hololive_CallMinatoAqua+1","floor":38},{"not_picked":["Hololive_Recruit+1","Hololive_CallOzoraSubaru","Hololive_Trident"],"picked":"Hololive_CallFriendA+1","floor":39},{"not_picked":["Hololive_HuntDinosaur+1","Hololive_CocoNews+1","Hololive_LuckPotion+1"],"picked":"Hololive_CallAmaneKanata+1","floor":40},{"not_picked":["Hololive_Rebound+1","Hololive_Drill","Hololive_CallMomosuzuNene+1"],"picked":"Hololive_CallDoris+1","floor":41},{"not_picked":["Hololive_Trident","Hololive_CallRoboco+1","Hololive_Breathe+1"],"picked":"Hololive_Psychosis+1","floor":44},{"not_picked":["Hololive_CandyCastle+1","Hololive_Sequa","Hololive_HuntDinosaur+1"],"picked":"Hololive_MaximGun","floor":45},{"not_picked":["Hololive_HighAtkLowDef+1","Hololive_OvertimeWork+1","Hololive_CallYuzukiChoco"],"picked":"Hololive_CallYozoraMel+1","floor":47},{"not_picked":["Hololive_FlyingPonyTail+1","Hololive_Trident+1","Hololive_CocoNews"],"picked":"Hololive_CallShirakamiFubuki","floor":48}],"player_experience":325278,"relics_obtained":[{"floor":2,"key":"Eternal Feather"},{"floor":6,"key":"Vajra"},{"floor":9,"key":"infinitespire:ShieldingShard"},{"floor":23,"key":"Dota2Spire:HandOfMidas"},{"floor":25,"key":"aspiration:Lifesprig"},{"floor":26,"key":"Ancient Tea Set"},{"floor":30,"key":"infinitespire:Satchel"},{"floor":40,"key":"Dota2Spire:MantaStyle"},{"floor":43,"key":"Dota2Spire:MaskOfMadness"},{"floor":45,"key":"Dota2Spire:ArcaneBoots"},{"floor":47,"key":"infinitespire:PuzzleCube"}],"event_choices":[],"is_beta":false,"boss_relics":[{"not_picked":["Sozu","aspiration:RitualDagger"],"picked":"Dota2Spire:RefresherOrb"},{"not_picked":["Replay:Drink Me","Busted Crown"],"picked":"Painkiller Herb"}],"items_purged_floors":[5,27,28],"is_endless":false,"potions_floor_spawned":[1,4,14,20,22,30,31,38,39,47,48],"ascension_level":8}}