{"host":"sdl5b0uiznq00owb","time":1609816099,"event":{"mods":["BaseMod","Minty Spire (QoL Compilation)","Permanent Neow","Relic Stats"],"gold_per_floor":[109,109,34,48,61,61,95,170,246,246,263,263,292,392,392,392,392],"floor_reached":16,"playtime":902,"items_purged":["Strike_R"],"score":167,"play_id":"455a2764-9e2d-4f35-8d8a-3f16c97243d6","local_time":"20210104210819","is_ascension_mode":true,"campfire_choices":[{"data":"Feel No Pain","floor":6,"key":"SMITH"},{"floor":10,"key":"REST"},{"floor":12,"key":"REST"},{"data":"Bash","floor":15,"key":"SMITH"}],"circlet_count":0,"master_deck":["AscendersBane","Strike_R","Strike_R","Strike_R","Strike_R","Defend_R","Defend_R","Defend_R","Defend_R","Bash+1","CurseOfTheBell","Twin Strike","Twin Strike","Feel No Pain+1","Shockwave"],"relics":["Calling Bell","Anchor","Mummified Hand","Calipers","Oddly Smooth Stone","Boot","InkBottle","Darkstone Periapt"],"acts_visited":["Exordium"],"potions_floor_usage":[7,11],"damage_taken":[{"damage":0,"enemies":"2 Louse","floor":1,"turns":4},{"damage":7,"enemies":"Jaw Worm","floor":4,"turns":5},{"damage":6,"enemies":"Cultist","floor":5,"turns":5},{"damage":31,"enemies":"Lagavulin","floor":7,"turns":8},{"damage":0,"enemies":"Lots of Slimes","floor":11,"turns":4},{"damage":14,"enemies":"3 Sentries","floor":13,"turns":10},{"damage":46,"enemies":"Hexaghost","floor":16,"turns":10}],"seed_played":"-7667077877311919127","potions_obtained":[{"floor":1,"key":"DistilledChaos"},{"floor":7,"key":"SneckoOil"}],"is_trial":false,"path_per_floor":["M","?","$","M","M","R","E","?","T","R","M","R","E","?","R","B"],"character_chosen":"IRONCLAD","items_purchased":[],"campfire_rested":2,"item_purchase_floors":[],"current_hp_per_floor":[72,65,65,58,52,52,21,10,10,34,34,58,44,44,44,0,0],"gold":392,"neow_bonus":"BOSS_RELIC","is_daily":false,"chose_seed":false,"campfire_upgraded":2,"win_rate":0.0,"timestamp":1609816099,"path_taken":["M","?","$","M","M","R","E","?","T","R","?","R","E","?","R","BOSS"],"items_purchased_type":[],"build_version":"2020-12-22","purchased_purges":1,"victory":false,"max_hp_per_floor":[80,80,80,80,80,80,80,80,80,80,80,80,80,80,80,80,80],"relic_stats":{"Darkstone Periapt":0,"counters":[7,46],"Mummified Hand":[4],"Boot":[17],"obtain_stats":[{"Calling Bell":0,"Darkstone Periapt":13,"Anchor":0,"Calipers":0,"Mummified Hand":0,"Oddly Smooth Stone":2,"Boot":7,"Burning Blood":0,"InkBottle":9},{"Calling Bell":0,"Darkstone Periapt":6,"Anchor":0,"Calipers":0,"Mummified Hand":0,"Oddly Smooth Stone":1,"Boot":4,"Burning Blood":0,"InkBottle":4},{"Calling Bell":0,"Darkstone Periapt":36,"Anchor":0,"Calipers":0,"Mummified Hand":0,"Oddly Smooth Stone":4,"Boot":22,"Burning Blood":0,"InkBottle":22}],"InkBottle":[6]},"card_choices":[{"not_picked":["Thunderclap","Burning Pact"],"picked":"Twin Strike","floor":1},{"not_picked":["Anger","Flex"],"picked":"Twin Strike","floor":4},{"not_picked":["Dropkick","Armaments"],"picked":"Feel No Pain","floor":5},{"not_picked":["Double Tap","Searing Blow","Dropkick"],"picked":"SKIP","floor":7},{"not_picked":["Wild Strike","Shrug It Off"],"picked":"Shockwave","floor":11},{"not_picked":["Flex","Double Tap","Armaments"],"picked":"SKIP","floor":13}],"player_experience":752989,"relics_obtained":[{"floor":0,"key":"Anchor"},{"floor":0,"key":"Mummified Hand"},{"floor":0,"key":"Calipers"},{"floor":7,"key":"Boot"},{"floor":9,"key":"InkBottle"},{"floor":13,"key":"Darkstone Periapt"}],"event_choices":[{"damage_healed":0,"gold_gain":0,"player_choice":"Success","damage_taken":7,"relics_obtained":["Oddly Smooth Stone"],"max_hp_gain":0,"max_hp_loss":0,"event_name":"Scrap Ooze","floor":2,"gold_loss":0},{"damage_healed":0,"gold_gain":75,"player_choice":"Gather Gold","damage_taken":11,"max_hp_gain":0,"max_hp_loss":0,"event_name":"World of Goop","floor":8,"gold_loss":0},{"damage_healed":0,"gold_gain":100,"player_choice":"Pray","damage_taken":0,"max_hp_gain":0,"max_hp_loss":0,"event_name":"Golden Shrine","floor":14,"gold_loss":0}],"is_beta":false,"boss_relics":[],"items_purged_floors":[3],"is_endless":false,"potions_floor_spawned":[1,7],"killed_by":"Hexaghost","ascension_level":11}}