{"host":"126yiuos2nq86se7","time":1609828102,"event":{"mods":["AchievementEnabler","Act Like it!","BaseMod","Colored Map","Colored Powertips","Downfall","Friendly Minions","Halation","Highlight Path","Jorbs\u0027s Wanderer Trilogy","Minty Spire (QoL Compilation)","StSLib","SuperFastMode","The Animator"],"gold_per_floor":[109,9,27,37,37,37,37,69,69,69,80,93,104,118,118,217,217,127,127,127,127],"floor_reached":20,"playtime":802,"items_purged":["Strike_P"],"score":199,"play_id":"885c1c82-3ba5-425c-9ada-c0ae134bcd17","local_time":"20210105172822","is_ascension_mode":false,"campfire_choices":[{"data":"Vigilance","floor":6,"key":"SMITH"},{"floor":15,"key":"REST"}],"circlet_count":0,"master_deck":["Defend_P","Defend_P","Defend_P","Defend_P","Vigilance+1","Consecrate+1","FollowUp","FollowUp","Prostrate","Pray","Nirvana","Perseverance","Swivel","Prostrate","Establishment","JustLucky+1","Nirvana"],"relics":["PureWater","Mango","FossilizedHelix","Anchor","Empty Cage"],"acts_visited":["Exordium","TheCity"],"potions_floor_usage":[16],"damage_taken":[{"damage":0,"enemies":"2 Louse","floor":1,"turns":4},{"damage":0,"enemies":"Jaw Worm","floor":3,"turns":4},{"damage":0,"enemies":"Cultist","floor":4,"turns":4},{"damage":17,"enemies":"3 Sentries","floor":8,"turns":9},{"damage":0,"enemies":"Gremlin Gang","floor":11,"turns":6},{"damage":2,"enemies":"Blue Slaver","floor":12,"turns":5},{"damage":6,"enemies":"2 Fungi Beasts","floor":13,"turns":5},{"damage":0,"enemies":"Gremlin Gang","floor":14,"turns":6},{"damage":88,"enemies":"Slime Boss","floor":16,"turns":26},{"damage":0,"enemies":"2 Thieves","floor":18,"turns":5},{"damage":104,"enemies":"Chosen","floor":20,"turns":14}],"seed_played":"2572787878703208340","potions_obtained":[{"floor":4,"key":"FairyPotion"},{"floor":11,"key":"DuplicationPotion"},{"floor":16,"key":"Guardian:BlockOnCardUsePotion"}],"is_trial":false,"path_per_floor":["M","$","M","M","?","R","T","E","T","?","M","M","M","M","R","B",null,"M","?","M"],"character_chosen":"WATCHER","items_purchased":["FollowUp"],"campfire_rested":1,"item_purchase_floors":[2],"current_hp_per_floor":[51,51,51,51,56,56,70,53,53,53,53,51,45,45,72,12,91,91,91,0,0],"gold":127,"neow_bonus":"REMOVE_TWO","is_daily":false,"chose_seed":false,"campfire_upgraded":1,"win_rate":0.0,"timestamp":1609828102,"path_taken":["M","$","M","M","?","R","?","E","T","?","M","M","M","M","R","BOSS","M","?","M"],"items_purchased_type":["Card"],"build_version":"2020-12-22","purchased_purges":1,"victory":false,"max_hp_per_floor":[72,72,72,72,77,77,91,91,91,91,91,91,91,91,91,91,91,91,91,91,91],"card_choices":[{"not_picked":["Evaluate","CrushJoints"],"picked":"Consecrate","floor":1},{"not_picked":["FlyingSleeves","SandsOfTime"],"picked":"FollowUp","floor":3},{"not_picked":["Fasting2","EmptyBody"],"picked":"Prostrate","floor":4},{"not_picked":["FlyingSleeves","Adaptation"],"picked":"Pray","floor":8},{"not_picked":["ClearTheMind","Crescendo"],"picked":"Nirvana","floor":11},{"not_picked":["Collect","MentalFortress"],"picked":"Perseverance","floor":12},{"not_picked":["Consecrate","ThirdEye"],"picked":"Swivel","floor":13},{"not_picked":["BowlingBash","EmptyMind"],"picked":"Prostrate","floor":14},{"not_picked":["LessonLearned","Ragnarok"],"picked":"Establishment","floor":16},{"not_picked":["ForeignInfluence","WreathOfFlame+1"],"picked":"JustLucky+1","floor":18}],"player_experience":1608864,"relics_obtained":[{"floor":7,"key":"Mango"},{"floor":8,"key":"FossilizedHelix"},{"floor":9,"key":"Anchor"}],"event_choices":[{"damage_healed":0,"gold_gain":0,"player_choice":"Donut","damage_taken":0,"max_hp_gain":5,"max_hp_loss":0,"event_name":"Big Fish","floor":5,"gold_loss":0},{"damage_healed":0,"gold_gain":0,"player_choice":"Forge","damage_taken":0,"max_hp_gain":0,"max_hp_loss":0,"event_name":"Accursed Blacksmith","floor":10,"gold_loss":0,"cards_upgraded":["Consecrate"]},{"damage_healed":0,"gold_gain":0,"player_choice":"Copied","damage_taken":0,"max_hp_gain":0,"max_hp_loss":0,"event_name":"Duplicator","floor":19,"gold_loss":0,"cards_obtained":["Nirvana"]}],"is_beta":false,"boss_relics":[{"not_picked":["halation:LoveArrow","halation:Risk"],"picked":"Empty Cage"}],"items_purged_floors":[2],"is_endless":false,"potions_floor_spawned":[4,11,16],"killed_by":"Chosen","ascension_level":0}}