{"host":"8by3m8mve9y2rhh4","time":1609837083,"event":{"mods":["BaseMod","Minty Spire (QoL Compilation)","Quick Restart"],"gold_per_floor":[113,126,141,157,157,190,190,216,271,282,312,312,326,338,338,437,437,377,397,397,397,411,443,443,475,475,500,460,480,507,54,54,156,156,172,191,202,4,19,19,46,46,46,78,78,92,123,135,135,135,135,135,15,50,50,50],"floor_reached":55,"playtime":2445,"items_purged":["Strike_R+1","Strike_R+1"],"score":925,"play_id":"784d1cec-461f-4924-a0b5-2ea3058f0ae2","local_time":"20210105085803","is_ascension_mode":true,"campfire_choices":[{"data":"Armaments","floor":7,"key":"SMITH"},{"floor":12,"key":"REST"},{"floor":15,"key":"REST"},{"floor":24,"key":"REST"},{"floor":32,"key":"RECALL"},{"floor":40,"key":"REST"},{"floor":42,"key":"REST"},{"floor":49,"key":"REST"},{"floor":52,"key":"REST"}],"circlet_count":0,"master_deck":["Strike_R+1","Strike_R+1","Strike_R+1","Defend_R+1","Defend_R+1","Defend_R+1","Defend_R+1","Bash","Sword Boomerang","Iron Wave","Spot Weakness+1","Metallicize","Bash","Demon Form","Armaments+1","Sword Boomerang","Rage","Battle Trance+1","Cleave","Iron Wave","Double Tap","Disarm+1","Inflame","Panache","Metallicize","Heavy Blade+1","Headbutt+1","Iron Wave+1"],"relics":["Burning Blood","War Paint","HornCleat","Art of War","Anchor","SacredBark","Enchiridion","Sundial","Blood Vial","Pear","Toy Ornithopter","The Courier","ClockworkSouvenir","Fusion Hammer","Lee\u0027s Waffle","Happy Flower","MealTicket","Frozen Egg 2","Bronze Scales"],"acts_visited":["Exordium","TheCity","TheBeyond","TheEnding"],"potions_floor_usage":[4,6,10,11,16,25,27,28,29,30,39,41,41,41,44,46,46,48,50,50,54],"damage_taken":[{"damage":0,"enemies":"Small Slimes","floor":1,"turns":3},{"damage":1,"enemies":"Cultist","floor":2,"turns":3},{"damage":5,"enemies":"2 Louse","floor":3,"turns":3},{"damage":4,"enemies":"Large Slime","floor":4,"turns":6},{"damage":16,"enemies":"Gremlin Nob","floor":6,"turns":5},{"damage":23,"enemies":"3 Sentries","floor":8,"turns":10},{"damage":15,"enemies":"Exordium Thugs","floor":10,"turns":5},{"damage":21,"enemies":"Gremlin Nob","floor":11,"turns":4},{"damage":0,"enemies":"Looter","floor":13,"turns":3},{"damage":0,"enemies":"Exordium Wildlife","floor":14,"turns":4},{"damage":48,"enemies":"The Guardian","floor":16,"turns":9},{"damage":11,"enemies":"2 Thieves","floor":18,"turns":4},{"damage":15,"enemies":"Spheric Guardian","floor":19,"turns":5},{"damage":7,"enemies":"Centurion and Healer","floor":22,"turns":5},{"damage":32,"enemies":"Book of Stabbing","floor":23,"turns":6},{"damage":61,"enemies":"Gremlin Leader","floor":25,"turns":9},{"damage":8,"enemies":"Book of Stabbing","floor":27,"turns":4},{"damage":12,"enemies":"3 Cultists","floor":29,"turns":5},{"damage":18,"enemies":"Gremlin Leader","floor":30,"turns":6},{"damage":91,"enemies":"Automaton","floor":33,"turns":9},{"damage":13,"enemies":"Orb Walker","floor":35,"turns":5},{"damage":14,"enemies":"3 Darklings","floor":36,"turns":5},{"damage":8,"enemies":"4 Shapes","floor":37,"turns":6},{"damage":3,"enemies":"Spire Growth","floor":39,"turns":6},{"damage":0,"enemies":"Nemesis","floor":41,"turns":3},{"damage":8,"enemies":"Giant Head","floor":44,"turns":7},{"damage":0,"enemies":"Jaw Worm Horde","floor":46,"turns":4},{"damage":23,"enemies":"Nemesis","floor":47,"turns":5},{"damage":5,"enemies":"3 Darklings","floor":48,"turns":5},{"damage":50,"enemies":"Donu and Deca","floor":50,"turns":6},{"damage":65,"enemies":"Shield and Spear","floor":54,"turns":8},{"damage":141,"enemies":"The Heart","floor":55,"turns":9}],"seed_played":"-3840132494162139592","potions_obtained":[{"floor":1,"key":"EssenceOfSteel"},{"floor":3,"key":"AttackPotion"},{"floor":8,"key":"ColorlessPotion"},{"floor":10,"key":"SteroidPotion"},{"floor":14,"key":"DuplicationPotion"},{"floor":23,"key":"Regen Potion"},{"floor":25,"key":"HeartOfIron"},{"floor":28,"key":"Fruit Juice"},{"floor":28,"key":"EssenceOfSteel"},{"floor":28,"key":"Block Potion"},{"floor":29,"key":"Regen Potion"},{"floor":44,"key":"EntropicBrew"}],"is_trial":false,"path_per_floor":["M","M","M","M","?","E","R","E","T","M","E","R","M","M","R","B",null,"M","M","?","?","M","E","R","E","T","E","?","M","E","$","R","B",null,"M","M","M","$","M","R","E","R","T","E","?","M","E","M","R","B",null,"R","$","E","B"],"character_chosen":"IRONCLAD","items_purchased":["DuplicationPotion","Panache","EntropicBrew","ClockworkSouvenir","Lee\u0027s Waffle","FairyPotion","Weak Potion"],"campfire_rested":7,"item_purchase_floors":[31,31,31,31,38,53,53],"current_hp_per_floor":[80,80,80,80,80,70,70,53,53,44,29,53,59,65,80,38,80,75,66,50,50,49,23,47,44,54,54,69,70,100,100,100,15,100,93,87,87,107,107,107,107,107,107,105,105,107,90,98,107,63,107,107,107,53,0,0],"gold":50,"neow_bonus":"THREE_CARDS","is_daily":false,"chose_seed":false,"campfire_upgraded":1,"win_rate":0.0,"timestamp":1609837083,"path_taken":["M","M","M","M","?","E","R","E","T","M","E","R","M","?","R","BOSS","M","M","?","?","?","E","R","E","T","E","?","M","E","?","R","BOSS","M","M","M","$","M","R","E","R","T","E","?","M","E","M","R","BOSS","R","$","E","BOSS"],"items_purchased_type":["Potion","Card","Potion","Relic","Relic","Potion","Potion"],"build_version":"2020-12-22","purchased_purges":2,"victory":false,"max_hp_per_floor":[80,80,80,80,80,80,80,80,80,80,80,80,80,80,80,80,80,80,80,80,80,80,80,80,80,90,90,100,100,100,100,100,100,100,100,100,100,107,107,107,107,107,107,107,107,107,107,107,107,107,107,107,107,107,107,107],"card_choices":[{"not_picked":["Body Slam","Dual Wield"],"picked":"Sword Boomerang","floor":0},{"not_picked":["Rupture","Armaments"],"picked":"Iron Wave","floor":1},{"not_picked":["Dual Wield","Clash","Second Wind"],"picked":"SKIP","floor":2},{"not_picked":["Body Slam","Fire Breathing"],"picked":"Spot Weakness","floor":3},{"not_picked":["Inflame","Perfected Strike"],"picked":"Metallicize","floor":4},{"not_picked":["Clothesline","Body Slam"],"picked":"Armaments","floor":6},{"not_picked":["Perfected Strike","Hemokinesis"],"picked":"Sword Boomerang","floor":8},{"not_picked":["Clash","Pummel"],"picked":"Rage","floor":10},{"not_picked":["Feed","Flex","Sever Soul"],"picked":"SKIP","floor":11},{"not_picked":["Havoc","Clash","Wild Strike"],"picked":"SKIP","floor":13},{"not_picked":["Body Slam","Wild Strike","Clothesline"],"picked":"SKIP","floor":14},{"not_picked":["Whirlwind+1","Body Slam"],"picked":"Rage","floor":18},{"not_picked":["Carnage","Bloodletting+1","Clothesline"],"picked":"SKIP","floor":19},{"not_picked":["Whirlwind+1","Body Slam"],"picked":"Battle Trance+1","floor":22},{"not_picked":["Juggernaut","Burning Pact"],"picked":"Cleave","floor":23},{"not_picked":["Ghostly Armor","Havoc"],"picked":"Iron Wave","floor":25},{"not_picked":["Bloodletting","Anger"],"picked":"Double Tap","floor":27},{"not_picked":["Flame Barrier","Combust"],"picked":"Disarm+1","floor":29},{"not_picked":["Sword Boomerang+1","Twin Strike"],"picked":"Inflame","floor":30},{"not_picked":["Perfected Strike+1","Dropkick+1","Armaments"],"picked":"SKIP","floor":35},{"not_picked":["Shockwave","True Grit","Ghostly Armor+1"],"picked":"SKIP","floor":36},{"not_picked":["Shockwave","True Grit","Ghostly Armor+1"],"picked":"SKIP","floor":36},{"not_picked":["Sentinel","Pommel Strike"],"picked":"Metallicize","floor":37},{"not_picked":["Rage+1","Ghostly Armor"],"picked":"Heavy Blade+1","floor":39},{"not_picked":["Carnage+1","Feed","Clothesline+1"],"picked":"SKIP","floor":41},{"not_picked":["Shockwave+1","Perfected Strike+1"],"picked":"Headbutt+1","floor":44},{"not_picked":["Thunderclap","Flex","Anger+1"],"picked":"SKIP","floor":46},{"not_picked":["Reaper","Thunderclap"],"picked":"Iron Wave+1","floor":47},{"not_picked":["Infernal Blade+1","Pommel Strike+1","True Grit+1"],"picked":"SKIP","floor":48},{"not_picked":["Heavy Blade","True Grit+1","Headbutt+1"],"picked":"SKIP","floor":54}],"player_experience":654624,"relics_obtained":[{"floor":6,"key":"War Paint"},{"floor":8,"key":"HornCleat"},{"floor":9,"key":"Art of War"},{"floor":11,"key":"Anchor"},{"floor":20,"key":"Enchiridion"},{"floor":23,"key":"Sundial"},{"floor":25,"key":"Blood Vial"},{"floor":26,"key":"Pear"},{"floor":27,"key":"Toy Ornithopter"},{"floor":30,"key":"The Courier"},{"floor":41,"key":"Happy Flower"},{"floor":44,"key":"MealTicket"},{"floor":47,"key":"Frozen Egg 2"},{"floor":54,"key":"Bronze Scales"}],"event_choices":[{"damage_healed":0,"gold_gain":0,"player_choice":"2 cards matched","damage_taken":0,"max_hp_gain":0,"max_hp_loss":0,"event_name":"Match and Keep!","floor":5,"gold_loss":0,"cards_obtained":["Bash","Demon Form"]},{"damage_healed":0,"gold_gain":0,"player_choice":"Obtained Book","damage_taken":16,"max_hp_gain":0,"max_hp_loss":0,"event_name":"Cursed Tome","floor":20,"gold_loss":0},{"damage_healed":0,"gold_gain":0,"player_choice":"Simplicity","damage_taken":0,"max_hp_gain":0,"max_hp_loss":0,"event_name":"Back to Basics","floor":21,"gold_loss":0,"cards_upgraded":["Strike_R","Strike_R","Strike_R","Strike_R","Strike_R","Defend_R","Defend_R","Defend_R"]},{"damage_healed":0,"gold_gain":0,"player_choice":"Bought 3 Potions","damage_taken":0,"max_hp_gain":0,"max_hp_loss":0,"event_name":"The Woman in Blue","floor":28,"gold_loss":0},{"cards_removed":["Rage"],"damage_healed":0,"gold_gain":0,"player_choice":"Removed Skill","damage_taken":0,"max_hp_gain":0,"max_hp_loss":0,"event_name":"Falling","floor":45,"gold_loss":0}],"is_beta":false,"boss_relics":[{"not_picked":["Velvet Choker","Philosopher\u0027s Stone"],"picked":"SacredBark"},{"not_picked":["Black Star","Runic Pyramid"],"picked":"Fusion Hammer"}],"items_purged_floors":[31,38],"is_endless":false,"potions_floor_spawned":[1,3,8,10,14,23,25,29,33,36,37,44,47],"killed_by":"The Heart","ascension_level":1}}