{"host":"uyrebrj0204enqpc","time":1609888678,"event":{"mods":["Act Like it!","Bard","BaseMod","Block Reminder","Challenge The Spire","Colored Map","Colored Powertips","DeckTracker","Downfall","GifTheSpireLib","HexUI Lib","Highlight Path","Hubris","Infinite Spire","Minty Spire (QoL Compilation)","Pale of the Ancients","Quick Restart","Random Character Button","Relic Sorter","Relic Stats","Replay The Spire","Shop Mod","StSLib","The Blue Laboratory","The Bug Knight","The Cursed","The Jungle","The Marked","Wandering Minibosses"],"gold_per_floor":[111,126,34,48,11,11,43,56,137,170,182,182,107,132,132,230,230,247,247,262,262,274,305,305,330,330,245,245,272,371,402,402,523,523,574,623,623,623,679,755,823,823,872,964,684,758,817,817,817,823,831,905,905,402,402,420,420,420],"floor_reached":56,"playtime":3026,"items_purged":["Guardian:Strike_Guardian","Guardian:Strike_Guardian+1","Guardian:Strike_Guardian+1","Guardian:Strike_Guardian+1","Guardian:Defend_Guardian+1"],"score":1286,"play_id":"ecdc76ed-55ac-4ac5-8128-46e9ea4c67e5","local_time":"20210105181758","is_ascension_mode":true,"campfire_choices":[{"data":"Guardian:TimeCapacitor","floor":6.0,"key":"SMITH"},{"data":"Guardian:MultiBeam","floor":12.0,"key":"SMITH"},{"floor":15.0,"key":"REST"},{"data":"Guardian:PrismaticBeam","floor":24.0,"key":"SMITH"},{"data":"Guardian:Planning","floor":32.0,"key":"SMITH"},{"floor":42.0,"key":"REST"},{"data":"Guardian:MultiBeam","floor":49,"key":"SMITH"},{"data":"Guardian:TemporalShield","floor":55,"key":"SMITH"}],"circlet_count":0,"master_deck":["Guardian:Defend_Guardian+1","Guardian:Defend_Guardian+1","Guardian:Defend_Guardian+1","Guardian:CurlUp","Guardian:TwinSlam","Guardian:GatlingBeam","Guardian:MultiBeam+1","Guardian:Orbwalk","Guardian:TimeCapacitor+1","Guardian:Planning+1","Guardian:PrismaticBeam+1","Guardian:RefractedBeam","Guardian:MultiBeam+1","Guardian:TemporalShield+1","Guardian:GatlingBeam","Guardian:TimeCapacitor+1","ReplayTheSpireMod:Chaos Vortex","Guardian:TimeSifter","infinitespire:Execution","Guardian:StasisStrike","infinitespire:Starlight","Guardian:Harden+1","Guardian:Planning+1"],"relics":["Guardian:ModeShifter","Bag of Marbles","Pear","PreservedInsect","Anchor","Snecko Eye","DollysMirror","Calling Bell","Blood Vial","The Courier","HollowMod:QueensCombRelic","hubris:Reverence","Calipers","Frozen Egg 2","Guardian:DefensiveModeMoreBlock","Replay:Bottled Steam","Boot","infinitespire:EvilPickle","Guardian:StasisSlotReductionRelic","Eternal Feather","infinitespire:Midas Blood","Oddly Smooth Stone","hubris:SlimyHat","Mercury Hourglass","paleoftheancients:Timepiece","paleoftheancients:KeyRelic","CultistMask","paleoftheancients:SoulOfTheShowman","hubris:Icosahedron","ReplayTheSpireMod:Lightbulb","Turnip"],"acts_visited":["Exordium","TheCity","TheBeyond","TheBeyond"],"potions_floor_usage":[47,50,50],"damage_taken":[{"damage":0.0,"enemies":"Cultist","floor":1.0,"turns":3.0},{"damage":3.0,"enemies":"2 Louse","floor":2.0,"turns":3.0},{"damage":15.0,"enemies":"infinitespire:Voidling","floor":4.0,"turns":5.0},{"damage":27.0,"enemies":"3 Sentries","floor":7.0,"turns":7.0},{"damage":8.0,"enemies":"Blue Slaver","floor":8.0,"turns":5.0},{"damage":26.0,"enemies":"Lagavulin","floor":10.0,"turns":5.0},{"damage":7.0,"enemies":"2 Fungi Beasts","floor":11.0,"turns":4.0},{"damage":8.0,"enemies":"3 Sentries","floor":14.0,"turns":4.0},{"damage":31.0,"enemies":"Slime Boss","floor":16.0,"turns":6.0},{"damage":20.0,"enemies":"2 Thieves","floor":18.0,"turns":3.0},{"damage":10.0,"enemies":"Spheric Guardian","floor":20.0,"turns":4.0},{"damage":23.0,"enemies":"Snecko","floor":22.0,"turns":6.0},{"damage":0.0,"enemies":"Gremlin Leader","floor":23.0,"turns":6.0},{"damage":14.0,"enemies":"Replay:Snechameleon","floor":25.0,"turns":5.0},{"damage":16.0,"enemies":"Gremlin Leader","floor":29.0,"turns":6.0},{"damage":9.0,"enemies":"HollowMod:Nosk","floor":31.0,"turns":10.0},{"damage":4.0,"enemies":"Pondfish","floor":33.0,"turns":10.0},{"damage":20.0,"enemies":"3 Darklings","floor":35.0,"turns":4.0},{"damage":36.0,"enemies":"3 Shapes","floor":36.0,"turns":4.0},{"damage":10.0,"enemies":"Sphere and 2 Shapes","floor":39.0,"turns":7.0},{"damage":13.0,"enemies":"Giant Head","floor":40.0,"turns":7.0},{"damage":13.0,"enemies":"3 Darklings","floor":41.0,"turns":7.0},{"damage":15.0,"enemies":"Nightmare","floor":44.0,"turns":5.0},{"damage":0,"enemies":"4 Shapes","floor":47,"turns":3},{"damage":24,"enemies":"Awakened One","floor":50,"turns":13},{"damage":79,"enemies":"Awakened One","floor":51,"turns":6},{"damage":2,"enemies":"Awakened One","floor":52,"turns":10},{"damage":66,"enemies":"Awakened One","floor":56,"turns":6}],"seed_played":"-8788014795957943116","potions_obtained":[{"floor":1.0,"key":"blueLaboratory:HorrorPotion"},{"floor":2.0,"key":"blueLaboratory:ForbiddenFruitJuice"},{"floor":8.0,"key":"blueLaboratory:FruitPunch"},{"floor":10.0,"key":"blueLaboratory:BubblePotion"},{"floor":11.0,"key":"blueLaboratory:EmptyBottle"},{"floor":18.0,"key":"Reflective Coating"},{"floor":23.0,"key":"BlessingOfTheForge"},{"floor":25.0,"key":"blueLaboratory:Moonshine"},{"floor":31.0,"key":"blueLaboratory:Moonshine"},{"floor":35.0,"key":"Energy Potion"},{"floor":41.0,"key":"Dexterity Potion"},{"floor":47,"key":"Adrenaline Potion"},{"floor":52,"key":"Strength Potion"}],"is_trial":false,"path_per_floor":["M","M","$","M","$","R","E","M","T","E","M","R","$","E","R","B",null,"M","?","M","AVR","M","E","R","E","T","?","?","E","?","E","R","B",null,"M","M","?","AVR","M","E","M","R","T","NM","$","T","M","?","R","B","M","M","?","$","R","M"],"character_chosen":"GUARDIAN","items_purchased":["Guardian:TimeCapacitor","Guardian:Planning","Guardian:Gem_White","Mercury Hourglass","ReplayTheSpireMod:Lightbulb","Turnip"],"campfire_rested":2,"item_purchase_floors":[3,3,5,45,54,54],"current_hp_per_floor":[80,77,77,75,75,75,48,40,50,24,17,17,17,11,38,7,92,72,72,62,60,37,60,60,46,46,46,46,44,44,51,51,56,60,40,10,10,10,10,11,8,38,38,37,37,37,60,60,60,60,60,60,60,60,60,0,0,0],"gold":420,"neow_bonus":"ONE_RANDOM_RARE_CARD","is_daily":false,"chose_seed":false,"campfire_upgraded":6,"win_rate":0.0,"timestamp":1609888678,"path_taken":["M","M","$","?","?","R","E","M","T","E","?","R","$","E","R","BOSS","M","?","M","AVR","M","E","R","E","T","?","?","E","?","E","R","BOSS","M","M","?","AVR","M","E","?","R","T","NM","$","?","M","?","R","BOSS","M","M","?","$","R","M"],"items_purchased_type":["Card","Card","Card","Relic","Relic","Relic"],"build_version":"2020-12-22","purchased_purges":5,"victory":false,"max_hp_per_floor":[80,80,80,80,80,80,80,80,90,90,90,90,90,92,92,92,92,92,92,92,60,60,60,60,60,60,60,60,60,60,60,60,60,60,60,60,60,60,60,60,60,60,60,60,60,60,60,60,60,60,60,60,60,60,60,60,60,60],"relic_stats":{"Blood Vial":20,"counters":[28,164],"Snecko Eye":[212,223,230,208],"Eternal Feather":12,"PreservedInsect":371,"Turnip":[1],"Boot":[63],"obtain_stats":[{"Guardian:StasisSlotReductionRelic":34,"Calipers":25,"hubris:SlimyHat":44,"Boot":31,"Blood Vial":21,"hubris:Icosahedron":53,"DollysMirror":21,"Replay:Bottled Steam":29,"Guardian:DefensiveModeMoreBlock":27,"HollowMod:QueensCombRelic":21,"paleoftheancients:KeyRelic":50,"Pear":9,"Guardian:ModeShifter":0,"Oddly Smooth Stone":43,"Eternal Feather":38,"PreservedInsect":10,"The Courier":21,"Frozen Egg 2":26,"Mercury Hourglass":45,"Calling Bell":21,"infinitespire:EvilPickle":33,"paleoftheancients:Timepiece":50,"Anchor":14,"Snecko Eye":17,"CultistMask":50,"Turnip":54,"Bag of Marbles":7,"ReplayTheSpireMod:Lightbulb":54,"paleoftheancients:SoulOfTheShowman":52,"hubris:Reverence":23,"infinitespire:Midas Blood":40},{"Guardian:StasisSlotReductionRelic":17,"Calipers":14,"hubris:SlimyHat":23,"Boot":16,"Blood Vial":11,"hubris:Icosahedron":27,"DollysMirror":11,"Replay:Bottled Steam":15,"Guardian:DefensiveModeMoreBlock":14,"HollowMod:QueensCombRelic":11,"paleoftheancients:KeyRelic":25,"Pear":5,"Guardian:ModeShifter":0,"Oddly Smooth Stone":22,"Eternal Feather":19,"PreservedInsect":6,"The Courier":11,"Frozen Egg 2":14,"Mercury Hourglass":23,"Calling Bell":11,"infinitespire:EvilPickle":17,"paleoftheancients:Timepiece":25,"Anchor":8,"Snecko Eye":9,"CultistMask":25,"Turnip":27,"Bag of Marbles":4,"ReplayTheSpireMod:Lightbulb":27,"paleoftheancients:SoulOfTheShowman":27,"hubris:Reverence":13,"infinitespire:Midas Blood":21},{"Guardian:StasisSlotReductionRelic":92,"Calipers":66,"hubris:SlimyHat":126,"Boot":82,"Blood Vial":49,"hubris:Icosahedron":158,"DollysMirror":49,"Replay:Bottled Steam":72,"Guardian:DefensiveModeMoreBlock":66,"HollowMod:QueensCombRelic":49,"paleoftheancients:KeyRelic":142,"Pear":23,"Guardian:ModeShifter":0,"Oddly Smooth Stone":121,"Eternal Feather":100,"PreservedInsect":28,"The Courier":49,"Frozen Egg 2":66,"Mercury Hourglass":126,"Calling Bell":49,"infinitespire:EvilPickle":92,"paleoftheancients:Timepiece":142,"Anchor":36,"Snecko Eye":42,"CultistMask":142,"Turnip":158,"Bag of Marbles":18,"ReplayTheSpireMod:Lightbulb":158,"paleoftheancients:SoulOfTheShowman":158,"hubris:Reverence":61,"infinitespire:Midas Blood":114}],"Mercury Hourglass":[159]},"card_choices":[{"not_picked":["Guardian:DonusPower","Guardian:Reroute"],"picked":"Guardian:MultiBeam","floor":1.0},{"not_picked":["Guardian:WalkerClaw","Guardian:Preprogram"],"picked":"Guardian:Orbwalk","floor":2.0},{"not_picked":["Guardian:TemporalShield","Guardian:Harden"],"picked":"Guardian:PrismaticBeam","floor":4.0},{"not_picked":["Guardian:Gem_Fragmented","Guardian:DonusPower"],"picked":"Guardian:RefractedBeam","floor":7.0},{"not_picked":["Guardian:Recover","Guardian:Incinerate"],"picked":"Guardian:Gem_Red","floor":8.0},{"not_picked":["Guardian:TimeBomb","Guardian:DecasProtection"],"picked":"Guardian:MultiBeam","floor":10.0},{"not_picked":["Guardian:ShieldCharger","Guardian:Gem_Crimson"],"picked":"Guardian:TemporalShield","floor":11.0},{"not_picked":["Guardian:FloatingOrbs","Guardian:PiercingHide","Guardian:MultiBeam"],"picked":"SKIP","floor":14.0},{"not_picked":["Guardian:SphericShield","Guardian:FierceBash"],"picked":"Guardian:GatlingBeam","floor":16.0},{"not_picked":["Guardian:Gem_Lightblue","Guardian:Gem_Crimson"],"picked":"Guardian:Gem_Cyan","floor":18.0},{"not_picked":["Guardian:TimeBomb+1","Guardian:Clone","Guardian:PiercingHide"],"picked":"SKIP","floor":20.0},{"not_picked":["Guardian:MultiBeam","Guardian:ChargeUp"],"picked":"Guardian:Gem_White","floor":22.0},{"not_picked":["Guardian:CrystalBeam","Guardian:WalkerClaw","Guardian:Repulse"],"picked":"SKIP","floor":23.0},{"not_picked":["Guardian:VentSteam+1","Guardian:RefractedBeam"],"picked":"Guardian:TimeSifter","floor":25.0},{"not_picked":["Guardian:PolyBeam+1","Guardian:Orbwalk+1","Guardian:Emergency+1"],"picked":"SKIP","floor":29.0},{"not_picked":["Guardian:Gem_White","Guardian:Reroute+1"],"picked":"Guardian:Gem_Blue","floor":31.0},{"not_picked":["Guardian:GemFire","Guardian:StasisStrike"],"picked":"Guardian:Gem_Synthetic","floor":33.0},{"not_picked":["Guardian:Gem_Lightblue","Guardian:WalkerClaw","Guardian:PrismaticBeam"],"picked":"SKIP","floor":35.0},{"not_picked":["Guardian:Suspension","Guardian:GemFinder+1","Guardian:WalkerClaw"],"picked":"SKIP","floor":36.0},{"not_picked":["Guardian:ShieldSpikes+1","Guardian:VentSteam+1","Guardian:PolyBeam"],"picked":"SKIP","floor":39.0},{"not_picked":["Guardian:Harden+1","Guardian:EvasiveProtocol+1"],"picked":"Guardian:StasisStrike","floor":40.0},{"not_picked":["Guardian:DonusPower","Guardian:Gem_Cyan","Guardian:PiercingHide"],"picked":"SKIP","floor":41.0},{"not_picked":["Replay:Fractal Strike","infinitespire:Fortify"],"picked":"infinitespire:Starlight","floor":44.0},{"not_picked":["Guardian:ShieldCharger","Guardian:ChargeCore"],"picked":"Guardian:Gem_Blue","floor":44.0},{"not_picked":["Guardian:Suspension","Guardian:ShieldSpikes"],"picked":"Guardian:Harden+1","floor":47},{"not_picked":["Guardian:Suspension","Guardian:EvasiveProtocol+1"],"picked":"Guardian:Planning+1","floor":52}],"player_experience":1039826,"relics_obtained":[{"floor":7.0,"key":"Bag of Marbles"},{"floor":9.0,"key":"Pear"},{"floor":10.0,"key":"PreservedInsect"},{"floor":14.0,"key":"Anchor"},{"floor":21.0,"key":"Blood Vial"},{"floor":21.0,"key":"The Courier"},{"floor":21.0,"key":"HollowMod:QueensCombRelic"},{"floor":23.0,"key":"hubris:Reverence"},{"floor":25.0,"key":"Calipers"},{"floor":26.0,"key":"Frozen Egg 2"},{"floor":29.0,"key":"Replay:Bottled Steam"},{"floor":31.0,"key":"Boot"},{"floor":40.0,"key":"infinitespire:Midas Blood"},{"floor":43.0,"key":"Oddly Smooth Stone"},{"floor":44.0,"key":"hubris:SlimyHat"},{"floor":52,"key":"paleoftheancients:SoulOfTheShowman"}],"event_choices":[{"damage_healed":0.0,"max_hp_gain":0.0,"max_hp_loss":0.0,"gold_gain":0.0,"event_name":"Back to Basics","player_choice":"Simplicity","floor":19.0,"gold_loss":0.0,"damage_taken":0.0,"cards_upgraded":["Guardian:Strike_Guardian","Guardian:Strike_Guardian","Guardian:Strike_Guardian","Guardian:Defend_Guardian","Guardian:Defend_Guardian","Guardian:Defend_Guardian","Guardian:Defend_Guardian"]},{"damage_healed":0.0,"max_hp_gain":0.0,"max_hp_loss":0.0,"gold_gain":0.0,"event_name":"Addict","player_choice":"Obtained Relic","floor":27.0,"gold_loss":85.0,"damage_taken":0.0,"relics_obtained":["Guardian:DefensiveModeMoreBlock"]},{"damage_healed":0.0,"max_hp_gain":0.0,"max_hp_loss":0.0,"gold_gain":0.0,"event_name":"Ghosts","player_choice":"Ignored","floor":28.0,"gold_loss":0.0,"damage_taken":0.0},{"damage_healed":0.0,"max_hp_gain":0.0,"max_hp_loss":0.0,"gold_gain":99.0,"event_name":"Nest","player_choice":"Stole From Cult","floor":30.0,"gold_loss":0.0,"damage_taken":0.0},{"damage_healed":0.0,"max_hp_gain":0.0,"max_hp_loss":0.0,"gold_gain":0.0,"event_name":"SecretPortal","player_choice":"Ignored","floor":37.0,"gold_loss":0.0,"damage_taken":0.0},{"damage_healed":0,"gold_gain":0,"player_choice":"Ignored","damage_taken":0,"max_hp_gain":0,"max_hp_loss":0,"event_name":"Tomb of Lord Red Mask","floor":48,"gold_loss":0}],"is_beta":false,"boss_relics":[{"not_picked":["Velvet Choker","Replay:Wanted Poster"],"picked":"Snecko Eye"},{"not_picked":["Astrolabe","Abe\u0027s Treasure"],"picked":"Guardian:StasisSlotReductionRelic"}],"items_purged_floors":[13,21,38,45,54],"is_endless":false,"potions_floor_spawned":[1,2,8,10,11,18,23,25,31,35,41,47,52],"killed_by":"Awakened One","ascension_level":2}}