{"host":"uzcks4yhskks9i02","time":1609832806,"event":{"mods":["BaseMod","Minty Spire (QoL Compilation)","Quick Restart"],"gold_per_floor":[116,76,89,102,119,153,153,181,226,252,262,262,278,288,288,393,393,393,393,393,393,98,98,98,98,98,98,23,23,23,23,23,23,23,23,23,23,23,23,23,23,23,23,23,23,23,23,23,23,23],"floor_reached":51,"playtime":2868,"items_purged":["Pain"],"score":1256,"play_id":"04d8d349-acbd-4f9a-be87-3a1c2883d4ee","local_time":"20210105004646","is_ascension_mode":true,"campfire_choices":[{"floor":7.0,"key":"REST"},{"data":"Blood for Blood","floor":12.0,"key":"SMITH"},{"data":"Carnage","floor":15.0,"key":"SMITH"},{"data":"Flame Barrier","floor":24.0,"key":"SMITH"},{"floor":32.0,"key":"REST"},{"floor":41.0,"key":"REST"},{"floor":47.0,"key":"REST"},{"floor":49,"key":"REST"}],"circlet_count":0,"master_deck":["AscendersBane","Strike_R","Strike_R","Strike_R","Defend_R","Defend_R","Defend_R","Defend_R","Bash","Battle Trance","Blood for Blood+1","Clothesline","Iron Wave","Inflame","Carnage+1","Havoc","Ghostly Armor","Reaper","Armaments","Barricade","Blood for Blood+1","RitualDagger","Blood for Blood+1","Intimidate","Corruption","Flame Barrier+1","Thunderclap+1","Dual Wield","Spot Weakness","Clash+1","Limit Break","Cleave+1","Battle Trance","Flame Barrier+1","Hemokinesis+1","Brutality","Headbutt+1","Offering","Thunderclap+1","Uppercut","Intimidate+1"],"relics":["Black Blood","WingedGreaves","InkBottle","Lantern","Strawberry","Ectoplasm","Toolbox","Potion Belt","WarpedTongs","Anchor","Shuriken","TungstenRod","MawBank","Regal Pillow","Shovel","MealTicket"],"acts_visited":["TheCity","TheBeyond"],"potions_floor_usage":[50,50,50,50],"damage_taken":[{"damage":5.0,"enemies":"Cultist","floor":1.0,"turns":5.0},{"damage":4.0,"enemies":"2 Louse","floor":3.0,"turns":4.0},{"damage":5.0,"enemies":"Jaw Worm","floor":4.0,"turns":4.0},{"damage":15.0,"enemies":"Exordium Thugs","floor":5.0,"turns":4.0},{"damage":25.0,"enemies":"3 Sentries","floor":6.0,"turns":9.0},{"damage":20.0,"enemies":"Lagavulin","floor":8.0,"turns":6.0},{"damage":25.0,"enemies":"3 Sentries","floor":10.0,"turns":6.0},{"damage":2.0,"enemies":"Looter","floor":11.0,"turns":4.0},{"damage":9.0,"enemies":"3 Louse","floor":13.0,"turns":4.0},{"damage":10.0,"enemies":"Exordium Thugs","floor":14.0,"turns":5.0},{"damage":22.0,"enemies":"The Guardian","floor":16.0,"turns":9.0},{"damage":14.0,"enemies":"3 Byrds","floor":18.0,"turns":6.0},{"damage":9.0,"enemies":"Shell Parasite","floor":20.0,"turns":3.0},{"damage":18.0,"enemies":"Snake Plant","floor":21.0,"turns":3.0},{"damage":17.0,"enemies":"Book of Stabbing","floor":23.0,"turns":4.0},{"damage":21.0,"enemies":"Centurion and Healer","floor":27.0,"turns":3.0},{"damage":2.0,"enemies":"Snecko","floor":29.0,"turns":5.0},{"damage":32.0,"enemies":"Slavers","floor":30.0,"turns":5.0},{"damage":0.0,"enemies":"3 Cultists","floor":31.0,"turns":1.0},{"damage":39.0,"enemies":"Automaton","floor":33.0,"turns":8.0},{"damage":5.0,"enemies":"Orb Walker","floor":35.0,"turns":3.0},{"damage":39.0,"enemies":"2 Orb Walkers","floor":36.0,"turns":5.0},{"damage":21.0,"enemies":"3 Shapes","floor":37.0,"turns":3.0},{"damage":30.0,"enemies":"Spire Growth","floor":38.0,"turns":6.0},{"damage":51.0,"enemies":"Reptomancer","floor":40.0,"turns":7.0},{"damage":11.0,"enemies":"Nemesis","floor":42.0,"turns":5.0},{"damage":9.0,"enemies":"Transient","floor":44.0,"turns":5.0},{"damage":57.0,"enemies":"Giant Head","floor":45.0,"turns":8.0},{"damage":11.0,"enemies":"4 Shapes","floor":46.0,"turns":2.0},{"damage":41,"enemies":"Writhing Mass","floor":48,"turns":6},{"damage":73,"enemies":"Time Eater","floor":50,"turns":10}],"seed_played":"-7119023493576238003","potions_obtained":[{"floor":2.0,"key":"PowerPotion"},{"floor":2.0,"key":"BlessingOfTheForge"},{"floor":5.0,"key":"FearPotion"},{"floor":8.0,"key":"BloodPotion"},{"floor":10.0,"key":"AttackPotion"},{"floor":13.0,"key":"SteroidPotion"},{"floor":20.0,"key":"Block Potion"},{"floor":23.0,"key":"EntropicBrew"},{"floor":27.0,"key":"GamblersBrew"},{"floor":33.0,"key":"GamblersBrew"},{"floor":35.0,"key":"SteroidPotion"},{"floor":37.0,"key":"AttackPotion"},{"floor":38.0,"key":"PowerPotion"},{"floor":42.0,"key":"DistilledChaos"},{"floor":45.0,"key":"FearPotion"},{"floor":46.0,"key":"SteroidPotion"}],"is_trial":false,"path_per_floor":["M","?","M","M","M","E","R","E","T","E","M","R","M","M","R","B",null,"M","?","M","M","$","E","R","?","T","M","$","M","E","M","R","B",null,"M","?","M","M","?","E","R","E","T","M","E","M","R","M","R","B",null],"character_chosen":"IRONCLAD","items_purchased":["Toolbox","Corruption","Flame Barrier"],"campfire_rested":5,"item_purchase_floors":[22,22,22],"current_hp_per_floor":[52,52,54,55,46,27,51,37,37,25,29,29,55,51,51,35,74,75,69,66,54,54,43,43,43,43,28,28,36,10,16,42,24,71,82,86,84,66,66,42,68,69,69,83,38,39,80,51,87,48],"gold":23,"neow_bonus":"TRANSFORM_TWO_CARDS","is_daily":false,"chose_seed":false,"campfire_upgraded":3,"win_rate":0.0,"timestamp":1609832806,"path_taken":["M","?","?","M","M","E","R","E","T","E","M","R","M","M","R","BOSS","M","?","M","M","$","E","R","?","T","M","$","?","E","M","R","BOSS","M","?","M","M","?","E","R","E","T","M","E","M","R","?","R","BOSS"],"items_purchased_type":["Relic","Card","Card"],"build_version":"2020-12-22","purchased_purges":1,"victory":true,"max_hp_per_floor":[80,80,80,80,80,80,80,80,80,87,87,87,87,87,87,87,87,87,87,87,87,87,87,87,87,87,87,87,87,87,87,87,87,87,87,87,87,87,87,87,87,87,87,87,87,87,87,87,87,87],"card_choices":[{"not_picked":["Flex","True Grit"],"picked":"Clothesline","floor":1.0},{"not_picked":["Heavy Blade","Body Slam","Perfected Strike"],"picked":"SKIP","floor":3.0},{"not_picked":["Sever Soul","Reckless Charge"],"picked":"Iron Wave","floor":4.0},{"not_picked":["Cleave","Heavy Blade"],"picked":"Inflame","floor":5.0},{"not_picked":["Pummel","Blood for Blood"],"picked":"Carnage","floor":6.0},{"not_picked":["Perfected Strike","Heavy Blade"],"picked":"Havoc","floor":8.0},{"not_picked":["Perfected Strike","Thunderclap"],"picked":"Ghostly Armor","floor":10.0},{"not_picked":["Thunderclap","Flex"],"picked":"Reaper","floor":11.0},{"not_picked":["Flex","Wild Strike"],"picked":"Armaments","floor":13.0},{"not_picked":["Rupture","Anger","Perfected Strike"],"picked":"SKIP","floor":14.0},{"not_picked":["Fiend Fire","Limit Break"],"picked":"Barricade","floor":16.0},{"not_picked":["Fire Breathing+1","Headbutt"],"picked":"Blood for Blood+1","floor":18.0},{"not_picked":["Body Slam+1","Whirlwind"],"picked":"Blood for Blood+1","floor":20.0},{"not_picked":["Clothesline","Warcry"],"picked":"Intimidate","floor":21.0},{"not_picked":["Reckless Charge","Twin Strike+1"],"picked":"Thunderclap+1","floor":23.0},{"not_picked":["Heavy Blade","Clash"],"picked":"Dual Wield","floor":27.0},{"not_picked":["Flex","Disarm"],"picked":"Spot Weakness","floor":29.0},{"not_picked":["Wild Strike","Sever Soul"],"picked":"Clash+1","floor":30.0},{"not_picked":["Reaper","Juggernaut"],"picked":"Limit Break","floor":33.0},{"not_picked":["Second Wind","Pommel Strike"],"picked":"Cleave+1","floor":35.0},{"not_picked":["Cleave+1","Sword Boomerang"],"picked":"Battle Trance","floor":36.0},{"not_picked":["Intimidate","Twin Strike+1"],"picked":"Flame Barrier+1","floor":37.0},{"not_picked":["Armaments","Sever Soul"],"picked":"Hemokinesis+1","floor":38.0},{"not_picked":["Carnage","Searing Blow"],"picked":"Headbutt+1","floor":40.0},{"not_picked":["Exhume","Dual Wield"],"picked":"Offering","floor":42.0},{"not_picked":["Body Slam","Shrug It Off+1"],"picked":"Thunderclap+1","floor":44.0},{"not_picked":["Sword Boomerang","Pommel Strike"],"picked":"Uppercut","floor":45.0},{"not_picked":["Whirlwind+1","Flex"],"picked":"Intimidate+1","floor":46.0},{"not_picked":["Warcry","Hemokinesis","Armaments+1"],"picked":"SKIP","floor":48}],"player_experience":482995,"relics_obtained":[{"floor":6.0,"key":"WingedGreaves"},{"floor":8.0,"key":"InkBottle"},{"floor":9.0,"key":"Lantern"},{"floor":10.0,"key":"Strawberry"},{"floor":23.0,"key":"Potion Belt"},{"floor":26.0,"key":"Anchor"},{"floor":30.0,"key":"Shuriken"},{"floor":36.0,"key":"TungstenRod"},{"floor":40.0,"key":"MawBank"},{"floor":42.0,"key":"Regal Pillow"},{"floor":43.0,"key":"Shovel"},{"floor":45.0,"key":"MealTicket"}],"event_choices":[{"damage_healed":0.0,"max_hp_gain":0.0,"max_hp_loss":0.0,"gold_gain":0.0,"event_name":"The Woman in Blue","player_choice":"Bought 3 Potions","floor":2.0,"gold_loss":0.0,"damage_taken":0.0},{"damage_healed":0.0,"max_hp_gain":0.0,"max_hp_loss":0.0,"gold_gain":0.0,"event_name":"Nest","player_choice":"Joined the Cult","floor":19.0,"gold_loss":0.0,"damage_taken":6.0,"cards_obtained":["RitualDagger"]},{"damage_healed":0.0,"max_hp_gain":0.0,"max_hp_loss":0.0,"gold_gain":0.0,"event_name":"Accursed Blacksmith","player_choice":"Rummage","floor":25.0,"gold_loss":0.0,"damage_taken":0.0,"relics_obtained":["WarpedTongs"],"cards_obtained":["Pain"]},{"damage_healed":0.0,"max_hp_gain":0.0,"max_hp_loss":0.0,"gold_gain":0.0,"event_name":"Mysterious Sphere","player_choice":"Fight","floor":36.0,"gold_loss":0.0,"damage_taken":0.0},{"damage_healed":0.0,"max_hp_gain":0.0,"max_hp_loss":0.0,"gold_gain":0.0,"event_name":"Match and Keep!","player_choice":"1 cards matched","floor":39.0,"gold_loss":0.0,"damage_taken":0.0,"cards_obtained":["Brutality"]}],"is_beta":false,"boss_relics":[{"not_picked":["Velvet Choker","Coffee Dripper"],"picked":"Ectoplasm"},{"not_picked":["SlaversCollar","SacredBark"],"picked":"Black Blood"}],"items_purged_floors":[28],"is_endless":false,"potions_floor_spawned":[5,8,10,13,14,20,23,27,33,35,37,38,42,45,46],"ascension_level":11}}