{"host":"sav7uxregyirlf69","time":1609846529,"event":{"mods":["AchievementEnabler","BaseMod","Colored Map","DeckTracker","Keyboard Shortcuts","Minty Spire (QoL Compilation)","READ ME - Guardian Mod","StSLib","SuperFastMode"],"gold_per_floor":[119,119,132,152,152,190,26,44,44,119,6,6,33,52,52,52,52],"floor_reached":16,"playtime":274,"items_purged":[],"score":200,"play_id":"59b72904-771a-42eb-9d54-9a75e969972f","local_time":"20210105203529","is_ascension_mode":true,"campfire_choices":[{"data":"Terror","floor":15.0,"key":"SMITH"}],"circlet_count":0,"master_deck":["AscendersBane","Strike_G","Strike_G","Strike_G","Strike_G","Defend_G","Defend_G","Defend_G","Defend_G","Defend_G","Survivor","Neutralize","Terror+1","Dagger Throw","After Image","Poisoned Stab","Escape Plan","Well Laid Plans","Blade Dance","Skewer","Parasite","Riddle With Holes"],"relics":["Ring of the Snake","Orichalcum","Golden Idol","Smiling Mask","Membership Card","Ancient Tea Set","Orrery","Bronze Scales"],"acts_visited":["Exordium"],"potions_floor_usage":[16,16],"damage_taken":[{"damage":5.0,"enemies":"Jaw Worm","floor":1.0,"turns":4.0},{"damage":12.0,"enemies":"Small Slimes","floor":3.0,"turns":4.0},{"damage":0.0,"enemies":"2 Louse","floor":4.0,"turns":3.0},{"damage":17.0,"enemies":"Lagavulin","floor":6.0,"turns":6.0},{"damage":3.0,"enemies":"2 Fungi Beasts","floor":8.0,"turns":4.0},{"damage":0.0,"enemies":"3 Louse","floor":14.0,"turns":4.0},{"damage":28,"enemies":"Slime Boss","floor":16,"turns":5}],"seed_played":"-8786832762699283816","potions_obtained":[{"floor":4.0,"key":"SteroidPotion"},{"floor":8.0,"key":"PowerPotion"}],"is_trial":false,"path_per_floor":["M","?","M","M","?","E","$","M","T","?","$","?","T","M","R","B"],"character_chosen":"THE_SILENT","items_purchased":["Membership Card","Orrery","SteroidPotion"],"campfire_rested":0,"item_purchase_floors":[7,11,11],"current_hp_per_floor":[54,54,42,42,42,25,25,22,22,11,11,26,26,26,26,0,0],"gold":52,"neow_bonus":"RANDOM_COMMON_RELIC","is_daily":false,"chose_seed":false,"campfire_upgraded":1,"win_rate":0.0,"timestamp":1609846529,"path_taken":["M","?","M","M","?","E","?","M","T","?","?","?","?","M","R","BOSS"],"items_purchased_type":["Relic","Relic","Potion"],"build_version":"2020-12-22","purchased_purges":0,"victory":false,"max_hp_per_floor":[66,60,60,60,60,60,60,60,60,60,60,60,60,60,60,60,60],"card_choices":[{"not_picked":["Deflect","Deadly Poison"],"picked":"Terror","floor":1.0},{"not_picked":["Choke","Poisoned Stab"],"picked":"Dagger Throw","floor":3.0},{"not_picked":["Dagger Spray","Quick Slash"],"picked":"After Image","floor":4.0},{"not_picked":["Bouncing Flask","Doppelganger"],"picked":"Escape Plan","floor":6.0},{"not_picked":["Leg Sweep","Acrobatics"],"picked":"Well Laid Plans","floor":8.0},{"not_picked":["Escape Plan","Prepared"],"picked":"Blade Dance","floor":11.0},{"not_picked":["Bane","All Out Attack"],"picked":"Skewer","floor":11.0},{"not_picked":["Deadly Poison","Concentrate"],"picked":"Riddle With Holes","floor":14.0}],"player_experience":1146726,"relics_obtained":[{"floor":6.0,"key":"Smiling Mask"},{"floor":9.0,"key":"Ancient Tea Set"},{"floor":13.0,"key":"Bronze Scales"}],"event_choices":[{"damage_healed":0.0,"max_hp_gain":0.0,"max_hp_loss":6.0,"gold_gain":0.0,"event_name":"Golden Idol","player_choice":"Lose Max HP","floor":2.0,"gold_loss":0.0,"damage_taken":0.0,"relics_obtained":["Golden Idol"]},{"damage_healed":0.0,"max_hp_gain":0.0,"max_hp_loss":0.0,"gold_gain":0.0,"cards_transformed":["Strike_G"],"event_name":"Living Wall","player_choice":"Change","floor":5.0,"gold_loss":0.0,"damage_taken":0.0,"cards_obtained":["Poisoned Stab"]},{"damage_healed":0.0,"max_hp_gain":0.0,"max_hp_loss":0.0,"gold_gain":75.0,"event_name":"World of Goop","player_choice":"Gather Gold","floor":10.0,"gold_loss":0.0,"damage_taken":11.0},{"damage_healed":15.0,"max_hp_gain":0.0,"max_hp_loss":0.0,"gold_gain":0.0,"event_name":"Mushrooms","player_choice":"Healed and dodged fight","floor":12.0,"gold_loss":0.0,"damage_taken":0.0,"cards_obtained":["Parasite"]}],"is_beta":false,"boss_relics":[],"items_purged_floors":[],"is_endless":false,"potions_floor_spawned":[4,8,14],"killed_by":"Slime Boss","ascension_level":20}}