{"host":"tzyzz5n7hg2ni9q2","time":1609833135,"event":{"mods":["BaseMod","Minty Spire (QoL Compilation)","Quick Restart"],"gold_per_floor":[119,119,40,40,215,215,249,249,249,249,274,293,317,341,341,464,464,477,477,477,490,490,490,529,529,553,197,197,210,64,89,89,210,210,228,228,228,253,276,276,276,17,96,115,140,159,195,211,211,211],"floor_reached":51,"playtime":2339,"items_purged":["Strike_G"],"score":772,"play_id":"791543a0-6c1a-4232-917f-5a13892e8ce3","local_time":"20210105085215","is_ascension_mode":false,"campfire_choices":[{"data":"Noxious Fumes","floor":6.0,"key":"SMITH"},{"data":"Neutralize","floor":8.0,"key":"SMITH"},{"data":"Cloak And Dagger","floor":10.0,"key":"SMITH"},{"data":"Footwork","floor":15.0,"key":"SMITH"},{"floor":23.0,"key":"REST"},{"data":"Bullet Time","floor":25.0,"key":"SMITH"},{"data":"Backstab","floor":28.0,"key":"SMITH"},{"data":"Blur","floor":32.0,"key":"SMITH"},{"floor":40.0,"key":"REST"},{"data":"After Image","floor":49,"key":"SMITH"}],"circlet_count":0,"master_deck":["Strike_G","Defend_G","Defend_G","Defend_G","Defend_G","Defend_G","Survivor","Neutralize+1","Dagger Spray","Noxious Fumes+1","Cloak And Dagger+1","Footwork+1","Leg Sweep","Bullet Time+1","Blur+1","Escape Plan","Backstab+1","After Image+1","CurseOfTheBell","Madness","Madness","Cloak And Dagger+1","Bouncing Flask","Catalyst","Tools of the Trade","Backflip"],"relics":["Ring of the Snake","NeowsBlessing","Golden Idol","Pocketwatch","Singing Bowl","Empty Cage","Enchiridion","Unceasing Top","Art of War","Gremlin Horn","Lantern","Calling Bell","Oddly Smooth Stone","Mercury Hourglass","Gambling Chip","CaptainsWheel","Pantograph","Dream Catcher"],"acts_visited":["Exordium","TheCity","TheBeyond"],"potions_floor_usage":[50,50,50,50,50,50],"damage_taken":[{"damage":0.0,"enemies":"Small Slimes","floor":1.0,"turns":1.0},{"damage":0.0,"enemies":"3 Sentries","floor":7.0,"turns":1.0},{"damage":0.0,"enemies":"Jaw Worm","floor":11.0,"turns":1.0},{"damage":0.0,"enemies":"Cultist","floor":12.0,"turns":4.0},{"damage":0.0,"enemies":"Looter","floor":13.0,"turns":4.0},{"damage":6.0,"enemies":"Lots of Slimes","floor":14.0,"turns":3.0},{"damage":9.0,"enemies":"Hexaghost","floor":16.0,"turns":13.0},{"damage":0.0,"enemies":"Shell Parasite","floor":18.0,"turns":7.0},{"damage":16.0,"enemies":"Chosen","floor":21.0,"turns":7.0},{"damage":0.0,"enemies":"Book of Stabbing","floor":24.0,"turns":7.0},{"damage":11.0,"enemies":"Centurion and Healer","floor":29.0,"turns":8.0},{"damage":2.0,"enemies":"Snecko","floor":31.0,"turns":6.0},{"damage":45.0,"enemies":"Automaton","floor":33.0,"turns":16.0},{"damage":0.0,"enemies":"3 Shapes","floor":35.0,"turns":3.0},{"damage":13.0,"enemies":"Orb Walker","floor":38.0,"turns":6.0},{"damage":12.0,"enemies":"Writhing Mass","floor":39.0,"turns":11.0},{"damage":0.0,"enemies":"3 Darklings","floor":44.0,"turns":5.0},{"damage":0.0,"enemies":"4 Shapes","floor":45.0,"turns":5.0},{"damage":0.0,"enemies":"Sphere and 2 Shapes","floor":46.0,"turns":7.0},{"damage":7.0,"enemies":"Giant Head","floor":47.0,"turns":9.0},{"damage":16,"enemies":"3 Darklings","floor":48,"turns":5},{"damage":25,"enemies":"Awakened One","floor":50,"turns":15}],"seed_played":"-1836624175464058642","potions_obtained":[{"floor":1.0,"key":"Ancient Potion"},{"floor":7.0,"key":"Fire Potion"},{"floor":11.0,"key":"SteroidPotion"},{"floor":16.0,"key":"ColorlessPotion"},{"floor":29.0,"key":"AttackPotion"},{"floor":39.0,"key":"EntropicBrew"},{"floor":48,"key":"Poison Potion"}],"is_trial":false,"path_per_floor":["M","?","$","?","?","R","E","R","T","R","M","M","M","M","R","B",null,"M","?","?","M","?","R","E","R","T","$","R","M","$","M","R","B",null,"M","?","?","M","M","R","?","$","T","M","M","M","E","M","R","B",null],"character_chosen":"THE_SILENT","items_purchased":["Noxious Fumes","Escape Plan","Gremlin Horn","Backstab","Lantern","Catalyst","Tools of the Trade"],"campfire_rested":2,"item_purchase_floors":[3,27,27,27,30,42,42],"current_hp_per_floor":[70,53,53,46,46,46,46,46,46,46,48,48,50,44,44,35,74,76,60,60,46,46,69,69,69,69,69,69,60,60,60,60,15,82,84,84,73,60,48,73,73,73,73,75,75,77,72,58,58,58],"gold":211,"neow_bonus":"THREE_ENEMY_KILL","is_daily":false,"chose_seed":false,"campfire_upgraded":8,"win_rate":0.0,"timestamp":1609833135,"path_taken":["M","?","$","?","?","R","E","R","T","R","M","M","M","M","R","BOSS","M","?","?","?","?","R","E","R","T","$","R","?","$","M","R","BOSS","M","?","?","M","?","R","?","$","T","M","M","?","E","M","R","BOSS"],"items_purchased_type":["Card","Card","Relic","Card","Relic","Card","Card"],"build_version":"2020-12-22","purchased_purges":1,"victory":true,"max_hp_per_floor":[70,70,70,70,70,70,70,70,70,70,72,72,74,74,74,74,74,76,76,76,78,78,78,78,78,78,78,78,80,80,82,82,82,82,84,84,84,84,84,84,84,84,84,86,86,88,90,92,92,92],"card_choices":[{"not_picked":["Catalyst","Cloak And Dagger"],"picked":"Dagger Spray","floor":1.0},{"not_picked":["Masterful Stab","Tactician"],"picked":"Cloak And Dagger","floor":7.0},{"not_picked":["Quick Slash","Reflex","Deadly Poison"],"picked":"Singing Bowl","floor":11.0},{"not_picked":["Dodge and Roll","Poisoned Stab"],"picked":"Footwork","floor":12.0},{"not_picked":["Cloak And Dagger","Outmaneuver","Flying Knee"],"picked":"Singing Bowl","floor":13.0},{"not_picked":["Escape Plan","Distraction"],"picked":"Leg Sweep","floor":14.0},{"not_picked":["Doppelganger","A Thousand Cuts"],"picked":"Bullet Time","floor":16.0},{"not_picked":["Infinite Blades","Flechettes","Endless Agony"],"picked":"Singing Bowl","floor":18.0},{"not_picked":["Underhanded Strike+1","Prepared","Expertise"],"picked":"Singing Bowl","floor":21.0},{"not_picked":["Underhanded Strike","Dodge and Roll"],"picked":"Blur","floor":24.0},{"not_picked":["Cloak And Dagger","Accuracy+1","Skewer+1"],"picked":"Singing Bowl","floor":29.0},{"not_picked":["Setup+1","Bouncing Flask","Deflect"],"picked":"Singing Bowl","floor":31.0},{"not_picked":["Venomology","A Thousand Cuts"],"picked":"After Image","floor":33.0},{"not_picked":["Poisoned Stab+1","Quick Slash","Flying Knee"],"picked":"Singing Bowl","floor":35.0},{"not_picked":["Noxious Fumes+1","Eviscerate"],"picked":"Cloak And Dagger+1","floor":38.0},{"not_picked":["Quick Slash","Dodge and Roll"],"picked":"Bouncing Flask","floor":39.0},{"not_picked":["Tactician","A Thousand Cuts","Dagger Throw"],"picked":"Singing Bowl","floor":44.0},{"not_picked":["Cloak And Dagger","Dodge and Roll"],"picked":"Backflip","floor":45.0},{"not_picked":["Dodge and Roll","Glass Knife","Setup+1"],"picked":"Singing Bowl","floor":46.0},{"not_picked":["Quick Slash","Sucker Punch+1","Blade Dance"],"picked":"Singing Bowl","floor":47.0},{"not_picked":["Dagger Throw","Blade Dance","Quick Slash"],"picked":"Singing Bowl","floor":48}],"player_experience":243302,"relics_obtained":[{"floor":7.0,"key":"Pocketwatch"},{"floor":9.0,"key":"Singing Bowl"},{"floor":19.0,"key":"Enchiridion"},{"floor":24.0,"key":"Unceasing Top"},{"floor":26.0,"key":"Art of War"},{"floor":34.0,"key":"Oddly Smooth Stone"},{"floor":34.0,"key":"Mercury Hourglass"},{"floor":34.0,"key":"Gambling Chip"},{"floor":41.0,"key":"CaptainsWheel"},{"floor":43.0,"key":"Pantograph"},{"floor":47.0,"key":"Dream Catcher"}],"event_choices":[{"damage_healed":0.0,"max_hp_gain":0.0,"max_hp_loss":0.0,"gold_gain":0.0,"event_name":"Golden Idol","player_choice":"Take Damage","floor":2.0,"gold_loss":0.0,"damage_taken":17.0,"relics_obtained":["Golden Idol"]},{"cards_removed":["Strike_G"],"damage_healed":0.0,"max_hp_gain":0.0,"max_hp_loss":0.0,"gold_gain":0.0,"event_name":"Golden Wing","player_choice":"Card Removal","floor":4.0,"gold_loss":0.0,"damage_taken":7.0},{"damage_healed":0.0,"max_hp_gain":0.0,"max_hp_loss":0.0,"gold_gain":175.0,"event_name":"Liars Game","player_choice":"AGREE","floor":5.0,"gold_loss":0.0,"damage_taken":0.0,"cards_obtained":["Doubt"]},{"damage_healed":0.0,"max_hp_gain":0.0,"max_hp_loss":0.0,"gold_gain":0.0,"event_name":"Cursed Tome","player_choice":"Obtained Book","floor":19.0,"gold_loss":0.0,"damage_taken":16.0},{"damage_healed":0.0,"max_hp_gain":0.0,"max_hp_loss":0.0,"gold_gain":0.0,"event_name":"The Woman in Blue","player_choice":"Bought 0 Potions","floor":20.0,"gold_loss":0.0,"damage_taken":0.0},{"cards_removed":["Strike_G"],"damage_healed":0.0,"max_hp_gain":0.0,"max_hp_loss":0.0,"gold_gain":0.0,"event_name":"Wheel of Change","player_choice":"Card Removal","floor":22.0,"gold_loss":0.0,"damage_taken":0.0},{"damage_healed":0.0,"max_hp_gain":0.0,"max_hp_loss":0.0,"gold_gain":0.0,"event_name":"Tomb of Lord Red Mask","player_choice":"Ignored","floor":36.0,"gold_loss":0.0,"damage_taken":0.0},{"damage_healed":0.0,"max_hp_gain":0.0,"max_hp_loss":0.0,"gold_gain":0.0,"event_name":"Winding Halls","player_choice":"Embrace Madness","floor":37.0,"gold_loss":0.0,"damage_taken":11.0,"cards_obtained":["Madness","Madness"]},{"damage_healed":0.0,"max_hp_gain":0.0,"max_hp_loss":0.0,"gold_gain":0.0,"event_name":"Wheel of Change","player_choice":"Relic","floor":41.0,"gold_loss":0.0,"damage_taken":0.0}],"is_beta":false,"boss_relics":[{"not_picked":["Coffee Dripper","Snecko Eye"],"picked":"Empty Cage"},{"not_picked":["Tiny House","Runic Pyramid"],"picked":"Calling Bell"}],"items_purged_floors":[42],"is_endless":false,"potions_floor_spawned":[1,7,11,16,21,29,31,38,39,44,48],"ascension_level":0}}