{"host":"78zdngn0u28jm0pp","time":1609817626,"event":{"mods":["BaseMod","Jorbs\u0027s Wanderer Trilogy","Minty Spire (QoL Compilation)","Permanent Neow","Quick Restart","Relic Stats","StSLib","Unceasing Turn Reminder"],"gold_per_floor":[111,125,125,144,144,144,177,177,177,177,194,210,228,24,24,96,96,109,120,140,140,169,194,65,65,91,120,135,135,135,146,146,225,225,235,235,250,250,260,260,285,285,310,344,344,244,11,39,39,39,39],"floor_reached":50,"playtime":2361,"items_purged":["Clumsy","Strike_G","Strike_G"],"score":1136,"play_id":"df1a041b-2388-4200-aff8-500218321bd3","local_time":"20210104203346","is_ascension_mode":true,"campfire_choices":[{"data":"Finisher","floor":6,"key":"SMITH"},{"floor":10,"key":"REST"},{"data":"Apotheosis","floor":15,"key":"SMITH"},{"data":"Tools of the Trade","floor":25,"key":"SMITH"},{"floor":29,"key":"DIG"},{"floor":32,"key":"DIG"},{"floor":40,"key":"DIG"},{"floor":45,"key":"REST"},{"floor":49,"key":"RECALL"}],"circlet_count":0,"master_deck":["AscendersBane","Strike_G","Strike_G","Defend_G","Defend_G","Defend_G","Defend_G","Defend_G+1","Survivor","Neutralize","Poisoned Stab","Blade Dance","Finisher+1","Bouncing Flask","PiercingWail","Dagger Throw","Cloak And Dagger","Apotheosis+1","Wraith Form v2","Leg Sweep","Blade Dance+1","Quick Slash+1","Tools of the Trade+1","Backflip+1","Die Die Die","Terror+1","Reflex","Corpse Explosion","Tactician"],"relics":["Ring of the Snake","Gambling Chip","Pear","Sundial","Vajra","Philosopher\u0027s Stone","Red Mask","Ginger","Shovel","Tough Bandages","InkBottle","WristBlade","War Paint","Darkstone Periapt","Bronze Scales","Oddly Smooth Stone","MealTicket"],"acts_visited":["Exordium","TheCity","TheBeyond"],"potions_floor_usage":[7,16,22,23,23,27,33,33,50,50],"damage_taken":[{"damage":0,"enemies":"Jaw Worm","floor":1,"turns":6},{"damage":1,"enemies":"Small Slimes","floor":2,"turns":4},{"damage":8,"enemies":"2 Louse","floor":4,"turns":2},{"damage":35,"enemies":"3 Sentries","floor":7,"turns":9},{"damage":0,"enemies":"Exordium Wildlife","floor":11,"turns":3},{"damage":4,"enemies":"2 Fungi Beasts","floor":12,"turns":3},{"damage":0,"enemies":"Blue Slaver","floor":13,"turns":1},{"damage":16,"enemies":"The Guardian","floor":16,"turns":7},{"damage":2,"enemies":"2 Thieves","floor":18,"turns":4},{"damage":0,"enemies":"3 Byrds","floor":19,"turns":5},{"damage":2,"enemies":"Cultist and Chosen","floor":20,"turns":6},{"damage":0,"enemies":"Masked Bandits","floor":22,"turns":3},{"damage":2,"enemies":"Gremlin Leader","floor":23,"turns":4},{"damage":16,"enemies":"Slavers","floor":27,"turns":5},{"damage":0,"enemies":"Centurion and Healer","floor":28,"turns":5},{"damage":2,"enemies":"Snecko","floor":31,"turns":4},{"damage":25,"enemies":"Collector","floor":33,"turns":8},{"damage":0,"enemies":"3 Darklings","floor":35,"turns":3},{"damage":0,"enemies":"Orb Walker","floor":37,"turns":1},{"damage":0,"enemies":"Transient","floor":39,"turns":6},{"damage":10,"enemies":"Nemesis","floor":41,"turns":5},{"damage":16,"enemies":"Giant Head","floor":44,"turns":6},{"damage":3,"enemies":"Nemesis","floor":48,"turns":5},{"damage":69,"enemies":"Time Eater","floor":50,"turns":4}],"seed_played":"-2895160391646499368","potions_obtained":[{"floor":4,"key":"Regen Potion"},{"floor":12,"key":"LiquidMemories"},{"floor":16,"key":"SneckoOil"},{"floor":20,"key":"Strength Potion"},{"floor":22,"key":"FearPotion"},{"floor":28,"key":"CultistPotion"},{"floor":31,"key":"FearPotion"},{"floor":39,"key":"Weak Potion"}],"is_trial":false,"path_per_floor":["M","M","?","M","?","R","E","?","T","R","M","M","M","$","R","B",null,"M","M","M","?","?","E","$","R","T","E","M","R","?","M","R","B",null,"M","?","M","?","M","R","E","?","T","E","R","$","$","E","R","B"],"character_chosen":"THE_SILENT","items_purchased":["Apotheosis","AttackPotion","EntropicBrew"],"campfire_rested":2,"item_purchase_floors":[14,24,47],"current_hp_per_floor":[59,58,63,55,55,55,35,28,28,50,50,46,46,46,46,30,65,63,63,61,61,61,59,59,59,59,43,43,43,58,56,56,31,65,65,65,65,65,65,65,55,55,55,39,60,60,60,57,57,0,0],"gold":39,"neow_bonus":"ONE_RARE_RELIC","is_daily":false,"chose_seed":false,"campfire_upgraded":3,"win_rate":0.0,"timestamp":1609817626,"path_taken":["M","M","?","M","?","R","E","?","T","R","M","?","M","$","R","BOSS","M","M","M","?","?","E","$","R","T","E","M","R","?","?","R","BOSS","M","?","M","?","M","R","E","?","T","E","R","?","$","E","R","BOSS"],"items_purchased_type":["Card","Potion","Potion"],"build_version":"2020-12-22","purchased_purges":3,"victory":false,"max_hp_per_floor":[66,66,76,76,76,76,76,76,76,76,76,76,76,76,76,76,76,76,76,76,76,76,76,76,76,76,76,76,76,76,76,76,76,76,76,76,76,76,76,76,76,72,72,72,72,72,72,72,72,72,72],"relic_stats":{"Darkstone Periapt":0,"counters":[24,109],"Ginger":[7],"War Paint":["Defend_G","Blade Dance"],"Tough Bandages":[234],"Shovel":3,"Sundial":[12],"Gambling Chip":[105],"Bronze Scales":[48],"MealTicket":0,"obtain_stats":[{"Darkstone Periapt":41,"Pear":3,"Vajra":9,"Oddly Smooth Stone":44,"Ginger":23,"War Paint":40,"Tough Bandages":29,"Shovel":27,"WristBlade":34,"Sundial":7,"Gambling Chip":0,"Bronze Scales":43,"Philosopher\u0027s Stone":17,"MealTicket":48,"Red Mask":22,"InkBottle":32,"Ring of the Snake":0},{"Darkstone Periapt":21,"Pear":2,"Vajra":4,"Oddly Smooth Stone":22,"Ginger":13,"War Paint":20,"Tough Bandages":15,"Shovel":14,"WristBlade":17,"Sundial":4,"Gambling Chip":0,"Bronze Scales":21,"Philosopher\u0027s Stone":8,"MealTicket":23,"Red Mask":12,"InkBottle":16,"Ring of the Snake":0},{"Darkstone Periapt":94,"Pear":10,"Vajra":21,"Oddly Smooth Stone":100,"Ginger":57,"War Paint":89,"Tough Bandages":67,"Shovel":62,"WristBlade":79,"Sundial":21,"Gambling Chip":0,"Bronze Scales":94,"Philosopher\u0027s Stone":35,"MealTicket":105,"Red Mask":53,"InkBottle":71,"Ring of the Snake":0}],"InkBottle":[22],"Ring of the Snake":[48]},"card_choices":[{"not_picked":["Prepared","Underhanded Strike"],"picked":"Poisoned Stab","floor":1},{"not_picked":["Acrobatics","Flechettes"],"picked":"Blade Dance","floor":2},{"not_picked":["Flying Knee","Catalyst"],"picked":"Finisher","floor":4},{"not_picked":["Quick Slash","Endless Agony"],"picked":"Bouncing Flask","floor":7},{"not_picked":["Choke","Accuracy"],"picked":"PiercingWail","floor":11},{"not_picked":["Bouncing Flask","All Out Attack"],"picked":"Dagger Throw","floor":12},{"not_picked":["Dagger Throw","Reflex"],"picked":"Cloak And Dagger","floor":13},{"not_picked":["Unload","Venomology"],"picked":"Wraith Form v2","floor":16},{"not_picked":["Bane","Quick Slash"],"picked":"Leg Sweep","floor":18},{"not_picked":["Blur","Outmaneuver"],"picked":"Blade Dance","floor":19},{"not_picked":["Accuracy","Endless Agony","Flying Knee"],"picked":"SKIP","floor":20},{"not_picked":["Eviscerate","Poisoned Stab"],"picked":"Quick Slash+1","floor":22},{"not_picked":["Backflip","Sucker Punch"],"picked":"Tools of the Trade","floor":23},{"not_picked":["Accuracy","Choke","Setup"],"picked":"SKIP","floor":27},{"not_picked":["Underhanded Strike","Dash"],"picked":"Backflip+1","floor":28},{"not_picked":["Caltrops","Sucker Punch"],"picked":"Dash+1","floor":31},{"not_picked":["Grand Finale","Bullet Time"],"picked":"Die Die Die","floor":33},{"not_picked":["Well Laid Plans","Deadly Poison"],"picked":"Terror+1","floor":35},{"not_picked":["Deadly Poison+1","Setup+1","Underhanded Strike+1"],"picked":"SKIP","floor":37},{"not_picked":["Flying Knee","PiercingWail"],"picked":"Reflex","floor":39},{"not_picked":["Blade Dance+1","Infinite Blades+1"],"picked":"Corpse Explosion","floor":41},{"not_picked":["Outmaneuver","Deflect"],"picked":"Tactician","floor":44},{"not_picked":["Bullet Time","Poisoned Stab","Endless Agony"],"picked":"SKIP","floor":48}],"player_experience":752059,"relics_obtained":[{"floor":7,"key":"Sundial"},{"floor":9,"key":"Vajra"},{"floor":22,"key":"Red Mask"},{"floor":23,"key":"Ginger"},{"floor":27,"key":"Shovel"},{"floor":29,"key":"Tough Bandages"},{"floor":32,"key":"InkBottle"},{"floor":40,"key":"War Paint"},{"floor":41,"key":"Darkstone Periapt"},{"floor":43,"key":"Bronze Scales"},{"floor":44,"key":"Oddly Smooth Stone"},{"floor":48,"key":"MealTicket"}],"event_choices":[{"damage_healed":0,"gold_gain":0,"player_choice":"Success","damage_taken":5,"relics_obtained":["Pear"],"max_hp_gain":0,"max_hp_loss":0,"event_name":"Scrap Ooze","floor":3,"gold_loss":0},{"damage_healed":0,"gold_gain":0,"player_choice":"Ignored","damage_taken":0,"max_hp_gain":0,"max_hp_loss":0,"event_name":"Liars Game","floor":5,"gold_loss":0},{"cards_removed":["Strike_G"],"damage_healed":0,"gold_gain":0,"player_choice":"Card Removal","damage_taken":7,"max_hp_gain":0,"max_hp_loss":0,"event_name":"Golden Wing","floor":8,"gold_loss":0},{"damage_healed":0,"gold_gain":0,"player_choice":"Ignored","damage_taken":0,"max_hp_gain":0,"max_hp_loss":0,"event_name":"Cursed Tome","floor":21,"gold_loss":0},{"damage_healed":0,"gold_gain":0,"player_choice":"Fought Bandits","damage_taken":0,"max_hp_gain":0,"max_hp_loss":0,"event_name":"Masked Bandits","floor":22,"gold_loss":0},{"damage_healed":15,"gold_gain":0,"player_choice":"Heal","damage_taken":0,"max_hp_gain":0,"max_hp_loss":0,"event_name":"The Library","floor":30,"gold_loss":0},{"damage_healed":0,"gold_gain":0,"player_choice":"Memory 1","damage_taken":0,"max_hp_gain":0,"max_hp_loss":0,"event_name":"SensoryStone","floor":36,"gold_loss":0},{"cards_removed":["Dash"],"damage_healed":0,"gold_gain":0,"player_choice":"Removed Attack","damage_taken":0,"max_hp_gain":0,"max_hp_loss":0,"event_name":"Falling","floor":38,"gold_loss":0},{"damage_healed":0,"gold_gain":0,"player_choice":"Max HP","damage_taken":0,"max_hp_gain":0,"max_hp_loss":4,"event_name":"Winding Halls","floor":42,"gold_loss":0}],"is_beta":false,"boss_relics":[{"not_picked":["Snecko Eye","SlaversCollar"],"picked":"Philosopher\u0027s Stone"},{"not_picked":["Runic Dome","Coffee Dripper"],"picked":"WristBlade"}],"items_purged_floors":[24,46,47],"is_endless":false,"potions_floor_spawned":[4,12,16,20,22,28,31,39,48],"killed_by":"Time Eater","ascension_level":20}}