{"host":"dmdprxj8bosbz96f","time":1609878013,"event":{"mods":["AchievementEnabler","BaseMod","Colored Map","DeckTracker","Minty Spire (QoL Compilation)","Quick Restart","SuperFastMode","everything is the same but u backflip on backflip"],"gold_per_floor":[99,99,24,24,24,24,24,24,24,24,24,24,24,9,9,9,9,9,9,9,9,9,9,9,9,9,9,9,9,9,9,9,9,9,9,9,9,9,9,9,9,9,9,9,9,9,9,9,9,9],"floor_reached":51,"playtime":965,"items_purged":["Defend_R"],"score":924,"play_id":"85d23ede-2f54-4abb-aaa1-e0c7da2fcbe3","local_time":"20210106052013","is_ascension_mode":true,"campfire_choices":[{"data":"Whirlwind","floor":6.0,"key":"SMITH"},{"data":"Bash","floor":8.0,"key":"SMITH"},{"data":"Battle Trance","floor":15.0,"key":"SMITH"},{"data":"Perfected Strike","floor":23.0,"key":"SMITH"},{"data":"Perfected Strike","floor":25.0,"key":"SMITH"},{"data":"Wild Strike","floor":28.0,"key":"SMITH"},{"floor":32.0,"key":"REST"},{"floor":41.0,"key":"REST"},{"data":"Double Tap","floor":45.0,"key":"SMITH"},{"floor":47.0,"key":"REST"},{"floor":49.0,"key":"REST"}],"circlet_count":0,"master_deck":["Strike_R","Strike_R","Strike_R","Strike_R","Strike_R","Defend_R","Defend_R","Bash+1","Whirlwind+1","Wild Strike+1","Perfected Strike+1","Battle Trance+1","Perfected Strike+1","Double Tap+1","Parasite"],"relics":["Ectoplasm","InkBottle","Thread and Needle","Singing Bowl","Sozu","MawBank","Red Mask","Old Coin","HornCleat","Pen Nib","FaceOfCleric","SlaversCollar","Juzu Bracelet","CeramicFish","Orichalcum"],"acts_visited":["Exordium","TheCity","TheBeyond"],"potions_floor_usage":[50],"damage_taken":[{"damage":1.0,"enemies":"Cultist","floor":1.0,"turns":3.0},{"damage":12.0,"enemies":"Jaw Worm","floor":2.0,"turns":3.0},{"damage":0.0,"enemies":"2 Louse","floor":4.0,"turns":1.0},{"damage":0.0,"enemies":"Gremlin Nob","floor":10.0,"turns":2.0},{"damage":7.0,"enemies":"Exordium Thugs","floor":11.0,"turns":3.0},{"damage":0.0,"enemies":"Lots of Slimes","floor":12.0,"turns":1.0},{"damage":5.0,"enemies":"3 Sentries","floor":13.0,"turns":3.0},{"damage":7.0,"enemies":"Looter","floor":14.0,"turns":2.0},{"damage":46.0,"enemies":"Hexaghost","floor":16.0,"turns":6.0},{"damage":0.0,"enemies":"Spheric Guardian","floor":18.0,"turns":2.0},{"damage":0.0,"enemies":"Masked Bandits","floor":21.0,"turns":2.0},{"damage":17.0,"enemies":"Slavers","floor":24.0,"turns":2.0},{"damage":6.0,"enemies":"Shell Parasite","floor":27.0,"turns":2.0},{"damage":5.0,"enemies":"Book of Stabbing","floor":29.0,"turns":3.0},{"damage":14.0,"enemies":"Collector","floor":33.0,"turns":6.0},{"damage":4.0,"enemies":"Orb Walker","floor":35.0,"turns":2.0},{"damage":16.0,"enemies":"3 Shapes","floor":37.0,"turns":1.0},{"damage":11.0,"enemies":"Jaw Worm Horde","floor":38.0,"turns":3.0},{"damage":31.0,"enemies":"Giant Head","floor":40.0,"turns":6.0},{"damage":22.0,"enemies":"Reptomancer","floor":44.0,"turns":4.0},{"damage":0.0,"enemies":"Writhing Mass","floor":46.0,"turns":4.0},{"damage":87,"enemies":"Time Eater","floor":50,"turns":8}],"seed_played":"1655439839384803909","potions_obtained":[{"floor":2.0,"key":"Energy Potion"},{"floor":10.0,"key":"PowerPotion"},{"floor":14.0,"key":"Ancient Potion"}],"is_trial":false,"path_per_floor":["M","M","$","M","?","R","?","R","T","E","M","M","E","M","R","B",null,"M","$","T","?","?","R","E","R","T","M","R","E","$","?","R","B",null,"M","?","M","M","$","E","R","$","T","E","R","M","R","$","R","B",null],"character_chosen":"IRONCLAD","items_purchased":[],"campfire_rested":4,"item_purchase_floors":[],"current_hp_per_floor":[79,67,67,67,60,60,80,80,80,80,73,73,70,65,65,21,86,88,88,88,90,90,90,75,75,75,71,71,68,68,68,96,83,97,96,96,83,75,75,47,79,79,79,60,60,63,97,97,115,29],"gold":9,"neow_bonus":"BOSS_RELIC","is_daily":false,"chose_seed":false,"campfire_upgraded":7,"win_rate":0.0,"timestamp":1609878013,"path_taken":["M","?","$","M","?","R","?","R","T","E","M","M","E","?","R","BOSS","M","$","?","?","?","R","E","R","T","?","R","E","$","?","R","BOSS","M","?","M","M","$","E","R","?","T","E","R","M","R","$","R","BOSS"],"items_purchased_type":[],"build_version":"2020-12-22","purchased_purges":1,"victory":true,"max_hp_per_floor":[80,80,80,80,80,80,80,80,80,80,80,80,82,84,84,86,86,88,88,88,90,90,90,92,92,92,94,94,96,96,96,96,97,97,100,100,103,106,106,109,109,109,109,112,112,115,115,115,115,116],"card_choices":[{"not_picked":["Anger","Hemokinesis","Clash"],"picked":"SKIP","floor":1.0},{"not_picked":["Entrench","Combust"],"picked":"Whirlwind","floor":2.0},{"not_picked":["True Grit","Clash"],"picked":"Wild Strike","floor":4.0},{"not_picked":["Thunderclap","Warcry"],"picked":"Perfected Strike","floor":10.0},{"not_picked":["Blood for Blood","Pommel Strike"],"picked":"Battle Trance","floor":11.0},{"not_picked":["Inflame","Clothesline"],"picked":"Perfected Strike","floor":12.0},{"not_picked":["Berserk","Iron Wave","Rampage"],"picked":"Singing Bowl","floor":13.0},{"not_picked":["Warcry","Iron Wave","Sentinel"],"picked":"Singing Bowl","floor":14.0},{"not_picked":["Immolate","Reaper","Brutality"],"picked":"Singing Bowl","floor":16.0},{"not_picked":["Iron Wave+1","Heavy Blade+1","Thunderclap"],"picked":"Singing Bowl","floor":18.0},{"not_picked":["Rage","Burning Pact+1","Body Slam+1"],"picked":"Singing Bowl","floor":21.0},{"not_picked":["Perfected Strike","Havoc","Shrug It Off"],"picked":"Singing Bowl","floor":24.0},{"not_picked":["True Grit+1","Anger","Wild Strike"],"picked":"Singing Bowl","floor":27.0},{"not_picked":["Headbutt","Clash","Cleave"],"picked":"Singing Bowl","floor":29.0},{"not_picked":["Reaper","Limit Break"],"picked":"Double Tap","floor":33.0},{"not_picked":["Metallicize","Flame Barrier+1","Twin Strike"],"picked":"Singing Bowl","floor":35.0},{"not_picked":["Ghostly Armor+1","Inflame","Pommel Strike"],"picked":"Singing Bowl","floor":37.0},{"not_picked":["Warcry+1","Clothesline","Second Wind+1"],"picked":"Singing Bowl","floor":38.0},{"not_picked":["Clash","True Grit","Rampage+1"],"picked":"Singing Bowl","floor":40.0},{"not_picked":["Reckless Charge","Wild Strike","Flame Barrier"],"picked":"Singing Bowl","floor":44.0},{"not_picked":["Rupture+1","Clothesline","Shrug It Off"],"picked":"Singing Bowl","floor":46.0}],"player_experience":141692,"relics_obtained":[{"floor":9.0,"key":"InkBottle"},{"floor":10.0,"key":"Thread and Needle"},{"floor":13.0,"key":"Singing Bowl"},{"floor":20.0,"key":"MawBank"},{"floor":21.0,"key":"Red Mask"},{"floor":24.0,"key":"Old Coin"},{"floor":26.0,"key":"HornCleat"},{"floor":29.0,"key":"Pen Nib"},{"floor":40.0,"key":"Juzu Bracelet"},{"floor":43.0,"key":"CeramicFish"},{"floor":44.0,"key":"Orichalcum"}],"event_choices":[{"cards_removed":["Defend_R"],"damage_healed":0.0,"max_hp_gain":0.0,"max_hp_loss":0.0,"gold_gain":0.0,"event_name":"Golden Wing","player_choice":"Card Removal","floor":5.0,"gold_loss":0.0,"damage_taken":7.0},{"damage_healed":20.0,"max_hp_gain":0.0,"max_hp_loss":0.0,"gold_gain":0.0,"event_name":"Wheel of Change","player_choice":"Full Heal","floor":7.0,"gold_loss":0.0,"damage_taken":0.0},{"damage_healed":0.0,"max_hp_gain":0.0,"max_hp_loss":0.0,"gold_gain":0.0,"event_name":"Masked Bandits","player_choice":"Fought Bandits","floor":21.0,"gold_loss":0.0,"damage_taken":0.0},{"damage_healed":0.0,"max_hp_gain":0.0,"max_hp_loss":0.0,"gold_gain":0.0,"event_name":"N\u0027loth","player_choice":"Ignored","floor":22.0,"gold_loss":0.0,"damage_taken":0.0},{"damage_healed":0.0,"max_hp_gain":0.0,"max_hp_loss":0.0,"gold_gain":0.0,"event_name":"FaceTrader","player_choice":"Trade","floor":31.0,"gold_loss":0.0,"damage_taken":0.0,"relics_obtained":["FaceOfCleric"]},{"damage_healed":0.0,"max_hp_gain":0.0,"max_hp_loss":0.0,"gold_gain":0.0,"event_name":"Match and Keep!","player_choice":"0 cards matched","floor":36.0,"gold_loss":0.0,"damage_taken":0.0,"cards_obtained":[]}],"is_beta":false,"boss_relics":[{"not_picked":["Calling Bell","Fusion Hammer"],"picked":"Sozu"},{"not_picked":["Runic Dome","Busted Crown"],"picked":"SlaversCollar"}],"items_purged_floors":[3],"is_endless":false,"potions_floor_spawned":[2,10,14,18,29,37,40,46],"ascension_level":2}}