{"host":"s9dep4x43c14s74h","time":1609883498,"event":{"mods":["BaseMod","Downfall","Gremlin Mod","Hermit","HololiveMod","Jorbs\u0027s Wanderer Trilogy","Lobotomy","Marisa????????","Minty Spire (QoL Compilation)","Replay The Spire","StSLib","The Animator","The Bug Knight","The Construct","The Cursed","The Necromancer","The Runesmith","The Servant 0.9.4"],"gold_per_floor":[349,368,378,104,104,132,132,149,161,181,198,218,168,180,190,285,285,235,235,246,246,260,260,307,307,326,276,307,307,257,2,20,118,118,154,168,185,203,221,241,264,264,14,48,98,48,51,79,93,93],"floor_reached":51,"playtime":4494,"items_purged":[],"score":1284,"play_id":"295370f8-4180-4aab-9fa4-0e798693b758","local_time":"20210106005138","is_ascension_mode":true,"campfire_choices":[{"floor":1,"key":"RECALL"},{"data":"Slimebound:Split","floor":13,"key":"SMITH"},{"floor":18,"key":"DIG"},{"data":"Slimebound:DuplicatedForm","floor":27,"key":"SMITH"},{"data":"Slimebound:RollThrough","floor":30,"key":"SMITH"},{"floor":46,"key":"REST"}],"circlet_count":0,"master_deck":["Slimebound:Strike_Slimebound","Slimebound:Strike_Slimebound","Slimebound:Strike_Slimebound","Slimebound:Tackle","Slimebound:Defend_Slimebound","Slimebound:Defend_Slimebound","Slimebound:Defend_Slimebound","Slimebound:Defend_Slimebound","Slimebound:Split+1","Slimebound:CorrosiveSpit","Slimebound:LeechEnergy","Slimebound:LeadByExample","Slimebound:PressTheAttack","Slimebound:MegaLick","Slimebound:SamplingLick+1","Slimebound:SamplingLick","Slimebound:FormOfPuddle","Slimebound:ViciousTackle","Slimebound:DouseInSlime","Slimebound:SplitLeeching","Slimebound:SlimeTap","Slimebound:LevelUp","Slimebound:MegaLick","Slimebound:MassRepurpose","Slimebound:SplitLeeching","Slimebound:GrowthPunch","Slimebound:SplitMire","Slimebound:GoopTackle","Slimebound:LeechEnergy","Slimebound:DuplicatedForm+1","animator:Curse_GriefSeed","stsjorbsmod:Withering","Delirium","Slimebound:SplitBruiser+1","Slimebound:LeechLife","Slimebound:ViciousTackle","Slimebound:RollThrough+1","Shame","Slimebound:Schlurp+1","Slimebound:RejuvenatingLick","Slimebound:MinionMaster","Slimebound:GoopSpray+1","Slimebound:LevelUp","Slimebound:ProtectTheBoss+1","Slimebound:HauntingLick+1","Apotheosis","Slimebound:SamplingLick","Slimebound:SamplingLick+1","Slimebound:ProtectTheBoss+1","Slimebound:MegaLick+1","Slimebound:LeadByExample","Slimebound:SamplingLick+1","Slimebound:RainOfGoop","Slimebound:SelfFormingGoo"],"relics":["Slimebound:AbsorbEndCombat","Orrery","Slimebound:GreedOozeRelic","Anchor","Replay:Ancient Bell","War Paint","Runesmith:Nanobots","Lizard Tail","Singing Bowl","Ring of Peace","Ring of Misfortune","HollowMod:PaleOreRelic","Boot","Simple Rune","MealTicket","Eternal Feather","Fusion Hammer","Replay:Baseball","Runesmith:AutoHammer","Mango","OrangePellets","Meat on the Bone"],"acts_visited":["Exordium","TheCity","TheBeyond"],"potions_floor_usage":[10,16,16,16,31,39,49],"damage_taken":[{"damage":11,"enemies":"Cultist","floor":2,"turns":3},{"damage":10,"enemies":"Jaw Worm","floor":3,"turns":4},{"damage":7,"enemies":"downfall:FleeingMerchant","floor":4,"turns":4},{"damage":17,"enemies":"Replay:BlueRogue","floor":6,"turns":4},{"damage":4,"enemies":"2 Louse","floor":8,"turns":2},{"damage":7,"enemies":"2 Fungi Beasts","floor":9,"turns":2},{"damage":0,"enemies":"3 Louse","floor":10,"turns":3},{"damage":2,"enemies":"Blue Slaver","floor":11,"turns":2},{"damage":5,"enemies":"Exordium Wildlife","floor":12,"turns":2},{"damage":0,"enemies":"2 Fungi Beasts","floor":14,"turns":2},{"damage":20,"enemies":"Large Slime","floor":15,"turns":3},{"damage":56,"enemies":"downfall:Ironclad","floor":16,"turns":5},{"damage":20,"enemies":"Spheric Guardian","floor":20,"turns":4},{"damage":6,"enemies":"Chosen","floor":22,"turns":3},{"damage":20,"enemies":"Centurion and Healer","floor":26,"turns":6},{"damage":42,"enemies":"Replay:Snechameleon","floor":28,"turns":4},{"damage":0,"enemies":"downfall:FleeingMerchant","floor":31,"turns":4},{"damage":33,"enemies":"Snake Plant","floor":32,"turns":4},{"damage":30,"enemies":"downfall:Defect","floor":33,"turns":7},{"damage":6,"enemies":"3 Shapes","floor":36,"turns":3},{"damage":17,"enemies":"Orb Walker","floor":37,"turns":3},{"damage":39,"enemies":"Sphere and 2 Shapes","floor":38,"turns":6},{"damage":23,"enemies":"Jaw Worm Horde","floor":39,"turns":5},{"damage":27,"enemies":"Spire Growth","floor":40,"turns":5},{"damage":0,"enemies":"downfall:FleeingMerchant","floor":43,"turns":4},{"damage":15,"enemies":"Nemesis","floor":44,"turns":5},{"damage":1,"enemies":"Mind Bloom Boss Battle","floor":45,"turns":4},{"damage":0,"enemies":"downfall:FleeingMerchant","floor":47,"turns":4},{"damage":36,"enemies":"Giant Head","floor":48,"turns":8},{"damage":14,"enemies":"Sphere and 2 Shapes","floor":49,"turns":4},{"damage":69,"enemies":"downfall:Silent","floor":50,"turns":5}],"seed_played":"-7448171050431508428","potions_obtained":[{"floor":6,"key":"SkillPotion"},{"floor":9,"key":"Swift Potion"},{"floor":10,"key":"Slimebound:SlimedPotion"},{"floor":11,"key":"Dexterity Potion"},{"floor":14,"key":"Weak Potion"},{"floor":20,"key":"Fire Potion"},{"floor":26,"key":"LiquidBronze"},{"floor":33,"key":"Swift Potion"},{"floor":38,"key":"AttackPotion"},{"floor":39,"key":"Slimebound:SpawnSlimePotion"},{"floor":40,"key":"BlessingOfTheForge"},{"floor":48,"key":"Languid Potion"}],"is_trial":false,"path_per_floor":["R","M","M","$","?","E","T","M","M","M","M","M","R","M","M","B",null,"R","?","M","?","M","?","T","T","M","R","E","?","R","$","M","B",null,"R","M","M","M","M","M","T","?","$","E","?","R","$","E","M","B",null],"character_chosen":"SLIMEBOUND","items_purchased":["Slimebound:MegaLick","Slimebound:SamplingLick","Orrery","Eternal Feather","Apotheosis","Slimebound:SamplingLick","Slimebound:LeadByExample","Slimebound:SamplingLick+1","Slimebound:RainOfGoop","OrangePellets"],"campfire_rested":1,"item_purchase_floors":[4,4,4,31,43,43,47,47,47,47],"current_hp_per_floor":[42,43,45,46,46,49,49,53,60,60,60,59,59,60,52,36,60,60,60,48,48,62,62,62,62,62,62,54,54,54,62,48,48,62,62,62,45,57,62,39,39,39,64,59,78,78,78,74,76,46],"gold":93,"neow_bonus":"TWO_FIFTY_GOLD","is_daily":false,"chose_seed":false,"campfire_upgraded":3,"win_rate":0.0,"timestamp":1609883498,"path_taken":["R","M","M","$","?","E","T","M","M","M","M","M","R","M","M","BOSS","R","?","M","?","M","?","T","?","M","R","E","?","R","$","M","BOSS","R","M","M","M","M","M","T","?","$","E","?","R","?","E","M","BOSS"],"items_purchased_type":["Card","Card","Relic","Relic","Card","Card","Card","Card","Card","Relic"],"build_version":"2020-12-22","purchased_purges":0,"victory":true,"max_hp_per_floor":[60,60,60,60,60,60,60,60,60,60,60,60,60,60,60,60,60,60,60,60,60,62,62,62,62,62,62,62,62,62,62,62,62,62,62,62,62,62,62,62,62,62,64,64,78,78,78,78,80,80],"card_choices":[{"not_picked":["Slimebound:GrowthPunch","Slimebound:ViciousTackle"],"picked":"Slimebound:LeechEnergy","floor":2},{"not_picked":["Slimebound:HauntingLick","Slimebound:GrowthPunch"],"picked":"Slimebound:LeadByExample","floor":3},{"not_picked":["Slimebound:ProtectTheBoss","Slimebound:Repurpose"],"picked":"Slimebound:PressTheAttack","floor":4},{"not_picked":["Slimebound:Schlurp","Slimebound:BestDefense"],"picked":"Slimebound:FormOfPuddle","floor":4},{"not_picked":["Slimebound:PressTheAttack","Slimebound:FlameTackle"],"picked":"Slimebound:ViciousTackle","floor":4},{"not_picked":["Slimebound:SlimeSpikes","Slimebound:GrowthPunch"],"picked":"Slimebound:DouseInSlime","floor":4},{"not_picked":["Slimebound:SamplingLick","Slimebound:GoopSpray"],"picked":"Slimebound:SplitLeeching","floor":4},{"not_picked":["Slimebound:GoopTackle","Slimebound:LeechingTouch"],"picked":"Slimebound:SlimeTap","floor":4},{"not_picked":["Slimebound:SamplingLick","Slimebound:ComboTackle"],"picked":"Slimebound:LevelUp","floor":6},{"not_picked":["Slimebound:LeechingTouch","Slimebound:Grow"],"picked":"Slimebound:MegaLick","floor":8},{"not_picked":["Slimebound:SlimeBarrage","Slimebound:MegaLick"],"picked":"Slimebound:MassRepurpose","floor":9},{"not_picked":["Slimebound:ComboTackle","Slimebound:SplitAcid"],"picked":"Slimebound:SplitLeeching","floor":10},{"not_picked":["Slimebound:Prepare","Slimebound:SlimeSpikes"],"picked":"Slimebound:GrowthPunch","floor":11},{"not_picked":["Slimebound:DisruptingSlam","Slimebound:SlimeSpikes"],"picked":"Slimebound:SplitMire","floor":12},{"not_picked":["Slimebound:ComboTackle","Slimebound:SlimeSpikes"],"picked":"Slimebound:GoopTackle","floor":14},{"not_picked":["Slimebound:PressTheAttack","Slimebound:SplitLeeching"],"picked":"Slimebound:LeechEnergy","floor":15},{"not_picked":["Slimebound:SlimeSlap","Slimebound:DouseInSlime"],"picked":"Slimebound:DuplicatedForm","floor":16},{"not_picked":["Overencumbered","Wraith"],"picked":"animator:Curse_GriefSeed","floor":17},{"not_picked":["stsjorbsmod:Procrastination","Delirium"],"picked":"stsjorbsmod:Withering","floor":17},{"not_picked":["ReplayTheSpireMod:IOU","Looming Evil"],"picked":"Delirium","floor":17},{"not_picked":["Slimebound:PressTheAttack+1","Slimebound:GoopSpray"],"picked":"Slimebound:SplitBruiser+1","floor":20},{"not_picked":["Slimebound:SplitLeeching","Slimebound:GoopSpray","Slimebound:Chomp+1"],"picked":"Singing Bowl","floor":22},{"not_picked":["Slimebound:HungryTackle","Slimebound:DouseInSlime"],"picked":"Slimebound:ViciousTackle","floor":26},{"not_picked":["Slimebound:Schlurp","Slimebound:PressTheAttack"],"picked":"Slimebound:RollThrough","floor":28},{"not_picked":["Slimebound:GrowthPunch","Slimebound:FormOfPuddle"],"picked":"Slimebound:Schlurp+1","floor":31},{"not_picked":["Slimebound:BestDefense","Slimebound:SplitLeeching+1"],"picked":"Slimebound:RejuvenatingLick","floor":32},{"not_picked":["Slimebound:OozeBath","Slimebound:MassRepurpose"],"picked":"Slimebound:MinionMaster","floor":33},{"not_picked":["Slimebound:SplitAcid","Slimebound:SplitLeeching"],"picked":"Slimebound:GoopSpray+1","floor":36},{"not_picked":["Slimebound:SplitAcid+1","Slimebound:SplitBruiser+1"],"picked":"Slimebound:LevelUp","floor":37},{"not_picked":["Slimebound:GrowthPunch","Slimebound:PressTheAttack"],"picked":"Slimebound:ProtectTheBoss+1","floor":38},{"not_picked":["Slimebound:GrowthPunch+1","Slimebound:PressTheAttack+1"],"picked":"Slimebound:HauntingLick+1","floor":39},{"not_picked":["Slimebound:SlimeBarrage+1","Slimebound:DuplicatedForm","Slimebound:RollThrough+1"],"picked":"SKIP","floor":40},{"not_picked":["Slimebound:ComboTackle","Slimebound:PressTheAttack","Slimebound:RollThrough"],"picked":"Singing Bowl","floor":43},{"not_picked":["Slimebound:GrowthPunch+1","Slimebound:SlimeSpikes"],"picked":"Slimebound:SamplingLick+1","floor":44},{"not_picked":["Slimebound:SplitMire+1","Slimebound:TongueLash"],"picked":"Slimebound:ProtectTheBoss+1","floor":45},{"not_picked":["Slimebound:GoopSpray+1","Slimebound:HauntingLick+1"],"picked":"Slimebound:MegaLick+1","floor":47},{"not_picked":["Slimebound:SlimeTap","Slimebound:SpikyOuterGoop"],"picked":"Slimebound:SelfFormingGoo","floor":48},{"not_picked":["Slimebound:Recollect+1","Slimebound:SplitMire+1","Slimebound:SplitLeeching+1"],"picked":"Singing Bowl","floor":49}],"player_experience":825420,"relics_obtained":[{"floor":6,"key":"Anchor"},{"floor":18,"key":"Singing Bowl"},{"floor":19,"key":"Ring of Peace"},{"floor":19,"key":"Ring of Misfortune"},{"floor":24,"key":"HollowMod:PaleOreRelic"},{"floor":25,"key":"Boot"},{"floor":28,"key":"Simple Rune"},{"floor":41,"key":"Replay:Baseball"},{"floor":44,"key":"Runesmith:AutoHammer"},{"floor":45,"key":"Mango"},{"floor":48,"key":"Meat on the Bone"}],"event_choices":[{"damage_healed":0,"gold_gain":0,"player_choice":"Read","damage_taken":0,"max_hp_gain":0,"max_hp_loss":0,"event_name":"The Library","floor":21,"gold_loss":0,"cards_obtained":["Slimebound:LeechLife"]},{"damage_healed":0,"gold_gain":0,"player_choice":"Simplicity","damage_taken":0,"max_hp_gain":0,"max_hp_loss":0,"event_name":"Back to Basics","floor":23,"gold_loss":0,"cards_upgraded":["Slimebound:Strike_Slimebound","Slimebound:Strike_Slimebound","Slimebound:Strike_Slimebound","Slimebound:Defend_Slimebound","Slimebound:Defend_Slimebound","Slimebound:Defend_Slimebound"]},{"damage_healed":0,"gold_gain":0,"player_choice":"Stole Relic","damage_taken":0,"relics_obtained":["MealTicket"],"max_hp_gain":0,"max_hp_loss":0,"event_name":"Addict","floor":29,"gold_loss":0,"cards_obtained":["Shame"]}],"is_beta":false,"boss_relics":[{"not_picked":["downfall:Hecktoplasm","Black Star"],"picked":"Replay:Ancient Bell"},{"not_picked":["Orichalcum","Bag of Marbles"],"picked":"War Paint"},{"not_picked":["Frozen Egg 2","Kunai"],"picked":"Runesmith:Nanobots"},{"not_picked":["Turnip","Thread and Needle"],"picked":"Lizard Tail"},{"not_picked":["ReplayTheSpireMod:DimensionalGlitch","Runesmith:UraniumAnvil"],"picked":"Fusion Hammer"}],"items_purged_floors":[],"is_endless":false,"potions_floor_spawned":[6,9,10,11,14,20,26,33,38,39,40,48],"ascension_level":3}}