{"host":"9a77juz3tt2jjxfq","time":1609888130,"event":{"mods":["Abigail Mod","Act Like it!","Aspiration","Bartender","BaseMod","Better Third Choice","CapriCore","Colored Map","Colored Powertips","Conspire","Curses Come First","DeckTracker","Dota2Spire","Downfall","Elementarium","Energized Spire","Friendly Minions","Gensokyo","GifTheSpireLib","Halation","Hallownest","Hubris","Infinite Spire","JesterMod","Kiyohime????","Koishi","Luminous","Mad Scientist","Marisa????????","Minty Spire (QoL Compilation)","Pale of the Ancients","Permanent Neow","Prisma Mod","Quarter Circle Forward PUNCH!","Quick Restart","Random Character Button","Rare Cards Sparkle","Reimu??????","Relic Sorter","Relic Stats","Replay The Spire","RumiaBox-????????","Shop Mod","Spicy Shops","Spikes Relics","StSLib","Stuff the Spire","The Alterego","The Animator","The Blue Laboratory","The Construct","The Factory","The Gatherer","The Immortal","The Jungle","The Marked","The Necromancer","The Servant 0.9.4","Transform Curses","Wandering Minibosses","WarShipGirlsR/????R mod","Yakumo Yukari mod","Yuri Mod","Yuyuko","vexMod"],"gold_per_floor":[113,113,128,7,7,7,41,41,41,68,85,85,19,43,141,237,237,247,247,49,63,63,92,92,108,108,123,123,36,48,6,6,105,105,17,17,32,32,48,48,323,323,323,235,247,247,247,247],"floor_reached":47,"playtime":12783,"items_purged":["Strike_P"],"score":653,"play_id":"4faca1eb-32f5-4072-875f-0d42c26b4126","local_time":"20210105130850","is_ascension_mode":false,"campfire_choices":[{"data":"EmptyMind","floor":6.0,"key":"SMITH"},{"data":"hubris:TrickCloak","floor":8.0,"key":"SMITH"},{"floor":12.0,"key":"REST"},{"floor":24.0,"key":"REST"},{"floor":32.0,"key":"REST"},{"floor":40,"key":"REST"},{"floor":42,"key":"REST"}],"circlet_count":0,"master_deck":["Strike_P","Strike_P","Strike_P","Defend_P","Defend_P","Defend_P","Eruption+1","Vigilance","Apotheosis+1","Prostrate","WindmillStrike","ReplayTheSpireMod:IOU","EmptyMind","EmptyMind+1","ReplayTheSpireMod:IOU","Tantrum","ReachHeaven","ReplayTheSpireMod:From All Sides+1","hubris:Counter","hubris:TrickCloak+1","SpiritShield","Adaptation","Terror","PlatinumSkin","FlyingSleeves+1","ReplayTheSpireMod:IOU","ReplayTheSpireMod:IOU","ClearTheMind","DeceiveReality","Poison Darts","EmptyBody+1","DeusExMachina","Poison Darts","MentalFortress+1","MentalFortress","Prostrate","Collect","DeusExMachina","ReplayTheSpireMod:IOU","ReplayTheSpireMod:IOU","Injury","expansioncontent:CaCaw+1","Study","FlurryOfBlows","Poison Darts","hubris:Lust","Doubt","Hallownest:curseDreamersLament","Indignation+1","Replay:Anticipation","Deadly Poison","Parasite","MentalFortress","Regret","ReachHeaven","Prostrate+1"],"relics":["PureWater","Replay:Wax Seal","Blue Doll","StuffTheSpire:Barrel","Replay:Bottled Steam","hubris:DisguiseKit","Guide Book","Replay:Mystery Machine","Fusion Hammer","DollysMirror","Ccalipers","halation:TwoAmDonut","Pocketwatch","Nunchaku","HandDrill","Replay:Ancient Bell","qcfpunch:Red_Headband","The Courier","Unceasing Top","Mango"],"acts_visited":["Exordium","TheCity","TheBeyond"],"potions_floor_usage":[47,47,47],"damage_taken":[{"damage":1.0,"enemies":"Hallownest:2_Tiktiks_and_1_Crawlid","floor":1.0,"turns":5.0},{"damage":1.0,"enemies":"Hallownest:2_Baldur","floor":3.0,"turns":4.0},{"damage":1.0,"enemies":"Hallownest:eliteVengeflyKing","floor":7.0,"turns":5.0},{"damage":38.0,"enemies":"Hallownest:eliteCrystalGuardian","floor":10.0,"turns":4.0},{"damage":4.0,"enemies":"Hallownest:2_MossCreeps","floor":11.0,"turns":4.0},{"damage":34.0,"enemies":"Hallownest:BossBrokenVessel","floor":16.0,"turns":6.0},{"damage":15.0,"enemies":"3 Byrds","floor":18.0,"turns":5.0},{"damage":5.0,"enemies":"Chosen","floor":21.0,"turns":4.0},{"damage":43.0,"enemies":"Nightmare","floor":23.0,"turns":4.0},{"damage":21.0,"enemies":"Snake Plant","floor":25.0,"turns":4.0},{"damage":6.0,"enemies":"Shelled Parasite and Fungi","floor":27.0,"turns":4.0},{"damage":0.0,"enemies":"Centurion and Healer","floor":29.0,"turns":1.0},{"damage":2.0,"enemies":"Snecko","floor":30.0,"turns":3.0},{"damage":34.0,"enemies":"hubris:MusketHawk","floor":33.0,"turns":5.0},{"damage":11.0,"enemies":"Orb Walker","floor":35.0,"turns":4.0},{"damage":5.0,"enemies":"3 Shapes","floor":37.0,"turns":3.0},{"damage":9,"enemies":"Writhing Mass","floor":39,"turns":4},{"damage":10,"enemies":"4 Shapes","floor":44,"turns":4},{"damage":15,"enemies":"Maw","floor":45,"turns":5},{"damage":87,"enemies":"Reptomancer","floor":47,"turns":3}],"seed_played":"-6455851624024304699","potions_obtained":[{"floor":1.0,"key":"blueLaboratory:FaithlessPotion"},{"floor":3.0,"key":"Strength Potion"},{"floor":23.0,"key":"Block Potion"},{"floor":25.0,"key":"Languid Potion"},{"floor":30.0,"key":"Strength Potion"},{"floor":33.0,"key":"blueLaboratory:BubblePotion"},{"floor":37.0,"key":"blueLaboratory:PolymorphPotion"},{"floor":39,"key":"Energy Potion"},{"floor":45,"key":"blueLaboratory:AlphaPotion"}],"is_trial":false,"path_per_floor":["M","?","M","$","?","R","E","R","T","E","M","R","$","T","R_BF","B",null,"M","?","$","M","?","NM","R","M","T","M","AVR","M","M","$","R","B",null,"M","?","M","?","M","R","?","R","T","M","M","?","E"],"character_chosen":"WATCHER","items_purchased":["Replay:Wax Seal","Blue Doll","EmptyMind","Tantrum","ReachHeaven","PlatinumSkin","FlyingSleeves+1","Guide Book","ClearTheMind","DeceiveReality","DollysMirror","MentalFortress+1","Nunchaku","HandDrill","expansioncontent:CaCaw+1","Study","FlurryOfBlows"],"campfire_rested":5,"item_purchase_floors":[4,4,4,4,4,13,13,13,13,13,20,20,31,31,31,31,31],"current_hp_per_floor":[71,71,70,70,70,70,69,69,69,39,35,56,56,56,56,22,72,57,57,57,60,60,17,38,17,17,11,11,19,25,25,46,20,72,69,69,72,72,71,72,72,72,86,76,61,86,0,0],"gold":247,"neow_bonus":"RANDOM_COLORLESS_2","is_daily":false,"chose_seed":false,"campfire_upgraded":2,"win_rate":0.0,"timestamp":1609888130,"path_taken":["M","?","M","$","?","R","E","R","T","E","M","R","?","?","R_BF","BOSS","M","?","?","M","?","NM","R","M","T","M","AVR","M","M","$","R","BOSS","M","?","M","?","M","R","?","R","T","?","M","?","E"],"items_purchased_type":["Relic","Relic","Card","Card","Card","Card","Card","Relic","Card","Card","Relic","Card","Relic","Relic","Card","Card","Card"],"build_version":"2020-12-22","purchased_purges":1,"victory":false,"max_hp_per_floor":[72,72,72,72,72,72,72,72,72,72,72,72,72,72,72,72,72,72,72,72,72,72,72,72,72,72,72,72,72,72,72,72,72,72,72,72,72,72,72,72,72,72,86,86,86,86,86,86],"relic_stats":{"Nunchaku":[3],"counters":[20,81],"HandDrill":[4],"obtain_stats":[{"hubris:DisguiseKit":10,"StuffTheSpire:Barrel":7,"Guide Book":13,"Blue Doll":4,"Mango":43,"The Courier":34,"Replay:Ancient Bell":34,"Replay:Mystery Machine":14,"Nunchaku":31,"DollysMirror":20,"Ccalipers":23,"Fusion Hammer":17,"HandDrill":31,"qcfpunch:Red_Headband":34,"halation:TwoAmDonut":26,"PureWater":0,"Replay:Wax Seal":4,"Unceasing Top":34,"Replay:Bottled Steam":9,"Pocketwatch":28},{"hubris:DisguiseKit":4,"StuffTheSpire:Barrel":3,"Guide Book":5,"Blue Doll":2,"Mango":17,"The Courier":14,"Replay:Ancient Bell":14,"Replay:Mystery Machine":5,"Nunchaku":13,"DollysMirror":7,"Ccalipers":9,"Fusion Hammer":6,"HandDrill":13,"qcfpunch:Red_Headband":14,"halation:TwoAmDonut":10,"PureWater":0,"Replay:Wax Seal":2,"Unceasing Top":14,"Replay:Bottled Steam":3,"Pocketwatch":11},{"hubris:DisguiseKit":18,"StuffTheSpire:Barrel":14,"Guide Book":22,"Blue Doll":9,"Mango":69,"The Courier":58,"Replay:Ancient Bell":58,"Replay:Mystery Machine":22,"Nunchaku":53,"DollysMirror":33,"Ccalipers":41,"Fusion Hammer":28,"HandDrill":53,"qcfpunch:Red_Headband":58,"halation:TwoAmDonut":45,"PureWater":0,"Replay:Wax Seal":9,"Unceasing Top":58,"Replay:Bottled Steam":14,"Pocketwatch":49}],"Unceasing Top":[1],"Pocketwatch":[28]},"card_choices":[{"not_picked":["Secret Technique","Magnetism"],"picked":"Apotheosis","floor":0.0},{"not_picked":["Fasting2","ThirdEye"],"picked":"Prostrate","floor":1.0},{"not_picked":["Evaluate","CutThroughFate"],"picked":"WindmillStrike","floor":3.0},{"not_picked":["EmptyFist","InnerPeace"],"picked":"SpiritShield","floor":7.0},{"not_picked":["Protect","CrushJoints"],"picked":"Adaptation","floor":10.0},{"not_picked":["Prostrate","FlyingSleeves","Halt"],"picked":"Terror","floor":11.0},{"not_picked":["Alpha","Vault","Ragnarok"],"picked":"Poison Darts","floor":16.0},{"not_picked":["ThirdEye+1","Crescendo","hubris:SlightOfHand"],"picked":"EmptyBody+1","floor":18.0},{"not_picked":["Replay:ManipulateFuture","Wireheading","StuffTheSpire:Injection"],"picked":"MentalFortress","floor":21.0},{"not_picked":["FlyingSleeves","Adaptation","Outmaneuver"],"picked":"Prostrate","floor":23.0},{"not_picked":["Consecrate","Wallop","Poisoned Stab"],"picked":"Collect","floor":25.0},{"not_picked":["PathToVictory","ThirdEye","FearNoEvil","Distraction"],"picked":"SKIP","floor":27.0},{"not_picked":["Evaluate","Crescendo+1","Concentrate"],"picked":"DeusExMachina","floor":29.0},{"not_picked":["Fasting2","Replay:BluntJabs","Adaptation","Bane"],"picked":"SKIP","floor":30.0},{"not_picked":["Fasting2","Replay:BluntJabs","Adaptation","Bane"],"picked":"SKIP","floor":30.0},{"not_picked":["LessonLearned","MasterReality","Alpha"],"picked":"Poison Darts","floor":33.0},{"not_picked":["Voices","Gensokyo:AllTheWorldsEvil","sneckomod:Bewildered"],"picked":"hubris:Lust","floor":34.0},{"not_picked":["animator:Curse_Nutcracker","Spreading Infection","Replay:Hysterical Blindness"],"picked":"Doubt","floor":34.0},{"not_picked":["Overencumbered","Replay:Hysterical Blindness","Poor:ReiMu"],"picked":"Hallownest:curseDreamersLament","floor":34.0},{"not_picked":["Consecrate","Evaluate","Predator"],"picked":"Indignation+1","floor":35.0},{"not_picked":[],"picked":"Replay:Anticipation","floor":36.0},{"not_picked":["CrushJoints","JustLucky","FollowUp"],"picked":"Deadly Poison","floor":37.0},{"not_picked":["SashWhip","Replay:AtTheReady","Choke"],"picked":"MentalFortress","floor":39},{"not_picked":["Protect","Replay:Cycle+1","Bane"],"picked":"ReachHeaven","floor":44},{"not_picked":["Weave+1","Consecrate+1","Escape Plan"],"picked":"Prostrate+1","floor":45}],"player_experience":1061605,"relics_obtained":[{"floor":7.0,"key":"StuffTheSpire:Barrel"},{"floor":9.0,"key":"Replay:Bottled Steam"},{"floor":10.0,"key":"hubris:DisguiseKit"},{"floor":14.0,"key":"Replay:Mystery Machine"},{"floor":23.0,"key":"Ccalipers"},{"floor":26.0,"key":"halation:TwoAmDonut"},{"floor":43,"key":"Mango"}],"event_choices":[{"damage_healed":0.0,"max_hp_gain":0.0,"max_hp_loss":0.0,"gold_gain":0.0,"event_name":"Match and Keep!","player_choice":"1 cards matched","floor":19.0,"gold_loss":0.0,"damage_taken":0.0,"cards_obtained":["DeusExMachina"]},{"damage_healed":0,"gold_gain":0,"player_choice":"Leave","damage_taken":0,"max_hp_gain":0,"max_hp_loss":0,"event_name":"conspire:Investor","floor":38,"gold_loss":0},{"damage_healed":0,"gold_gain":275,"player_choice":"Desecrate","damage_taken":0,"max_hp_gain":0,"max_hp_loss":0,"event_name":"Golden Shrine","floor":41,"gold_loss":0,"cards_obtained":["Regret"]},{"damage_healed":25,"gold_gain":0,"player_choice":"Full Heal","damage_taken":0,"max_hp_gain":0,"max_hp_loss":0,"event_name":"Wheel of Change","floor":46,"gold_loss":0}],"is_beta":false,"boss_relics":[{"not_picked":["qcfpunch:Killian_Engine_Alpha","vexMod:CursedCompass"],"picked":"Fusion Hammer"},{"not_picked":["aspiration:SilentSkillbook","Empty Cage"],"picked":"Replay:Ancient Bell"},{"not_picked":["infinitespire:Satchel","vexMod:MemoryStick"],"picked":"qcfpunch:Red_Headband"},{"not_picked":["Replay:Bottled Eggs","hubris:MysteriousPyramids"],"picked":"The Courier"},{"not_picked":["Pocketwatch","infinitespire:Lychee Nut"],"picked":"Unceasing Top"}],"items_purged_floors":[28],"is_endless":true,"potions_floor_spawned":[1,3,23,25,30,33,37,39,45],"killed_by":"Reptomancer","ascension_level":0}}