{"host":"Ian","time":1609839378,"event":{"mods":["BaseMod","Bestiary","Block Reminder","Colored Map","Highlight Path","Key Reminder","Minty Spire (QoL Compilation)","Relic Stats"],"gold_per_floor":[368,368,388,408,43,69,69,95,95,95,129,129,145,163,163,237,237,216,232,248,263,56,56,90,100,150,150,162,77,77,109,109,188,188,199,199,215,140,159,159,159,159,159],"floor_reached":42,"playtime":2775,"items_purged":["Twin Strike"],"score":916,"play_id":"1dd9070b-be69-4d8b-9da0-ff3eebc58275","local_time":"20210105093618","is_ascension_mode":true,"campfire_choices":[{"floor":10.0,"key":"REST"},{"floor":12.0,"key":"REST"},{"floor":15.0,"key":"REST"},{"data":"Apotheosis","floor":23.0,"key":"SMITH"},{"floor":30.0,"key":"REST"},{"floor":32,"key":"REST"},{"data":"Cleave","floor":40,"key":"PURGE"}],"circlet_count":0,"master_deck":["AscendersBane","Bash+1","Pommel Strike","Metallicize","Fire Breathing","Second Wind","Wild Strike","Impervious","Corruption","Battle Trance","Dual Wield","Power Through","Burning Pact","Fiend Fire","Power Through","Whirlwind","Shrug It Off","Flame Barrier","Apotheosis+1","Thunderclap","Offering+1","Warcry+1","Warcry+1"],"relics":["Burning Blood","Singing Bowl","Bag of Marbles","Bottled Flame","Paper Frog","Peace Pipe","Pandora\u0027s Box","Toxic Egg 2","keyreminder:keyreminder","Darkstone Periapt","Ancient Tea Set","Fusion Hammer"],"acts_visited":["Exordium","TheCity","TheBeyond"],"potions_floor_usage":[31,42,42],"damage_taken":[{"damage":2.0,"enemies":"Small Slimes","floor":1.0,"turns":4.0},{"damage":1.0,"enemies":"Cultist","floor":3.0,"turns":3.0},{"damage":7.0,"enemies":"Jaw Worm","floor":4.0,"turns":5.0},{"damage":43.0,"enemies":"Lagavulin","floor":6.0,"turns":9.0},{"damage":27.0,"enemies":"3 Sentries","floor":8.0,"turns":5.0},{"damage":29.0,"enemies":"Gremlin Nob","floor":11.0,"turns":4.0},{"damage":10.0,"enemies":"Blue Slaver","floor":13.0,"turns":4.0},{"damage":10.0,"enemies":"Exordium Thugs","floor":14.0,"turns":3.0},{"damage":38.0,"enemies":"Slime Boss","floor":16.0,"turns":9.0},{"damage":7.0,"enemies":"2 Thieves","floor":18.0,"turns":4.0},{"damage":15.0,"enemies":"Shell Parasite","floor":19.0,"turns":5.0},{"damage":0.0,"enemies":"Snake Plant","floor":20.0,"turns":4.0},{"damage":26.0,"enemies":"Cultist and Chosen","floor":21.0,"turns":5.0},{"damage":22.0,"enemies":"Gremlin Leader","floor":24.0,"turns":6.0},{"damage":0.0,"enemies":"Centurion and Healer","floor":25.0,"turns":5.0},{"damage":7.0,"enemies":"Snecko","floor":28.0,"turns":7.0},{"damage":23,"enemies":"Slavers","floor":31,"turns":4},{"damage":18,"enemies":"Collector","floor":33,"turns":7},{"damage":19,"enemies":"3 Darklings","floor":35,"turns":3},{"damage":0,"enemies":"3 Shapes","floor":37,"turns":5},{"damage":8,"enemies":"Sphere and 2 Shapes","floor":39,"turns":5},{"damage":73,"enemies":"Giant Head","floor":42,"turns":6}],"seed_played":"9076364040899525328","potions_obtained":[{"floor":1.0,"key":"Weak Potion"},{"floor":3.0,"key":"SneckoOil"},{"floor":4.0,"key":"DuplicationPotion"},{"floor":11.0,"key":"FearPotion"},{"floor":20.0,"key":"ColorlessPotion"},{"floor":21.0,"key":"Swift Potion"},{"floor":28.0,"key":"SteroidPotion"},{"floor":37,"key":"Fruit Juice"}],"is_trial":false,"path_per_floor":["M","?","M","M","$","E","$","E","T","R","E","R","M","M","R","B",null,"M","M","M","M","$","R","E","M","T","?","M","?","R","E","R","B",null,"M","?","M","$","M","R","$","E"],"character_chosen":"IRONCLAD","items_purchased":["Fire Breathing","Singing Bowl","Apotheosis"],"campfire_rested":5,"item_purchase_floors":[5,5,22],"current_hp_per_floor":[68,68,68,67,67,30,30,11,11,32,11,32,28,24,45,13,57,58,49,57,37,37,37,21,29,29,29,28,28,51,36,60,50,74,61,61,69,69,67,67,67,0,0],"gold":159,"neow_bonus":"TWO_FIFTY_GOLD","is_daily":false,"chose_seed":false,"campfire_upgraded":1,"win_rate":0.0,"timestamp":1609839378,"path_taken":["M","?","M","M","$","E","?","E","T","R","E","R","M","?","R","BOSS","M","M","M","M","$","R","E","M","T","?","M","?","R","E","R","BOSS","M","?","M","?","M","R","$","E"],"items_purchased_type":["Card","Relic","Card"],"build_version":"2020-12-18","purchased_purges":1,"victory":false,"max_hp_per_floor":[68,68,68,68,68,68,68,70,70,70,72,72,72,72,72,72,72,74,74,76,76,76,76,76,78,78,78,78,78,78,80,80,82,82,82,82,84,84,84,84,84,89,89],"relic_stats":{"Peace Pipe":1,"Darkstone Periapt":0,"Singing Bowl":16,"counters":[22,112],"Pandora\u0027s Box":["Battle Trance","Dual Wield","Power Through","Burning Pact","Fiend Fire","Power Through","Inflame","Whirlwind","Twin Strike"],"obtain_stats":[{"Peace Pipe":11,"keyreminder:keyreminder":26,"Darkstone Periapt":29,"Bottled Flame":8,"Singing Bowl":5,"Pandora\u0027s Box":17,"Fusion Hammer":34,"Bag of Marbles":6,"Toxic Egg 2":24,"Ancient Tea Set":31,"Burning Blood":0,"Paper Frog":9},{"Peace Pipe":6,"keyreminder:keyreminder":15,"Darkstone Periapt":16,"Bottled Flame":5,"Singing Bowl":3,"Pandora\u0027s Box":9,"Fusion Hammer":18,"Bag of Marbles":4,"Toxic Egg 2":14,"Ancient Tea Set":17,"Burning Blood":0,"Paper Frog":5},{"Peace Pipe":30,"keyreminder:keyreminder":75,"Darkstone Periapt":82,"Bottled Flame":26,"Singing Bowl":12,"Pandora\u0027s Box":46,"Fusion Hammer":93,"Bag of Marbles":21,"Toxic Egg 2":70,"Ancient Tea Set":86,"Burning Blood":0,"Paper Frog":26}],"Burning Blood":117},"card_choices":[{"not_picked":["Perfected Strike","Thunderclap"],"picked":"Pommel Strike","floor":1.0},{"not_picked":["Pommel Strike","Twin Strike"],"picked":"Metallicize","floor":3.0},{"not_picked":["Warcry","Shrug It Off"],"picked":"Cleave","floor":4.0},{"not_picked":["Dual Wield","Warcry"],"picked":"Second Wind","floor":6.0},{"not_picked":["Searing Blow","Perfected Strike","Heavy Blade"],"picked":"Singing Bowl","floor":8.0},{"not_picked":["Sentinel","Spot Weakness","Iron Wave"],"picked":"Singing Bowl","floor":11.0},{"not_picked":["Inflame","Headbutt"],"picked":"Wild Strike","floor":13.0},{"not_picked":["True Grit","Warcry"],"picked":"Impervious","floor":14.0},{"not_picked":["Offering","Berserk"],"picked":"Corruption","floor":16.0},{"not_picked":["Heavy Blade","Twin Strike","Body Slam"],"picked":"Singing Bowl","floor":18.0},{"not_picked":["Dropkick","Body Slam+1"],"picked":"Shrug It Off","floor":19.0},{"not_picked":["Inflame","Armaments","Reckless Charge"],"picked":"Singing Bowl","floor":20.0},{"not_picked":["Hemokinesis","Clothesline"],"picked":"Flame Barrier","floor":21.0},{"not_picked":["Anger","Clash"],"picked":"Thunderclap","floor":24.0},{"not_picked":["Rupture","Cleave","Heavy Blade"],"picked":"Singing Bowl","floor":25.0},{"not_picked":["Twin Strike","Clash"],"picked":"Offering+1","floor":28.0},{"not_picked":["Flex+1","Thunderclap","Pommel Strike"],"picked":"Singing Bowl","floor":31},{"not_picked":["Berserk","Corruption","Brutality"],"picked":"Singing Bowl","floor":33},{"not_picked":["Thunderclap","Combust"],"picked":"Warcry+1","floor":35},{"not_picked":["Sword Boomerang","Dropkick","Spot Weakness+1"],"picked":"Singing Bowl","floor":37},{"not_picked":["Body Slam","Havoc+1"],"picked":"Warcry+1","floor":39}],"player_experience":2628347,"relics_obtained":[{"floor":6.0,"key":"Bag of Marbles"},{"floor":8.0,"key":"Bottled Flame"},{"floor":9.0,"key":"Paper Frog"},{"floor":11.0,"key":"Peace Pipe"},{"floor":24.0,"key":"Toxic Egg 2"},{"floor":31,"key":"Ancient Tea Set"}],"event_choices":[{"damage_healed":0.0,"max_hp_gain":0.0,"max_hp_loss":0.0,"gold_gain":0.0,"event_name":"Upgrade Shrine","player_choice":"Upgraded","floor":2.0,"gold_loss":0.0,"damage_taken":0.0,"cards_upgraded":["Bash"]},{"damage_healed":0.0,"max_hp_gain":0.0,"max_hp_loss":0.0,"gold_gain":0.0,"event_name":"Ghosts","player_choice":"Ignored","floor":27.0,"gold_loss":0.0,"damage_taken":0.0},{"damage_healed":0.0,"max_hp_gain":0.0,"max_hp_loss":0.0,"gold_gain":0.0,"event_name":"Addict","player_choice":"Obtained Relic","floor":29.0,"gold_loss":85.0,"damage_taken":0.0,"relics_obtained":["Darkstone Periapt"]},{"cards_removed":["Inflame"],"damage_healed":0,"gold_gain":0,"player_choice":"Removed Power","damage_taken":0,"max_hp_gain":0,"max_hp_loss":0,"event_name":"Falling","floor":36,"gold_loss":0}],"is_beta":true,"boss_relics":[{"not_picked":["Black Blood","Empty Cage"],"picked":"Pandora\u0027s Box"},{"not_picked":["SlaversCollar","Snecko Eye"],"picked":"Fusion Hammer"}],"items_purged_floors":[38],"is_endless":false,"potions_floor_spawned":[1,3,4,11,20,21,28,37],"killed_by":"Giant Head","ascension_level":20}}