{"host":"ig7tc0uedzltt2sr","time":1609830912,"event":{"mods":["BaseMod","Better Twitch Integration","Block Reminder","Colored Map","Colored Powertips","Communication Mod","Current Relic Mod","GifTheSpireLib","HexUI Lib","Minty Spire (QoL Compilation)","Quick Restart","Random Character Button","Rare Cards Sparkle","Relic Sorter","Relic Stats","Slay the Relics Exporter","StSLib","SuperFastMode","Synergy Search","Twitch Decklist","Twitch Utils","everything is the same but u backflip on backflip","slay the spire mod where everything is the same but ironclad has a cowboy hat"],"gold_per_floor":[112,112,112,112,135,135,158,158,158,177,172,195,195,208,208,208,208],"floor_reached":16,"playtime":92,"items_purged":[],"score":92,"play_id":"1b276310-e0ac-4648-ab3d-2413c5ad541f","local_time":"20210104231512","is_ascension_mode":false,"campfire_choices":[{"floor":6,"key":"REST"},{"data":"Strike_R","floor":8,"key":"SMITH"},{"data":"Defend_R","floor":15,"key":"SMITH"}],"circlet_count":0,"master_deck":["Strike_R+1","Strike_R","Strike_R","Strike_R","Strike_R","Defend_R+1","Defend_R","Defend_R","Defend_R","Bash","Mayhem","Spot Weakness","Injury","Flame Barrier","Spot Weakness","Armaments","Reaper"],"relics":["Burning Blood","Golden Idol","Nunchaku","Pear"],"acts_visited":["Exordium"],"potions_floor_usage":[],"damage_taken":[{"damage":21,"enemies":"Cultist","floor":1,"turns":7},{"damage":35,"enemies":"2 Louse","floor":5,"turns":7},{"damage":11,"enemies":"Jaw Worm","floor":10,"turns":7},{"damage":18,"enemies":"Exordium Thugs","floor":11,"turns":5},{"damage":9,"enemies":"Blue Slaver","floor":12,"turns":4},{"damage":0,"enemies":"2 Fungi Beasts","floor":14,"turns":4},{"damage":50,"enemies":"Slime Boss","floor":16,"turns":6}],"seed_played":"-2002979724439666534","potions_obtained":[{"floor":1,"key":"FearPotion"},{"floor":10,"key":"Explosive Potion"},{"floor":11,"key":"Fire Potion"},{"floor":12,"key":"Strength Potion"}],"is_trial":false,"path_per_floor":["M","?","$","?","M","R","T","R","T","M","M","M","$","M","R","B"],"character_chosen":"IRONCLAD","items_purchased":[],"campfire_rested":1,"item_purchase_floors":[],"current_hp_per_floor":[57,57,57,57,28,49,49,49,59,54,42,39,39,45,45,0,0],"gold":208,"neow_bonus":"RANDOM_COLORLESS_2","is_daily":false,"chose_seed":false,"campfire_upgraded":2,"win_rate":0.0,"timestamp":1609830912,"path_taken":["M","?","$","?","M","R","?","R","T","?","M","M","?","M","R","BOSS"],"items_purchased_type":[],"build_version":"2020-12-22","purchased_purges":0,"victory":false,"max_hp_per_floor":[72,72,72,72,72,72,72,72,82,82,82,82,82,82,82,82,82],"relic_stats":{"Nunchaku":[2],"counters":[7,40],"Golden Idol":22,"obtain_stats":[{"Nunchaku":7,"Pear":9,"Golden Idol":4,"Burning Blood":0},{"Nunchaku":2,"Pear":2,"Golden Idol":1,"Burning Blood":0},{"Nunchaku":14,"Pear":14,"Golden Idol":7,"Burning Blood":0}],"Burning Blood":36},"card_choices":[{"not_picked":["Sadistic Nature","Thinking Ahead"],"picked":"Mayhem","floor":0},{"not_picked":["Body Slam","Heavy Blade"],"picked":"Spot Weakness","floor":1},{"not_picked":["Armaments","Feel No Pain"],"picked":"Flame Barrier","floor":5},{"not_picked":["Pommel Strike","Clash","Shrug It Off"],"picked":"SKIP","floor":10},{"not_picked":["Heavy Blade","Sword Boomerang"],"picked":"Spot Weakness","floor":11},{"not_picked":["Headbutt","Warcry"],"picked":"Armaments","floor":12},{"not_picked":["Clothesline","Thunderclap"],"picked":"Reaper","floor":14}],"player_experience":1430546,"relics_obtained":[{"floor":7,"key":"Nunchaku"},{"floor":9,"key":"Pear"}],"event_choices":[{"damage_healed":0,"gold_gain":0,"player_choice":"Ignored","damage_taken":0,"max_hp_gain":0,"max_hp_loss":0,"event_name":"Liars Game","floor":2,"gold_loss":0},{"damage_healed":0,"gold_gain":0,"player_choice":"Take Wound","damage_taken":0,"relics_obtained":["Golden Idol"],"max_hp_gain":0,"max_hp_loss":0,"event_name":"Golden Idol","floor":4,"gold_loss":0,"cards_obtained":["Injury"]}],"is_beta":false,"boss_relics":[],"items_purged_floors":[],"is_endless":false,"potions_floor_spawned":[1,10,11,12],"killed_by":"Slime Boss","ascension_level":0}}