{"host":"acczert1kscx59ut","time":1609829256,"event":{"mods":["AchievementEnabler","Act Like it!","Aspiration","Astrologer","BaseMod","Beaked The Cultist","BetterRewards","Conspire","Decade(???)","Dio Mod","Downfall","Duelist Mod","Elementarium","Gensokyo","GifTheSpireLib","Glutton Mod","Gold Saver","Gremlin Mod","GungeonMod","Hallownest","Hermit","Hero for Fun","Hubris","Infinite Spire","Jorbs\u0027s Wanderer Trilogy","Koishi","Lobotomy","LobotomyExtend","Magitek Elite","Melee Mod","Minty Spire (QoL Compilation)","Quick Restart","Replay The Spire","Robot Space Explorer","Shade Mod","Shedinja","Shop Mod","Somnambulant","Spicy Shops","StSLib","Stuff the Spire","SuperFastMode","Td1madao Mod","The Animator","The Blackbeard","The Bug Knight","The Clintock","The Construct","The Cursed","The Disciple","The Dragon Tamer","The Exalted","The Factory","The Forsaken","The Gatherer","The Hayseed","The Hierophant","The Jungle","The Kombatant","The Necromancer","The Problem Sleuth","The Runesmith","The Showman","The Valiant","The Vixen","The Wild Card","TheFirefly","thorton","vexMod"],"gold_per_floor":[881,898,898,913,926,952,952,952,979,1004,432,460,471,29,29,129,129,144,144,159,127,147,175,185,201,201,56,106,106,106],"floor_reached":29,"playtime":2128,"items_purged":[],"score":365,"play_id":"dfee27df-5cfe-43a2-a53a-a9d329d45dc9","local_time":"20210105014736","is_ascension_mode":false,"metric_token":4435,"campfire_choices":[{"floor":7,"key":"REST"},{"floor":15,"key":"REST"}],"dtmod_dragon_data":[33,50,3,-1,14,0],"circlet_count":0,"master_deck":["DTMod:Strike","DTMod:Strike","DTMod:Strike","DTMod:Strike","DTMod:DoubleHit","DTMod:TargetDefense","DTMod:TargetDefense","DTMod:TargetDefense","DTMod:TargetDefense","DTMod:SwitchingTactic","DTMod:ComboAttack","DTMod:LightShield","DTMod:ComboAttack","DTMod:OpeningTactic","DTMod:MasterPlan","StuffTheSpire:CuriosityCurse","DTMod:Observe","DTMod:Harmonize","DTMod:Training","DTMod:MaximumCharge","DTMod:StarRain","DTMod:HeadStart","DTMod:BuildUp+1","DTMod:StarRain","DTMod:WarmUp","DTMod:Observe","DTMod:ForkedFire+1","DTMod:DarkBreath","DTMod:WarmUp+1"],"relics":["DTMod:PactStone","aspiration:Nostalgia","thethorton:CouragePotion","LetterFromLob","Replay:Bottled Steam","infinitespire:PuzzleCube","Juzu Bracelet","Dream Catcher","ReplayTheSpireMod:TigerMarble","vexMod:Spyglass","Lee\u0027s Waffle","MerchantsRug","Bromod:ArcaneAwakening","thethorton:BrokenCalculator","Chemical X","thethorton:CrushedCigarette","vexMod:FocusSash","Darkstone Periapt","DTMod:OddArmor"],"acts_visited":["Exordium","TheCity"],"potions_floor_usage":[16],"damage_taken":[{"damage":0,"enemies":"Jaw Worm","floor":1,"turns":4},{"damage":0,"enemies":"2 Louse","floor":2,"turns":2},{"damage":7,"enemies":"infinitespire:Voidling","floor":4,"turns":4},{"damage":0,"enemies":"2 Fungi Beasts","floor":5,"turns":5},{"damage":18,"enemies":"Lagavulin","floor":6,"turns":10},{"damage":0,"enemies":"3 Sentries","floor":10,"turns":7},{"damage":0,"enemies":"Gremlin Nob","floor":12,"turns":5},{"damage":0,"enemies":"Red Slaver","floor":13,"turns":3},{"damage":1,"enemies":"Hexaghost","floor":16,"turns":11},{"damage":0,"enemies":"Chosen","floor":18,"turns":3},{"damage":0,"enemies":"3 Byrds","floor":20,"turns":5},{"damage":0,"enemies":"Shelled Parasite and Fungi","floor":22,"turns":2},{"damage":34,"enemies":"Gremlin Leader","floor":23,"turns":5},{"damage":10,"enemies":"Snake Plant","floor":24,"turns":2},{"damage":0,"enemies":"Snecko","floor":25,"turns":1},{"damage":13,"enemies":"Shelled Parasite and Fungi","floor":29,"turns":1}],"seed_played":"-2398045433580602858","potions_obtained":[{"floor":2,"key":"Fire Potion"},{"floor":4,"key":"Dexterity Potion"},{"floor":12,"key":"champ:CounterPotion"},{"floor":16,"key":"champ:CounterPotion"},{"floor":18,"key":"construct:ShiftPotion"},{"floor":23,"key":"Elixir"}],"is_trial":false,"path_per_floor":["M","M","?","M","M","E","R","?","T","E","$","E","M","$","R","B",null,"M","M","M","$","M","E","M","M","T","$","?","M"],"character_chosen":"THE_DT","items_purchased":["ReplayTheSpireMod:TigerMarble","vexMod:Spyglass","Lee\u0027s Waffle","MerchantsRug","thethorton:BrokenCalculator","Chemical X","DTMod:MaximumCharge","DTMod:WarmUp","DTMod:OddArmor"],"campfire_rested":2,"item_purchase_floors":[11,11,11,11,14,14,14,21,27],"current_hp_per_floor":[45,45,45,38,38,20,33,33,33,33,52,52,52,52,52,51,52,52,52,52,52,52,18,8,8,8,8,8,0,0],"gold":106,"neow_bonus":"NOSTALGIA","is_daily":false,"chose_seed":false,"campfire_upgraded":0,"win_rate":0.0,"timestamp":1609829256,"path_taken":["M","M","?","M","M","E","R","?","T","E","$","E","?","?","R","BOSS","M","?","M","$","?","E","?","M","T","$","?","M"],"items_purchased_type":["Relic","Relic","Relic","Relic","Relic","Relic","Card","Card","Relic"],"build_version":"2020-12-22","purchased_purges":0,"victory":false,"max_hp_per_floor":[45,45,45,45,45,45,45,45,45,45,52,52,52,52,52,52,52,52,52,52,52,52,52,52,52,52,52,52,52,52],"card_choices":[{"not_picked":["DTMod:PurifyingFlame","DTMod:Threaten"],"picked":"DTMod:ComboAttack","floor":1},{"not_picked":["DTMod:QuickFly","DTMod:FlameSlash"],"picked":"DTMod:LightShield","floor":2},{"not_picked":["DTMod:BreakAttack","DTMod:FlameSlash"],"picked":"DTMod:ComboAttack","floor":4},{"not_picked":["DTMod:DragonDance","DTMod:BreakAttack"],"picked":"DTMod:OpeningTactic","floor":5},{"not_picked":["DTMod:HeatWave","DTMod:ResonanceForm"],"picked":"DTMod:MasterPlan","floor":6},{"not_picked":["DTMod:MasterPlan","DTMod:Feint"],"picked":"DTMod:Observe","floor":10},{"not_picked":["DTMod:Astonish","DTMod:BizarreTactic"],"picked":"DTMod:Harmonize","floor":12},{"not_picked":["DTMod:CalculatedDefense","DTMod:ForkedFire"],"picked":"DTMod:Training","floor":13},{"not_picked":["DTMod:BuildUp","DTMod:Feint"],"picked":"DTMod:StarRain","floor":15},{"not_picked":["DTMod:FierySynthesis","DTMod:EchoTactic"],"picked":"DTMod:HeadStart","floor":16},{"not_picked":["DTMod:MagicField","DTMod:LastStand"],"picked":"DTMod:BuildUp+1","floor":18},{"not_picked":["DTMod:CalculatedDefense+1","DTMod:DeepFocus"],"picked":"DTMod:StarRain","floor":20},{"not_picked":["DTMod:DeepFocus","DTMod:BreakAttack"],"picked":"DTMod:Observe","floor":22},{"not_picked":["DTMod:MaximumCharge","DTMod:QuickFly"],"picked":"DTMod:ForkedFire+1","floor":23},{"not_picked":["DTMod:HeatWave","DTMod:DeepFocus"],"picked":"DTMod:DarkBreath","floor":24},{"not_picked":["DTMod:BlueScale","DTMod:BreakAttack"],"picked":"DTMod:WarmUp+1","floor":25}],"player_experience":165340,"relics_obtained":[{"floor":1,"key":"LetterFromLob"},{"floor":6,"key":"Replay:Bottled Steam"},{"floor":9,"key":"Juzu Bracelet"},{"floor":10,"key":"Dream Catcher"},{"floor":12,"key":"Bromod:ArcaneAwakening"},{"floor":23,"key":"vexMod:FocusSash"},{"floor":26,"key":"Darkstone Periapt"}],"event_choices":[{"damage_healed":0,"gold_gain":100,"player_choice":"Bet on Murderer","damage_taken":0,"max_hp_gain":0,"max_hp_loss":0,"event_name":"The Joust","floor":28,"gold_loss":50}],"is_beta":false,"boss_relics":[{"not_picked":["hubris:ScarierMask","Runic Pyramid"],"picked":"thethorton:CrushedCigarette"}],"items_purged_floors":[],"is_endless":false,"potions_floor_spawned":[2,4,12,16,18,23],"killed_by":"Shelled Parasite and Fungi","ascension_level":0}}