{"host":"18wi9kpcl4eah7pe","time":1609825423,"event":{"mods":["BaseMod","Colored Powertips","Downfall","Minty Spire (QoL Compilation)","StSLib"],"gold_per_floor":[199,184,459,476,487,448,448,448,479,329,361,377,302,327,347,452,452,452,466,486,436,436,455,455,474,474,233,233,333,357,457,457,457,457],"floor_reached":32,"playtime":1571,"items_purged":["Regret"],"score":359,"play_id":"e1ae8a09-b702-4399-8963-d4f8b2aaeebe","local_time":"20210104234343","is_ascension_mode":true,"campfire_choices":[{"floor":1,"key":"RECALL"},{"floor":10,"key":"REST"},{"floor":13,"key":"REST"},{"data":"hexamod:GiftsFromTheDead","floor":18,"key":"SMITH"},{"floor":26,"key":"REST"},{"data":"hexamod:EmpoweredFlame","floor":28,"key":"SMITH"}],"circlet_count":0,"master_deck":["hexamod:Strike","hexamod:Strike","hexamod:Strike","hexamod:Strike","hexamod:Defend+1","hexamod:Defend","hexamod:Defend","hexamod:Defend","hexamod:Sear","hexamod:Float","hexamod:StepThrough","hexamod:ShieldOfDarkness","hexamod:Hexaguard","hexamod:GhostOfSpireFuture","hexamod:SpectersWail","hexamod:SwordOfDarkness","hexamod:EmpoweredFlame+1","hexamod:AdvancingGuard+1","hexamod:GiftsFromTheDead+1","hexamod:ParanormalForm","hexamod:FirstSeal","hexamod:HauntingEcho","hexamod:FastForward+1","hexamod:ThermalTransfer","hexamod:FifthSeal","hexamod:StepThrough+1","hexamod:SuperheatedStrike","J.A.X.","hexamod:SixthSeal","hexamod:Incineration","hexamod:EmpoweringStance","hexamod:Again","hexamod:SpectersWail","Regret","hexamod:Sear","Forethought","hexamod:SwordOfDarkness"],"relics":["hexamod:SpiritBrand","WingedGreaves","downfall:HeartBlessingRed","downfall:HeartBlessingBlue","Gremlin Horn","downfall:HeartBlessingGreen","Tiny Chest","Mercury Hourglass","Sling","MutagenicStrength","War Paint","downfall:GremlinSack"],"acts_visited":["Exordium","TheCity"],"potions_floor_usage":[6,9,14,16,20,23,23,29],"damage_taken":[{"damage":0,"enemies":"downfall:FleeingMerchant","floor":2,"turns":4},{"damage":2,"enemies":"Small Slimes","floor":4,"turns":3},{"damage":4,"enemies":"Cultist","floor":5,"turns":4},{"damage":6,"enemies":"downfall:FleeingMerchant","floor":6,"turns":4},{"damage":6,"enemies":"3 Sentries","floor":9,"turns":6},{"damage":33,"enemies":"Lagavulin","floor":11,"turns":7},{"damage":2,"enemies":"2 Louse","floor":12,"turns":3},{"damage":3,"enemies":"3 Sentries","floor":14,"turns":5},{"damage":0,"enemies":"Large Slime","floor":15,"turns":4},{"damage":32,"enemies":"downfall:Ironclad","floor":16,"turns":10},{"damage":35,"enemies":"Spheric Guardian","floor":19,"turns":7},{"damage":12,"enemies":"Chosen","floor":20,"turns":5},{"damage":12,"enemies":"Snecko","floor":23,"turns":5},{"damage":20,"enemies":"Chosen and Byrds","floor":25,"turns":5},{"damage":16,"enemies":"downfall:FleeingMerchant","floor":27,"turns":4},{"damage":29,"enemies":"downfall:Augmenter","floor":29,"turns":6},{"damage":14,"enemies":"downfall:Augmenter","floor":31,"turns":4},{"damage":35,"enemies":"3 Cultists","floor":32,"turns":4}],"seed_played":"-5363772431856968388","potions_obtained":[{"floor":4,"key":"ColorlessPotion"},{"floor":5,"key":"PowerPotion"},{"floor":11,"key":"Weak Potion"},{"floor":12,"key":"GamblersBrew"},{"floor":14,"key":"Energy Potion"},{"floor":15,"key":"Weak Potion"},{"floor":19,"key":"Strength Potion"},{"floor":23,"key":"Block Potion"},{"floor":31,"key":"Fire Potion"}],"is_trial":false,"path_per_floor":["R","$","?","M","M","$","T","?","E","R","E","M","R","E","M","B",null,"R","M","M","?","?","M","T","M","R","$","R","?","T","?","M"],"character_chosen":"THE_SPIRIT","items_purchased":["hexamod:SpectersWail","Sling"],"campfire_rested":3,"item_purchase_floors":[6,27],"current_hp_per_floor":[70,70,70,68,64,58,58,63,57,85,52,50,75,72,72,40,85,85,50,45,76,76,71,71,58,83,74,74,45,45,31,0,0,0],"gold":457,"neow_bonus":"HUNDRED_GOLD","is_daily":false,"chose_seed":false,"campfire_upgraded":2,"win_rate":0.0,"timestamp":1609825423,"path_taken":["R","$","?","M","?","$","T","?","E","R","E","M","R","E","M","BOSS","R","M","M","?","?","M","T","M","R","$","R","?","?","?","M"],"items_purchased_type":["Card","Relic"],"build_version":"2020-12-22","purchased_purges":1,"victory":false,"max_hp_per_floor":[70,70,70,70,70,70,70,75,75,85,85,85,85,85,85,85,85,85,85,85,85,85,85,85,85,85,85,85,85,85,85,85,85,85],"card_choices":[{"not_picked":["hexamod:Hexaguard","hexamod:GhostShield"],"picked":"hexamod:StepThrough","floor":2},{"not_picked":["hexamod:PhantomFireball","hexamod:GhostShield"],"picked":"hexamod:ShieldOfDarkness","floor":4},{"not_picked":["hexamod:FastForward","hexamod:CrushingStance"],"picked":"hexamod:Hexaguard","floor":5},{"not_picked":["hexamod:AdvancingGuard","hexamod:GhostflameBarrier"],"picked":"hexamod:GhostOfSpireFuture","floor":6},{"not_picked":["hexamod:ThirdSeal","hexamod:AdvancingGuard"],"picked":"hexamod:SwordOfDarkness","floor":9},{"not_picked":["hexamod:NightmareGuise","hexamod:RetreatToShadows"],"picked":"hexamod:EmpoweredFlame","floor":11},{"not_picked":["hexamod:InspiringFlames","hexamod:BurningTouch"],"picked":"hexamod:AdvancingGuard","floor":12},{"not_picked":["hexamod:Rewind","hexamod:SecondSeal"],"picked":"hexamod:GiftsFromTheDead","floor":14},{"not_picked":["hexamod:SecondSeal","hexamod:Haunt"],"picked":"hexamod:ShieldOfDarkness","floor":15},{"not_picked":["hexamod:GhostflameInferno","hexamod:UnleashSpirits"],"picked":"hexamod:ParanormalForm","floor":16},{"not_picked":["hexamod:SpectersWail+1","hexamod:InspiringFlames"],"picked":"hexamod:FirstSeal","floor":19},{"not_picked":["hexamod:NightmareStrike+1","hexamod:ThermalTransfer"],"picked":"hexamod:HauntingEcho","floor":20},{"not_picked":["hexamod:StepThrough+1","hexamod:RainOfEmbers"],"picked":"hexamod:FastForward+1","floor":23},{"not_picked":["hexamod:BacktrackSmack+1","hexamod:RainOfEmbers"],"picked":"hexamod:ThermalTransfer","floor":25},{"not_picked":["hexamod:Hexaguard","hexamod:FastForward"],"picked":"hexamod:FifthSeal","floor":27},{"not_picked":[],"picked":"J.A.X.","floor":29},{"not_picked":["hexamod:ThirdSeal","hexamod:FirstSeal"],"picked":"hexamod:SixthSeal","floor":29},{"not_picked":["hexamod:RainOfEmbers","hexamod:NightmareGuise"],"picked":"hexamod:Incineration","floor":29},{"not_picked":["hexamod:Incineration","hexamod:RainOfEmbers"],"picked":"hexamod:SwordOfDarkness","floor":31}],"player_experience":870125,"relics_obtained":[{"floor":9,"key":"WingedGreaves"},{"floor":11,"key":"Gremlin Horn"},{"floor":14,"key":"Tiny Chest"},{"floor":24,"key":"Mercury Hourglass"},{"floor":29,"key":"MutagenicStrength"},{"floor":30,"key":"War Paint"},{"floor":31,"key":"downfall:GremlinSack"}],"event_choices":[{"damage_healed":0,"gold_gain":0,"player_choice":"Donut","damage_taken":0,"max_hp_gain":5,"max_hp_loss":0,"event_name":"Big Fish","floor":8,"gold_loss":0},{"damage_healed":0,"gold_gain":0,"player_choice":"Read","damage_taken":0,"max_hp_gain":0,"max_hp_loss":0,"event_name":"The Library","floor":22,"gold_loss":0,"cards_obtained":["hexamod:StepThrough"]}],"is_beta":false,"boss_relics":[{"not_picked":["Philosopher\u0027s Stone","Runic Pyramid","Sozu"]}],"items_purged_floors":[27],"is_endless":false,"potions_floor_spawned":[4,5,11,12,14,15,19,23,31],"killed_by":"3 Cultists","ascension_level":2}}