{"host":"bydnmyvf669xu6ab","time":1609879025,"event":{"mods":["Aspiration","BaseMod","Better Note","BetterRewards","Colored Map","Colored Powertips","Minty Spire (QoL Compilation)","Rare Cards Sparkle","Relic Stats","Shop Mod","StSLib","SuperFastMode","Virulent Crown"],"gold_per_floor":[118,132,132,132,143,143,160,179,179,213,213,213,213,229,229,324,324,336,336,353,204,217,217,229,240,240,240,155,183,183,193,193,291,291,302,313,123,123,123,153,4,23,23,23,23,37,37,37,37,37,37,37,37,65,65,65],"floor_reached":55,"playtime":2672,"items_purged":["Injury"],"score":963,"play_id":"1b4e5e6c-c13e-4693-a3ec-c466e965b352","local_time":"20210105123705","is_ascension_mode":true,"campfire_choices":[{"data":"Armaments","floor":6,"key":"SMITH"},{"data":"Whirlwind","floor":11,"key":"SMITH"},{"floor":13,"key":"REST"},{"data":"Headbutt","floor":15,"key":"SMITH"},{"floor":23,"key":"RECALL"},{"data":"Metallicize","floor":30,"key":"SMITH"},{"data":"Pommel Strike","floor":32,"key":"SMITH"},{"data":"Evolve","floor":44,"key":"SMITH"},{"data":"Demon Form","floor":49,"key":"SMITH"},{"data":"Heavy Blade","floor":52,"key":"SMITH"}],"circlet_count":0,"master_deck":["Strike_R","Strike_R","Defend_R","Defend_R+1","Defend_R+1","Defend_R+1","Bash+1","Headbutt+1","Armaments+1","Cleave","Whirlwind+1","Battle Trance+1","Pommel Strike+1","Evolve+1","Offering+1","Battle Trance+1","Armaments+1","Metallicize+1","Heavy Blade+1","Entrench+1","Parasite","Limit Break+1","Metallicize+1","Shrug It Off+1","Apotheosis+1","Flex+1","Warcry+1","Pain","Die Die Die","Predator","Backstab","Demon Form+1"],"relics":["Burning Blood","Chemical X","Bronze Scales","Toxic Egg 2","aspiration:HummingbirdHeart","Cursed Key","Du-Vu Doll","War Paint","Boot","Mark of Pain","Bottled Flame","Pen Nib","aspiration:SeaSaltIceCream","Anchor","White Beast Statue","Gremlin Horn"],"acts_visited":["Exordium","TheCity","TheBeyond","TheEnding"],"potions_floor_usage":[7,16,33,33,50,55],"damage_taken":[{"damage":6,"enemies":"Jaw Worm","floor":1,"turns":4},{"damage":0,"enemies":"Small Slimes","floor":2,"turns":2},{"damage":2,"enemies":"2 Louse","floor":5,"turns":2},{"damage":10,"enemies":"Looter","floor":7,"turns":3},{"damage":13,"enemies":"Exordium Wildlife","floor":8,"turns":3},{"damage":31,"enemies":"Lagavulin","floor":10,"turns":4},{"damage":0,"enemies":"3 Louse","floor":14,"turns":1},{"damage":17,"enemies":"Hexaghost","floor":16,"turns":8},{"damage":6,"enemies":"Spheric Guardian","floor":18,"turns":1},{"damage":6,"enemies":"3 Byrds","floor":20,"turns":2},{"damage":6,"enemies":"Centurion and Healer","floor":22,"turns":3},{"damage":0,"enemies":"Chosen and Byrds","floor":24,"turns":3},{"damage":3,"enemies":"Snake Plant","floor":25,"turns":2},{"damage":15,"enemies":"Gremlin Leader","floor":29,"turns":8},{"damage":6,"enemies":"Centurion and Healer","floor":31,"turns":4},{"damage":22,"enemies":"Automaton","floor":33,"turns":9},{"damage":0,"enemies":"3 Shapes","floor":35,"turns":2},{"damage":0,"enemies":"Orb Walker","floor":36,"turns":4},{"damage":6,"enemies":"Nemesis","floor":40,"turns":5},{"damage":0,"enemies":"Jaw Worm Horde","floor":42,"turns":1},{"damage":13,"enemies":"Maw","floor":46,"turns":5},{"damage":54,"enemies":"Time Eater","floor":50,"turns":7},{"damage":18,"enemies":"Shield and Spear","floor":54,"turns":5},{"damage":89,"enemies":"The Heart","floor":55,"turns":5}],"seed_played":"5993024443748199020","potions_obtained":[{"floor":1,"key":"Energy Potion"},{"floor":8,"key":"SmokeBomb"},{"floor":14,"key":"PowerPotion"},{"floor":16,"key":"SmokeBomb"},{"floor":18,"key":"Block Potion"},{"floor":22,"key":"GamblersBrew"},{"floor":31,"key":"LiquidMemories"},{"floor":33,"key":"EssenceOfSteel"},{"floor":40,"key":"Energy Potion"},{"floor":54,"key":"Ancient Potion"}],"is_trial":false,"path_per_floor":["M","M","?","?","M","R","M","M","T","E","R","?","R","M","R","B",null,"M","?","M","$","M","R","M","M","T","?","?","E","R","M","R","B",null,"M","M","$","?","$","E","$","M","T","R","?","M","$","?","R","B",null,"R","$","E","B"],"character_chosen":"IRONCLAD","items_purchased":["Chemical X","Bronze Scales","Metallicize","Apotheosis+1","Pen Nib"],"campfire_rested":1,"item_purchase_floors":[0,0,21,37,41],"current_hp_per_floor":[70,76,76,76,80,80,76,69,69,44,44,28,52,58,58,47,80,80,80,80,80,80,80,80,80,80,65,65,56,56,56,56,40,85,85,85,85,85,85,85,85,85,85,85,85,78,78,78,78,30,85,85,85,73,0,0],"gold":65,"neow_bonus":"","is_daily":false,"chose_seed":false,"campfire_upgraded":8,"win_rate":0.0,"timestamp":1609879025,"path_taken":["M","M","?","?","M","R","M","M","T","E","R","?","R","M","R","BOSS","M","?","M","$","M","R","M","M","T","?","?","E","R","M","R","BOSS","M","M","$","?","?","E","$","M","T","R","?","?","?","?","R","BOSS","R","$","E","BOSS"],"items_purchased_type":["Relic","Relic","Card","Card","Relic"],"build_version":"2020-12-22","purchased_purges":1,"victory":false,"max_hp_per_floor":[80,80,80,80,80,80,80,80,80,80,80,80,80,80,80,80,80,80,80,80,80,80,80,80,80,80,85,85,85,85,85,85,85,85,85,85,85,85,85,85,85,85,85,85,85,85,85,85,85,85,85,85,85,85,85,85],"relic_stats":{"Gremlin Horn":[0,0],"counters":[148,697],"Bronze Scales":[389],"Pen Nib":[3],"Chemical X":[34],"War Paint":["Defend_R","Defend_R"],"Cursed Key":2,"Boot":[15],"obtain_stats":[{"Ice Cream":19,"Calipers":12,"Tiny House":17,"Gremlin Horn":17,"Vajra":42,"Whetstone":43,"Boot":29,"Blood Vial":25,"Centennial Puzzle":41,"Sundial":24,"DollysMirror":0,"Strawberry":10,"Philosopher\u0027s Stone":17,"MealTicket":14,"Kunai":0,"Toxic Egg 2":3,"aspiration:DSix":13,"Astrolabe":17,"Dead Branch":42,"Oddly Smooth Stone":25,"Pen Nib":42,"Charon\u0027s Ashes":17,"aspiration:SeaSaltIceCream":43,"War Paint":28,"aspiration:HiddenCompartment":21,"Du-Vu Doll":26,"Bottled Flame":40,"Shuriken":31,"Bronze Scales":19,"Molten Egg 2":26,"Mark of Pain":34,"aspiration:Lifesprig":54,"Regal Pillow":27,"Torii":46,"SacredBark":17,"Black Blood":17,"Juzu Bracelet":22,"Bag of Preparation":31,"Ancient Tea Set":7,"Cursed Key":34,"Smiling Mask":23,"PrismaticShard":22,"Burning Blood":0,"aspiration:StickyExplosives_weak":27,"ClockworkSouvenir":30,"Matryoshka":0,"aspiration:DefectSkillbook":17,"aspiration:AnachronicSnailShell":23,"Toolbox":0,"Chemical X":0,"Red Skull":38,"aspiration:ChemicalBlood":9,"Paper Frog":43,"Potion Belt":0,"Self Forming Clay":25,"aspiration:FetidBarrel":4,"The Courier":9,"aspiration:HummingbirdHeart":10,"Frozen Egg 2":26,"Medical Kit":31,"White Beast Statue":48,"Calling Bell":17,"Anchor":9,"CaptainsWheel":54,"Art of War":26,"Bag of Marbles":14,"Membership Card":19,"FossilizedHelix":0,"Toy Ornithopter":0},{"Ice Cream":23,"Calipers":45,"Tiny House":113,"Gremlin Horn":86,"Vajra":33,"Whetstone":33,"Boot":138,"Blood Vial":92,"Centennial Puzzle":33,"Sundial":25,"DollysMirror":39,"Strawberry":20,"Philosopher\u0027s Stone":22,"MealTicket":85,"Kunai":39,"Toxic Egg 2":41,"aspiration:DSix":85,"Astrolabe":7,"Dead Branch":33,"Oddly Smooth Stone":11,"Pen Nib":73,"Charon\u0027s Ashes":86,"aspiration:SeaSaltIceCream":144,"War Paint":137,"aspiration:HiddenCompartment":63,"Du-Vu Doll":137,"Bottled Flame":143,"Shuriken":27,"Bronze Scales":23,"Molten Egg 2":11,"Mark of Pain":67,"aspiration:Lifesprig":78,"Regal Pillow":93,"Torii":74,"SacredBark":47,"Black Blood":121,"Juzu Bracelet":9,"Bag of Preparation":96,"Ancient Tea Set":3,"Cursed Key":28,"Smiling Mask":53,"PrismaticShard":63,"Burning Blood":0,"aspiration:StickyExplosives_weak":64,"ClockworkSouvenir":66,"Matryoshka":56,"aspiration:DefectSkillbook":62,"aspiration:AnachronicSnailShell":10,"Toolbox":105,"Chemical X":124,"Red Skull":98,"aspiration:ChemicalBlood":43,"Paper Frog":100,"Potion Belt":15,"Self Forming Clay":54,"aspiration:FetidBarrel":117,"The Courier":59,"aspiration:HummingbirdHeart":130,"Frozen Egg 2":63,"Medical Kit":96,"White Beast Statue":145,"Calling Bell":86,"Anchor":20,"CaptainsWheel":38,"Art of War":63,"Bag of Marbles":112,"Membership Card":23,"FossilizedHelix":79,"Toy Ornithopter":79},{"Ice Cream":101,"Calipers":229,"Tiny House":556,"Gremlin Horn":431,"Vajra":157,"Whetstone":157,"Boot":650,"Blood Vial":457,"Centennial Puzzle":157,"Sundial":109,"DollysMirror":198,"Strawberry":78,"Philosopher\u0027s Stone":94,"MealTicket":423,"Kunai":198,"Toxic Egg 2":205,"aspiration:DSix":423,"Astrolabe":24,"Dead Branch":157,"Oddly Smooth Stone":43,"Pen Nib":382,"Charon\u0027s Ashes":431,"aspiration:SeaSaltIceCream":675,"War Paint":642,"aspiration:HiddenCompartment":334,"Du-Vu Doll":642,"Bottled Flame":674,"Shuriken":117,"Bronze Scales":101,"Molten Egg 2":43,"Mark of Pain":358,"aspiration:Lifesprig":406,"Regal Pillow":460,"Torii":385,"SacredBark":239,"Black Blood":591,"Juzu Bracelet":31,"Bag of Preparation":472,"Ancient Tea Set":11,"Cursed Key":129,"Smiling Mask":280,"PrismaticShard":334,"Burning Blood":0,"aspiration:StickyExplosives_weak":340,"ClockworkSouvenir":350,"Matryoshka":307,"aspiration:DefectSkillbook":330,"aspiration:AnachronicSnailShell":38,"Toolbox":520,"Chemical X":604,"Red Skull":484,"aspiration:ChemicalBlood":212,"Paper Frog":490,"Potion Belt":64,"Self Forming Clay":287,"aspiration:FetidBarrel":569,"The Courier":319,"aspiration:HummingbirdHeart":622,"Frozen Egg 2":334,"Medical Kit":472,"White Beast Statue":680,"Calling Bell":431,"Anchor":78,"CaptainsWheel":189,"Art of War":334,"Bag of Marbles":549,"Membership Card":101,"FossilizedHelix":408,"Toy Ornithopter":408}],"Burning Blood":771},"card_choices":[{"not_picked":["Thunderclap","Havoc"],"picked":"Headbutt","floor":1},{"not_picked":["Pommel Strike","Havoc"],"picked":"Armaments","floor":2},{"not_picked":["Twin Strike","Havoc+1"],"picked":"Cleave","floor":5},{"not_picked":["Sever Soul","Iron Wave"],"picked":"Whirlwind","floor":7},{"not_picked":["Sentinel+1","Havoc+1"],"picked":"Battle Trance+1","floor":8},{"not_picked":["Infernal Blade+1","Iron Wave"],"picked":"Pommel Strike","floor":10},{"not_picked":["Shockwave+1","Thunderclap"],"picked":"Evolve","floor":14},{"not_picked":["Exhume+1","Brutality"],"picked":"Offering+1","floor":16},{"not_picked":["Blood for Blood","Havoc+1"],"picked":"Battle Trance+1","floor":18},{"not_picked":["Headbutt","Power Through+1"],"picked":"Armaments+1","floor":20},{"not_picked":["Havoc+1","Combust"],"picked":"Heavy Blade","floor":22},{"not_picked":["Pommel Strike","Warcry+1"],"picked":"Entrench+1","floor":24},{"not_picked":["Clothesline+1","Cleave","Pommel Strike"],"picked":"SKIP","floor":25},{"not_picked":["Second Wind+1","Clash","Brutality"],"picked":"SKIP","floor":29},{"not_picked":["Iron Wave","Clash","Hemokinesis+1"],"picked":"SKIP","floor":31},{"not_picked":["Fiend Fire","Offering+1"],"picked":"Limit Break+1","floor":33},{"not_picked":["Thunderclap","Heavy Blade+1"],"picked":"Metallicize","floor":35},{"not_picked":["Armaments+1","Pommel Strike"],"picked":"Shrug It Off+1","floor":36},{"not_picked":["Offering+1","Cleave+1"],"picked":"Flex+1","floor":40},{"not_picked":["Reckless Charge+1","Wild Strike"],"picked":"Warcry+1","floor":42},{"not_picked":["Rampage+1","Blood for Blood"],"picked":"Demon Form","floor":46},{"not_picked":["Burning Pact+1","Hemokinesis+1","Reckless Charge"],"picked":"SKIP","floor":54}],"player_experience":2151348,"relics_obtained":[{"floor":10,"key":"aspiration:HummingbirdHeart"},{"floor":26,"key":"Du-Vu Doll"},{"floor":29,"key":"Boot"},{"floor":40,"key":"Bottled Flame"},{"floor":43,"key":"aspiration:SeaSaltIceCream"},{"floor":54,"key":"Gremlin Horn"}],"event_choices":[{"damage_healed":0,"gold_gain":0,"player_choice":"Leave","damage_taken":0,"max_hp_gain":0,"max_hp_loss":0,"event_name":"The Cleric","floor":3,"gold_loss":0},{"damage_healed":0,"gold_gain":0,"player_choice":"Entered Light","damage_taken":16,"max_hp_gain":0,"max_hp_loss":0,"event_name":"Shining Light","floor":12,"gold_loss":0,"cards_upgraded":["Defend_R","Bash"]},{"damage_healed":0,"gold_gain":0,"player_choice":"Ignored","damage_taken":0,"max_hp_gain":0,"max_hp_loss":0,"event_name":"betterNote:BetterNote","floor":19,"gold_loss":0,"cards_obtained":["Barricade"]},{"damage_healed":0,"gold_gain":0,"player_choice":"Shed Blood","damage_taken":20,"max_hp_gain":5,"max_hp_loss":0,"event_name":"Forgotten Altar","floor":27,"gold_loss":0},{"damage_healed":0,"gold_gain":0,"player_choice":"Obtained Relic","damage_taken":0,"relics_obtained":["War Paint"],"max_hp_gain":0,"max_hp_loss":0,"event_name":"Addict","floor":28,"gold_loss":85},{"damage_healed":0,"gold_gain":0,"player_choice":"Forge","damage_taken":0,"max_hp_gain":0,"max_hp_loss":0,"event_name":"Accursed Blacksmith","floor":38,"gold_loss":0,"cards_upgraded":["Metallicize"]},{"damage_healed":0,"gold_gain":0,"player_choice":"Gave Potion","damage_taken":0,"relics_obtained":["White Beast Statue"],"max_hp_gain":0,"max_hp_loss":0,"event_name":"WeMeetAgain","floor":48,"gold_loss":0}],"is_beta":false,"boss_relics":[{"not_picked":["Empty Cage","SacredBark"],"picked":"Cursed Key"},{"not_picked":["aspiration:WatcherSkillbook","Pandora\u0027s Box"],"picked":"Mark of Pain"}],"items_purged_floors":[21],"is_endless":false,"potions_floor_spawned":[1,8,14,16,18,22,29,31,33,40,42,54],"killed_by":"The Heart","ascension_level":1}}