{"host":"cmyud3of70k6t1eo","time":1609805913,"event":{"mods":["BaseMod","Clawfect","Colored Map","Conspire","Disable Question Mark Monsters","Energized Spire","Evolution","GungeonMod","Hyrulean Relics","Infinite Spire","Minty Spire (QoL Compilation)","Quick Restart","SCP261 Mod","Shop Mod","StSLib","UnlockEverythingMod"],"gold_per_floor":[115,64,84,96,116,116,131,131,131,150,150,10,10,10,10,114,114,126,141,18,18,18,18,51,51,51,69,69,69,88,88,88,186,186,201,219,65,83,107,136,136,86,86,138,138,152,169,12,12,12],"floor_reached":51,"playtime":3169,"items_purged":[],"score":737,"play_id":"2df0756b-6825-4e50-a8fc-7894453f7481","local_time":"20210104191833","is_ascension_mode":false,"campfire_choices":[{"floor":6,"key":"REST"},{"floor":8,"key":"REST"},{"floor":11,"key":"REST"},{"data":"DemoMod:TableSutra","floor":13,"key":"SMITH"},{"data":"DemoMod:DirectionalPad","floor":15,"key":"SMITH"},{"floor":23,"key":"REST"},{"floor":25,"key":"REST"},{"floor":32,"key":"REST"},{"data":"DemoMod:Unity","floor":45,"key":"SMITH"},{"data":"infinitespire:Punishment","floor":49,"key":"SMITH"}],"circlet_count":0,"master_deck":["DemoMod:Roll","DemoMod:ManualReload","DemoMod:RustySidearm","DemoMod:CrossBow","DemoMod:TeaPot","DemoMod:Evolver+","DemoMod:GunShield","DemoMod:GunShield","DemoMod:SAA","DemoMod:RadGun","DemoMod:DirectionalPad+1","DemoMod:TableSutra+1","DemoMod:SpreadAmmo","DemoMod:BlackHoleGun","DemoMod:GunslingerForm","DemoMod:HungryBullets","DemoMod:Gungine","DemoMod:BoxingGlove","DemoMod:ThirdPartyController","DemoMod:GunShield","DemoMod:DoubleVision","DemoMod:Rummage","DemoMod:Replace","DemoMod:HungryBullets+1","DemoMod:JK47","DemoMod:BoxingGlove","DemoMod:HardPowerCard","Decay","infinitespire:Fortify","DemoMod:MegaHand","DemoMod:Unity+1","infinitespire:Punishment+1","DemoMod:HuntsMan","DemoMod:BSG","DemoMod:TeaPot","DemoMod:DirectionalPad+1","DemoMod:Casey","DemoMod:MachoBrace+1","DemoMod:Unity+1","DemoMod:DoubleSwitch","DemoMod:AC15+1","DemoMod:Casey+1","DemoMod:AbyssalTentacle+1","DemoMod:GunShield"],"relics":["DemoMod:Dog","EVO:Axolotl","Ornamental Fan","DemoMod:GundromedaStrain","HornCleat","Akabeko","infinitespire:Cupcake","MerchantsRug","DemoMod:PortableTableDevice","DemoMod:WhiteGuonStone","Frozen Egg 2","DemoMod:LichsEyeBullet","Cauldron"],"acts_visited":["Exordium","TheCity","TheBeyond"],"potions_floor_usage":[16,19,19,33],"damage_taken":[{"damage":6,"enemies":"2 Louse","floor":1,"turns":4},{"damage":11,"enemies":"Jaw Worm","floor":3,"turns":3},{"damage":17,"enemies":"Small Slimes","floor":4,"turns":3},{"damage":20,"enemies":"conspire:2 RoseBushes","floor":5,"turns":5},{"damage":8,"enemies":"Blue Slaver","floor":7,"turns":5},{"damage":10,"enemies":"2 Fungi Beasts","floor":10,"turns":3},{"damage":5,"enemies":"The Guardian","floor":16,"turns":10},{"damage":63,"enemies":"conspire:FuzzyDice","floor":18,"turns":7},{"damage":16,"enemies":"2 Thieves","floor":19,"turns":4},{"damage":22,"enemies":"conspire:Head Lice","floor":24,"turns":10},{"damage":1,"enemies":"Snecko","floor":27,"turns":5},{"damage":0,"enemies":"Centurion and Healer","floor":30,"turns":3},{"damage":0,"enemies":"Colosseum Slavers","floor":31,"turns":2},{"damage":24,"enemies":"Automaton","floor":33,"turns":6},{"damage":11,"enemies":"3 Shapes","floor":35,"turns":4},{"damage":0,"enemies":"Orb Walker","floor":36,"turns":1},{"damage":20,"enemies":"Transient","floor":38,"turns":5},{"damage":0,"enemies":"Jaw Worm Horde","floor":39,"turns":2},{"damage":16,"enemies":"Nemesis","floor":40,"turns":5},{"damage":0,"enemies":"2 Orb Walkers","floor":44,"turns":2},{"damage":0,"enemies":"Spire Growth","floor":46,"turns":2},{"damage":0,"enemies":"3 Darklings","floor":47,"turns":3},{"damage":25,"enemies":"Time Eater","floor":50,"turns":6}],"seed_played":"4110745679307421883","potions_obtained":[{"floor":3,"key":"ColorlessPotion"},{"floor":4,"key":"DemoMod:LeadSkinPotion"},{"floor":5,"key":"DistilledChaos"},{"floor":7,"key":"SCP261:BarrettColaPotion"},{"floor":27,"key":"SCP261:BarrettColaPotion"},{"floor":30,"key":"SteroidPotion"},{"floor":39,"key":"Strength Potion"},{"floor":48,"key":"LiquidBronze"},{"floor":48,"key":"Dexterity Potion"},{"floor":48,"key":"DuplicationPotion"},{"floor":48,"key":"DemoMod:BlankPotion"},{"floor":48,"key":"infinitespire:BlackPotion"}],"is_trial":false,"path_per_floor":["M","?","M","M","M","R","M","R","T","M","R","$","R","$","R","B",null,"M","M","$","?","?","R","E","R","T","M","?","AVR","M","?","R","B",null,"M","M","$","M","M","E","?","?","T","?","R","M","M","$","R","B",null],"character_chosen":"HUNTRESS","items_purchased":["DemoMod:TableSutra","DemoMod:SpreadAmmo","DemoMod:JK47","DemoMod:BoxingGlove","DemoMod:HardPowerCard","MerchantsRug","DemoMod:PortableTableDevice","DemoMod:Casey","Cauldron","DemoMod:GunShield"],"campfire_rested":6,"item_purchase_floors":[12,12,20,20,20,37,37,37,48,48],"current_hp_per_floor":[71,78,67,50,30,55,47,72,72,62,84,84,84,84,84,79,84,21,5,5,5,5,30,8,33,33,32,32,32,32,32,57,33,84,73,73,73,53,53,37,73,73,73,73,73,73,73,73,73,48],"gold":12,"neow_bonus":"TEN_PERCENT_HP_BONUS","is_daily":false,"chose_seed":false,"campfire_upgraded":4,"win_rate":0.0,"timestamp":1609805913,"path_taken":["M","?","M","M","M","R","M","R","T","M","R","?","R","$","R","BOSS","M","M","$","?","?","R","E","R","T","M","?","AVR","M","?","R","BOSS","M","M","$","M","M","E","?","?","T","?","R","M","?","?","R","BOSS"],"items_purchased_type":["Card","Card","Card","Card","Card","Relic","Relic","Card","Relic","Card"],"build_version":"2020-12-22","purchased_purges":0,"victory":true,"max_hp_per_floor":[77,84,84,84,84,84,84,84,84,84,84,84,84,84,84,84,84,84,84,84,84,84,84,84,84,84,84,84,84,84,84,84,84,84,84,84,84,84,84,84,73,73,73,73,73,73,73,73,73,73],"card_choices":[{"not_picked":["DemoMod:ZorGun","DemoMod:Ejector"],"picked":"DemoMod:TeaPot","floor":1},{"not_picked":["DemoMod:ProbeStrike","DemoMod:PotionOfGunFriendShip"],"picked":"DemoMod:Evolver","floor":3},{"not_picked":["DemoMod:Evolver","DemoMod:GunstockTap"],"picked":"DemoMod:GunShield","floor":4},{"not_picked":["DemoMod:MachoBrace","DemoMod:JK47"],"picked":"DemoMod:GunShield","floor":5},{"not_picked":["DemoMod:LifeOrb","DemoMod:PracticeMakesPerfect"],"picked":"DemoMod:SAA","floor":5},{"not_picked":["DemoMod:PracticeMakesPerfect","DemoMod:EasyReloadBullets"],"picked":"DemoMod:RadGun","floor":7},{"not_picked":["DemoMod:Slinger","DemoMod:MachoBrace"],"picked":"DemoMod:DirectionalPad","floor":10},{"not_picked":["DemoMod:Slinger","DemoMod:FullFirepower"],"picked":"DemoMod:BlackHoleGun","floor":16},{"not_picked":["DemoMod:Gungine","DemoMod:Elimentaler"],"picked":"DemoMod:GunslingerForm","floor":16},{"not_picked":["DemoMod:DoubleSwitch","DemoMod:MachoBrace"],"picked":"DemoMod:Replace","floor":18},{"not_picked":["DemoMod:Rummage","DemoMod:SAA"],"picked":"DemoMod:HungryBullets+1","floor":19},{"not_picked":["infinitespire:Execution","infinitespire:Menacing"],"picked":"infinitespire:Fortify","floor":21},{"not_picked":["DemoMod:DoubleSwitch","DemoMod:AbyssalTentacle"],"picked":"DemoMod:MegaHand","floor":24},{"not_picked":["DemoMod:GunstockTap","DemoMod:StrategicReserve"],"picked":"DemoMod:Unity","floor":27},{"not_picked":["DemoMod:BattleInHaste","DemoMod:Replace+1"],"picked":"DemoMod:HuntsMan","floor":30},{"not_picked":["DemoMod:FinishedGun","DemoMod:FullFirepower"],"picked":"DemoMod:BSG","floor":33},{"not_picked":["DemoMod:BattleInHaste","DemoMod:ChanceBullets"],"picked":"DemoMod:TeaPot","floor":35},{"not_picked":["DemoMod:SAA","DemoMod:ConditionalReflex+1"],"picked":"DemoMod:DirectionalPad+1","floor":36},{"not_picked":["DemoMod:GunstockTap","DemoMod:FeignSurrender+1"],"picked":"DemoMod:MachoBrace+1","floor":38},{"not_picked":["DemoMod:Rummage","DemoMod:HuntsMan"],"picked":"DemoMod:Unity+1","floor":39},{"not_picked":["DemoMod:EasyReloadBullets","DemoMod:HuntsMan+1"],"picked":"DemoMod:DoubleSwitch","floor":40},{"not_picked":["DemoMod:Casey","DemoMod:PotionOfGunFriendShip"],"picked":"DemoMod:AC15+1","floor":44},{"not_picked":["DemoMod:SAA","DemoMod:BoxingGlove"],"picked":"DemoMod:Casey+1","floor":46},{"not_picked":["DemoMod:HungryBullets+1","DemoMod:BattleInHaste"],"picked":"DemoMod:AbyssalTentacle+1","floor":47}],"player_experience":152622,"relics_obtained":[{"floor":9,"key":"Ornamental Fan"},{"floor":24,"key":"DemoMod:GundromedaStrain"},{"floor":24,"key":"DemoMod:Plus1Bullets"},{"floor":26,"key":"HornCleat"},{"floor":40,"key":"DemoMod:WhiteGuonStone"},{"floor":43,"key":"Frozen Egg 2"},{"floor":44,"key":"DemoMod:LichsEyeBullet"}],"event_choices":[{"damage_healed":0,"gold_gain":0,"player_choice":"Paid Gold","damage_taken":0,"relics_obtained":["Strawberry"],"max_hp_gain":0,"max_hp_loss":0,"event_name":"WeMeetAgain","floor":2,"gold_loss":51},{"damage_healed":0,"gold_gain":0,"player_choice":"Leave","damage_taken":0,"max_hp_gain":0,"max_hp_loss":0,"event_name":"conspire:Investor","floor":28,"gold_loss":0},{"damage_healed":0,"gold_gain":0,"player_choice":"Fight","damage_taken":0,"max_hp_gain":0,"max_hp_loss":0,"event_name":"Colosseum","floor":31,"gold_loss":0},{"damage_healed":0,"gold_gain":0,"player_choice":"Fled From Nobs","damage_taken":0,"max_hp_gain":0,"max_hp_loss":0,"event_name":"Colosseum","floor":31,"gold_loss":0},{"damage_healed":73,"gold_gain":0,"player_choice":"Heal","damage_taken":0,"max_hp_gain":0,"max_hp_loss":11,"event_name":"The Moai Head","floor":41,"gold_loss":0},{"damage_healed":0,"gold_gain":0,"player_choice":"Fight","damage_taken":0,"max_hp_gain":0,"max_hp_loss":0,"event_name":"Mysterious Sphere","floor":44,"gold_loss":0}],"is_beta":false,"boss_relics":[{"not_picked":["conspire:SpecialSausage","Black Star"],"picked":"Pandora\u0027s Box"},{"not_picked":["energizedSpire:OgreHead","Sozu"],"picked":"infinitespire:Cupcake"}],"items_purged_floors":[],"is_endless":false,"potions_floor_spawned":[3,4,5,7,27,30,31,39,44],"ascension_level":0}}