{"host":"6febr6iklru1ag3j","time":1609833754,"event":{"mods":["Aspiration","BaseMod","Better Note","DeckTracker","Hubris","Minty Spire (QoL Compilation)","Replay The Spire","Shop Mod","StSLib","The Cursed","The Jungle","slay the spire mod where everything is the same but ironclad has a cowboy hat"],"gold_per_floor":[110,110,110,185,38,38,57,57,82,144,162,162,182,197,212,310,310,321,246,258,258,183,216,216,230,230,230,246,60,60,73,73,168,168,181,181,194,17,28,28,47,67,67,67,79,79,79,97,97,97,97,97,61,61,61],"floor_reached":54,"playtime":3233,"items_purged":["ReplayTheSpireMod:Splinters","Strike_B","Strike_B"],"score":749,"play_id":"8bad99be-21b9-4a4b-ac8e-c7960503397b","local_time":"20210105030234","is_ascension_mode":true,"campfire_choices":[{"data":"Darkness","floor":6,"key":"SMITH"},{"data":"Dualcast","floor":8,"key":"SMITH"},{"floor":24,"key":"RECALL"},{"floor":27,"key":"REST"},{"data":"Blur","floor":30,"key":"SMITH"},{"data":"Replay:Bag of Tricks","floor":32,"key":"SMITH"},{"data":"Biased Cognition","floor":44,"key":"SMITH"},{"floor":46,"key":"REST"},{"floor":49,"key":"REST"},{"data":"Footwork","floor":52,"key":"SMITH"}],"circlet_count":0,"master_deck":["Defend_B","Defend_B","Defend_B","Defend_B","Zap","Dualcast+1","Darkness+1","Crystallizer","Electrodynamics+1","Leap","Replay:Bag of Tricks+1","BootSequence","Blur+1","Conserve Battery","Biased Cognition+1","Footwork+1","Footwork","Master of Strategy","Prepared","Prepared"],"relics":["Cracked Core","aspiration:Nostalgia","Sizzling Blood","ClockworkSouvenir","Pet Ghost","Replay:Wax Seal","Torii","aspiration:SilentSkillbook","Letter Opener","Blue Candle","Sozu","hubris:Icosahedron","Frozen Egg 2"],"acts_visited":["Exordium","TheCity","TheBeyond","TheEnding"],"potions_floor_usage":[],"damage_taken":[{"damage":11,"enemies":"Small Slimes","floor":1,"turns":3},{"damage":5,"enemies":"2 Louse","floor":7,"turns":2},{"damage":20,"enemies":"3 Sentries","floor":10,"turns":7},{"damage":0,"enemies":"Cultist","floor":11,"turns":4},{"damage":6,"enemies":"Exordium Thugs","floor":13,"turns":3},{"damage":6,"enemies":"Blue Slaver","floor":14,"turns":4},{"damage":21,"enemies":"Fading Forest","floor":16,"turns":11},{"damage":17,"enemies":"Spheric Guardian","floor":18,"turns":4},{"damage":1,"enemies":"Chosen","floor":20,"turns":4},{"damage":26,"enemies":"Replay:Snechameleon","floor":23,"turns":7},{"damage":14,"enemies":"Centurion and Healer","floor":25,"turns":6},{"damage":12,"enemies":"Snecko","floor":28,"turns":4},{"damage":1,"enemies":"Chosen and Byrds","floor":31,"turns":4},{"damage":44,"enemies":"hubris:MusketHawk","floor":33,"turns":9},{"damage":1,"enemies":"3 Shapes","floor":35,"turns":3},{"damage":2,"enemies":"3 Darklings","floor":37,"turns":3},{"damage":0,"enemies":"Jaw Worm Horde","floor":39,"turns":2},{"damage":0,"enemies":"Spire Growth","floor":41,"turns":6},{"damage":16,"enemies":"Transient","floor":42,"turns":5},{"damage":39,"enemies":"Maw","floor":45,"turns":8},{"damage":0,"enemies":"4 Shapes","floor":48,"turns":2},{"damage":39,"enemies":"Donu and Deca","floor":50,"turns":11},{"damage":82,"enemies":"Shield and Spear","floor":54,"turns":5}],"seed_played":"458094920799797872","potions_obtained":[{"floor":1,"key":"Ancient Potion"},{"floor":7,"key":"BlessingOfTheForge"},{"floor":13,"key":"SpeedPotion"}],"is_trial":false,"path_per_floor":["M","?","$","?","$","R","M","R","T","?","M","?","M","M","R","B",null,"M","?","M","?","$","E","R","M","T","R","M","$","R","M","R","B",null,"M","?","M","$","M","?","M","M","T","R","M","R","T","M","R","B",null,"R","$","E"],"character_chosen":"DEFECT","items_purchased":["ClockworkSouvenir","Blur","Conserve Battery","Footwork","Prepared"],"campfire_rested":3,"item_purchase_floors":[5,29,29,38,53],"current_hp_per_floor":[72,72,72,61,61,61,60,60,60,44,48,41,39,37,37,28,79,66,66,69,69,69,47,47,37,37,60,52,52,52,55,55,15,79,79,79,79,79,79,79,79,67,67,67,32,55,55,59,79,44,79,79,79,0,0],"gold":61,"neow_bonus":"NOSTALGIA","is_daily":false,"chose_seed":false,"campfire_upgraded":6,"win_rate":0.0,"timestamp":1609833754,"path_taken":["M","?","$","?","$","R","M","R","T","?","M","?","M","M","R","BOSS","M","?","M","?","$","E","R","?","T","R","M","$","R","M","R","BOSS","M","?","M","$","M","?","M","M","T","R","M","R","?","M","R","BOSS","R","$","E"],"items_purchased_type":["Relic","Card","Card","Card","Card"],"build_version":"2020-12-22","purchased_purges":3,"victory":false,"max_hp_per_floor":[79,79,79,79,79,79,79,79,79,79,79,79,79,79,79,79,79,79,79,79,79,79,79,79,79,79,79,79,79,79,79,79,79,79,79,79,79,79,79,79,79,79,79,79,79,79,79,79,79,79,79,79,79,79,79],"card_choices":[{"not_picked":["ReplayTheSpireMod:Calculation Training","Beam Cell"],"picked":"Darkness","floor":1},{"not_picked":["Beam Cell","Melter","Tempest"],"picked":"SKIP","floor":7},{"not_picked":["Rebound","Reprogram"],"picked":"Crystallizer","floor":10},{"not_picked":["Self Repair","Rebound","hubris:PowerSurge"],"picked":"SKIP","floor":11},{"not_picked":["Double Energy","hubris:PowerSurge","Ball Lightning"],"picked":"SKIP","floor":13},{"not_picked":["Reinforced Body","Beam Cell","Steam"],"picked":"SKIP","floor":14},{"not_picked":["Meteor Strike","Thunder Strike"],"picked":"Electrodynamics","floor":16},{"not_picked":["Ball Lightning+1","Sucker Punch","Poisoned Stab"],"picked":"Leap","floor":18},{"not_picked":["Finisher+1","Chill+1","Dagger Throw","Underhanded Strike"],"picked":"SKIP","floor":20},{"not_picked":["Fluid Movement","Acrobatics","Dagger Throw"],"picked":"Replay:Bag of Tricks","floor":23},{"not_picked":["Slice","Undo","Scrape"],"picked":"BootSequence","floor":25},{"not_picked":["Terror","Steam Power","Hidden Blade+1","Coolheaded"],"picked":"SKIP","floor":28},{"not_picked":["Streamline","Force Field","Turbo","Poisoned Stab"],"picked":"SKIP","floor":31},{"not_picked":["Wraith Form v2","Buffer","Unload"],"picked":"Biased Cognition","floor":33},{"not_picked":["Leap+1","Streamline","Steam","Hidden Blade+1"],"picked":"SKIP","floor":35},{"not_picked":["Ball Lightning+1","Blade Dance+1","hubris:SlightOfHand","Glacier+1"],"picked":"SKIP","floor":37},{"not_picked":["Beam Cell+1","Outmaneuver","Heel Hook","hubris:SlightOfHand"],"picked":"SKIP","floor":39},{"not_picked":["Replay:BasicMightCard","Crow Ritual","PanicButton"],"picked":"Master of Strategy","floor":40},{"not_picked":["Sweeping Beam","Outmaneuver+1","Gash+1","Poisoned Stab+1"],"picked":"SKIP","floor":41},{"not_picked":["Beam Cell+1","Scrape","PiercingWail","Well Laid Plans+1"],"picked":"SKIP","floor":42},{"not_picked":["Conserve Battery","Redo+1","Slice","Heel Hook+1"],"picked":"SKIP","floor":45},{"not_picked":["ReplayTheSpireMod:Exploit Weakness+1","Quick Slash+1","Gash+1","Crippling Poison"],"picked":"SKIP","floor":48}],"player_experience":366023,"relics_obtained":[{"floor":9,"key":"Pet Ghost"},{"floor":10,"key":"Replay:Wax Seal"},{"floor":15,"key":"Torii"},{"floor":23,"key":"Letter Opener"},{"floor":26,"key":"Blue Candle"},{"floor":47,"key":"Frozen Egg 2"}],"event_choices":[{"damage_healed":0,"gold_gain":0,"player_choice":"Leave","damage_taken":0,"max_hp_gain":0,"max_hp_loss":0,"event_name":"The Cleric","floor":2,"gold_loss":0},{"damage_healed":0,"gold_gain":75,"player_choice":"Gather Gold","damage_taken":11,"max_hp_gain":0,"max_hp_loss":0,"event_name":"World of Goop","floor":4,"gold_loss":0},{"damage_healed":0,"gold_gain":0,"player_choice":"Searched \u00271\u0027 times","damage_taken":0,"max_hp_gain":0,"max_hp_loss":0,"event_name":"Dead Adventurer","floor":10,"gold_loss":0},{"cards_removed":["Strike_B"],"damage_healed":0,"gold_gain":0,"player_choice":"Card Removal","damage_taken":7,"max_hp_gain":0,"max_hp_loss":0,"event_name":"Golden Wing","floor":12,"gold_loss":0},{"cards_removed":["Strike_B"],"damage_healed":0,"gold_gain":0,"player_choice":"Gave Gold","damage_taken":0,"max_hp_gain":0,"max_hp_loss":0,"event_name":"Beggar","floor":19,"gold_loss":75},{"damage_healed":0,"gold_gain":0,"player_choice":"Forge","damage_taken":0,"max_hp_gain":0,"max_hp_loss":0,"event_name":"Accursed Blacksmith","floor":21,"gold_loss":0,"cards_upgraded":["Electrodynamics"]},{"damage_healed":0,"gold_gain":0,"player_choice":"Memory 1","damage_taken":0,"max_hp_gain":0,"max_hp_loss":0,"event_name":"SensoryStone","floor":40,"gold_loss":0}],"is_beta":false,"boss_relics":[{"not_picked":["aspiration:SecretTechniqueScroll","Black Star"],"picked":"aspiration:SilentSkillbook"},{"not_picked":["Tiny House","Replay:Wanted Poster"],"picked":"Sozu"}],"items_purged_floors":[22,29,38],"is_endless":false,"potions_floor_spawned":[1,7,13,23,25,37,39,42,45],"killed_by":"Shield and Spear","ascension_level":4}}