{"host":"raaimkojny05jekw","time":1609826311,"event":{"mods":["AchievementEnabler","BaseMod","Colored Map","Colored Powertips","DeckTracker","Minty Spire (QoL Compilation)","Quick Restart","Rare Cards Sparkle","everything is the same but u backflip on backflip"],"gold_per_floor":[110,123,136,156,173,173,192,192,192,207,221,2,2,15,15,110,410,426,442,293,305,220,220,220,220,220,255,270,270,270],"floor_reached":29,"playtime":976,"items_purged":["Strike_R"],"score":271,"play_id":"358b46e5-570a-4a32-ac8e-513b8ceffd37","local_time":"20210105145831","is_ascension_mode":true,"campfire_choices":[{"data":"Bash","floor":6,"key":"SMITH"},{"data":"Clothesline","floor":8,"key":"SMITH"},{"data":"Heavy Blade","floor":13,"key":"SMITH"},{"data":"Inflame","floor":15,"key":"SMITH"},{"data":"Limit Break","floor":23,"key":"SMITH"},{"data":"Flex","floor":25,"key":"SMITH"}],"circlet_count":0,"master_deck":["Strike_R","Strike_R","Strike_R","Strike_R","Defend_R","Defend_R","Defend_R","Defend_R","Bash+1","Cleave","Clothesline+1","Pommel Strike","Flex+1","Perfected Strike","Inflame+1","Heavy Blade+1","Battle Trance","Brutality","CurseOfTheBell","Power Through","Inflame","Limit Break+1","Disarm","Flame Barrier","Bloodletting"],"relics":["Burning Blood","Ginger","Self Forming Clay","ClockworkSouvenir","Calling Bell","Bronze Scales","Question Card","Old Coin","Orichalcum","Paper Frog","Red Mask"],"acts_visited":["Exordium","TheCity"],"potions_floor_usage":[4,10,16,18,18,27,27,29],"damage_taken":[{"damage":5,"enemies":"2 Louse","floor":1,"turns":3},{"damage":3,"enemies":"Small Slimes","floor":2,"turns":3},{"damage":12,"enemies":"Jaw Worm","floor":3,"turns":2},{"damage":6,"enemies":"Looter","floor":4,"turns":2},{"damage":11,"enemies":"Red Slaver","floor":5,"turns":3},{"damage":14,"enemies":"Lots of Slimes","floor":7,"turns":3},{"damage":14,"enemies":"Exordium Thugs","floor":10,"turns":2},{"damage":0,"enemies":"Large Slime","floor":11,"turns":4},{"damage":6,"enemies":"3 Louse","floor":14,"turns":3},{"damage":18,"enemies":"Slime Boss","floor":16,"turns":6},{"damage":23,"enemies":"2 Thieves","floor":18,"turns":3},{"damage":8,"enemies":"Chosen","floor":19,"turns":3},{"damage":20,"enemies":"Snecko","floor":21,"turns":4},{"damage":13,"enemies":"Masked Bandits","floor":27,"turns":4},{"damage":6,"enemies":"Cultist and Chosen","floor":28,"turns":5},{"damage":46,"enemies":"Gremlin Leader","floor":29,"turns":9}],"seed_played":"-4679746920808302925","potions_obtained":[{"floor":2,"key":"Fire Potion"},{"floor":3,"key":"Fire Potion"},{"floor":4,"key":"PowerPotion"},{"floor":7,"key":"Swift Potion"},{"floor":16,"key":"FearPotion"},{"floor":18,"key":"Strength Potion"},{"floor":21,"key":"BloodPotion"},{"floor":28,"key":"Dexterity Potion"}],"is_trial":false,"path_per_floor":["M","M","M","M","M","R","M","R","T","M","M","$","R","M","R","B",null,"M","M","$","M","?","R","?","R","T","?","M","E"],"character_chosen":"IRONCLAD","items_purchased":["ClockworkSouvenir","Limit Break"],"campfire_rested":0,"item_purchase_floors":[12,20],"current_hp_per_floor":[72,72,66,66,61,61,53,53,53,45,51,51,51,51,51,39,72,55,53,53,39,39,39,39,39,39,46,46,0,0],"gold":270,"neow_bonus":"ONE_RARE_RELIC","is_daily":false,"chose_seed":false,"campfire_upgraded":6,"win_rate":0.0,"timestamp":1609826311,"path_taken":["M","M","M","M","M","R","M","R","T","M","M","$","R","M","R","BOSS","M","M","$","M","?","R","?","R","T","?","M","E"],"items_purchased_type":["Relic","Card"],"build_version":"2020-12-22","purchased_purges":1,"victory":false,"max_hp_per_floor":[72,72,72,72,72,72,72,72,72,72,72,72,72,72,72,72,72,72,72,72,72,72,72,72,72,72,72,72,72,72],"card_choices":[{"not_picked":["Clothesline","Flex"],"picked":"Cleave","floor":1},{"not_picked":["Blood for Blood","Feel No Pain"],"picked":"Clothesline","floor":2},{"not_picked":["Disarm","Havoc"],"picked":"Pommel Strike","floor":3},{"not_picked":["Burning Pact","Second Wind"],"picked":"Flex","floor":4},{"not_picked":["Flex","Dropkick"],"picked":"Perfected Strike","floor":5},{"not_picked":["Clash","Heavy Blade","Cleave"],"picked":"SKIP","floor":7},{"not_picked":["Whirlwind","Cleave"],"picked":"Inflame","floor":10},{"not_picked":["Brutality","Armaments"],"picked":"Heavy Blade","floor":11},{"not_picked":["Twin Strike","Flex"],"picked":"Battle Trance","floor":14},{"not_picked":["Fiend Fire","Juggernaut"],"picked":"Brutality","floor":16},{"not_picked":["Burning Pact","Flex","Clothesline"],"picked":"Power Through","floor":18},{"not_picked":["Sword Boomerang","Anger","Havoc"],"picked":"Inflame","floor":19},{"not_picked":["Dropkick","Body Slam","Sword Boomerang"],"picked":"Disarm","floor":21},{"not_picked":["Dark Embrace","Clash","Thunderclap"],"picked":"Flame Barrier","floor":27},{"not_picked":["Wild Strike","Sword Boomerang","Pommel Strike"],"picked":"Bloodletting","floor":28}],"player_experience":709658,"relics_obtained":[{"floor":9,"key":"Self Forming Clay"},{"floor":17,"key":"Bronze Scales"},{"floor":17,"key":"Question Card"},{"floor":17,"key":"Old Coin"},{"floor":26,"key":"Paper Frog"},{"floor":27,"key":"Red Mask"}],"event_choices":[{"damage_healed":0,"gold_gain":0,"player_choice":"Obtained Relic","damage_taken":0,"relics_obtained":["Orichalcum"],"max_hp_gain":0,"max_hp_loss":0,"event_name":"Addict","floor":22,"gold_loss":85},{"damage_healed":0,"gold_gain":0,"player_choice":"Ignored","damage_taken":0,"max_hp_gain":0,"max_hp_loss":0,"event_name":"Vampires","floor":24,"gold_loss":0},{"damage_healed":0,"gold_gain":0,"player_choice":"Fought Bandits","damage_taken":0,"max_hp_gain":0,"max_hp_loss":0,"event_name":"Masked Bandits","floor":27,"gold_loss":0}],"is_beta":false,"boss_relics":[{"not_picked":["SlaversCollar","Black Star"],"picked":"Calling Bell"}],"items_purged_floors":[12],"is_endless":false,"potions_floor_spawned":[2,3,4,7,16,18,21,28],"killed_by":"Gremlin Leader","ascension_level":2}}