{"host":"4so6zk3ni2nu7g2c","time":1609851692,"event":{"mods":["Act Like it!","BaseMod","Gensokyo","Lobotomy","Minty Spire (QoL Compilation)","Prisma Mod","Quick Restart","Replay The Spire","Shop Mod","StSLib","The Alterego"],"gold_per_floor":[216,216,216,216,230,258,258,273,296,315,315,20,64,64,64,173,223,249,499,535,554,579,579,616,631,654,654,678,704,22,41,41,157,157,177,193,219,246,255,255,295,318,370,143,182,191,191,191,191,191,191,191,191,25,67,67,67],"floor_reached":56,"playtime":3075,"items_purged":["alterego_mod:Strike","alterego_mod:Strike"],"score":887,"play_id":"8b38ae2c-3599-4df9-a6d6-d2422cf9286d","local_time":"20210105210132","is_ascension_mode":false,"campfire_choices":[{"data":"alterego_mod:Belle","floor":7.0,"key":"SMITH"},{"data":"alterego_mod:TrashNCrash","floor":11.0,"key":"SMITH"},{"floor":15.0,"key":"REST"},{"data":"alterego_mod:AlterEgo","floor":23.0,"key":"SMITH"},{"data":"alterego_mod:ChallengeComplete","floor":27.0,"key":"SMITH"},{"data":"alterego_mod:Mirror","floor":32.0,"key":"SMITH"},{"data":"alterego_mod:ClassAdvantage","floor":40.0,"key":"SMITH"},{"floor":47,"key":"RECALL"},{"floor":49,"key":"REST"},{"data":"alterego_mod:Lift","floor":53,"key":"SMITH"}],"circlet_count":0,"master_deck":["alterego_mod:Strike","alterego_mod:Defend","alterego_mod:Defend","alterego_mod:Defend","alterego_mod:Defend","alterego_mod:Impale","alterego_mod:BigMeatyClaws+1","alterego_mod:BrynhildrsRune","alterego_mod:SakuraFive+1","alterego_mod:RocketPunch","alterego_mod:Mirror+1","alterego_mod:DeftHands","alterego_mod:MagicResistance+1","alterego_mod:TrashNCrash+1","alterego_mod:AlterEgo+1","alterego_mod:ChallengeComplete+1","alterego_mod:BrynhildrRomantia+1","alterego_mod:1TonWallop+1","Gensokyo:FourOfAKind","Gensokyo:FourOfAKind","Gensokyo:FourOfAKind","Gensokyo:FourOfAKind","alterego_mod:BiFurious+1","alterego_mod:Clones+1","alterego_mod:Birthday+1","alterego_mod:STier","alterego_mod:Clones+1","alterego_mod:MagicResistance+1","alterego_mod:ClassAdvantage+1","alterego_mod:Pet+1","alterego_mod:Exercise+1","alterego_mod:Lift+1","Gensokyo:MedicineKit","alterego_mod:Cushion","alterego_mod:SakuraLabyrinth+1"],"relics":["alterego_mod:MasochisticConstitution","Ring of Panic","Replay:Wax Seal","Akabeko","CeramicFish","FossilizedHelix","Tiny House","Anchor","Vajra","Medical Kit","Guide Book","ClockworkSouvenir","Sling","Toy Ornithopter","Replay:Bronze Core","Ginger","ReplayFunnel","Pen Nib","Juzu Bracelet","Gremlin Food","Blue Doll"],"acts_visited":["Gensokyo:Gensokyo","Gensokyo:Gensokyoer","Gensokyo:Gensokyoest","TheEnding"],"potions_floor_usage":[45,56,56,56],"damage_taken":[{"damage":5.0,"enemies":"Gensokyo:Python","floor":1.0,"turns":6.0},{"damage":1.0,"enemies":"Gensokyo:2_Kodama","floor":5.0,"turns":3.0},{"damage":12.0,"enemies":"Gensokyo:Mamizou","floor":6.0,"turns":7.0},{"damage":10.0,"enemies":"Gensokyo:Gryphon","floor":8.0,"turns":3.0},{"damage":0.0,"enemies":"Gensokyo:LivingMonolith","floor":10.0,"turns":3.0},{"damage":35.0,"enemies":"Gensokyo:Aya","floor":13.0,"turns":6.0},{"damage":39.0,"enemies":"Gensokyo:Kokoro","floor":16.0,"turns":8.0},{"damage":0.0,"enemies":"Gensokyo:CosmicMonolith","floor":18.0,"turns":2.0},{"damage":0.0,"enemies":"Gensokyo:2_Gloops","floor":21.0,"turns":2.0},{"damage":24.0,"enemies":"Gensokyo:Wraith","floor":22.0,"turns":3.0},{"damage":0.0,"enemies":"Gensokyo:Reisen","floor":24.0,"turns":6.0},{"damage":16.0,"enemies":"Gensokyo:Slime_Group","floor":25.0,"turns":5.0},{"damage":12.0,"enemies":"Gensokyo:3_Gloops","floor":28.0,"turns":4.0},{"damage":20.0,"enemies":"Gensokyo:Swordslinger","floor":29.0,"turns":4.0},{"damage":0.0,"enemies":"Gensokyo:Wraith","floor":31.0,"turns":2.0},{"damage":4.0,"enemies":"Gensokyo:Eternal_Rivals","floor":33.0,"turns":5.0},{"damage":0.0,"enemies":"Gensokyo:3_Boulders","floor":35.0,"turns":4.0},{"damage":32.0,"enemies":"Gensokyo:AncientGuardian","floor":36.0,"turns":5.0},{"damage":19.0,"enemies":"Gensokyo:Sharpion","floor":37.0,"turns":4.0},{"damage":8.0,"enemies":"Gensokyo:4_Bats","floor":38.0,"turns":2.0},{"damage":9,"enemies":"Gensokyo:Marisa","floor":41,"turns":2},{"damage":0,"enemies":"Gensokyo:Rafflesia","floor":42,"turns":3},{"damage":24,"enemies":"Gensokyo:Kasen","floor":45,"turns":6},{"damage":19,"enemies":"Gensokyo:Scarlet_Devils","floor":50,"turns":7},{"damage":2,"enemies":"Shield and Spear","floor":55,"turns":5},{"damage":87,"enemies":"The Heart","floor":56,"turns":12}],"seed_played":"8179310199409194237","potions_obtained":[{"floor":6.0,"key":"SteroidPotion"},{"floor":8.0,"key":"CultistPotion"},{"floor":10.0,"key":"SpeedPotion"},{"floor":21.0,"key":"Flashbang"},{"floor":22.0,"key":"Strength Potion"},{"floor":31.0,"key":"Energy Potion"},{"floor":55,"key":"Swift Potion"}],"is_trial":false,"path_per_floor":["M","?","?","?","M","E","R","M","T","M","R","$","E","?","R","B",null,"M","?","?","M","M","R","E","M","T","R","M","M","COS","M","R","B",null,"M","M","M","M","?","R","E","M","T","$","E","?","R","?","R","B",null,null,"R","$","E","B"],"character_chosen":"The_Alterego","items_purchased":["CeramicFish","alterego_mod:AlterEgo","Pen Nib","alterego_mod:Cushion"],"campfire_rested":2,"item_purchase_floors":[12,12,44,54],"current_hp_per_floor":[66,66,73,73,73,62,62,53,53,53,53,53,19,19,43,5,88,87,82,58,57,34,34,55,52,52,52,61,52,52,66,66,70,74,78,47,46,39,39,39,31,45,45,45,30,30,30,30,54,46,46,84,84,84,83,0,0],"gold":67,"neow_bonus":"HUNDRED_GOLD","is_daily":false,"chose_seed":false,"campfire_upgraded":7,"win_rate":0.0,"timestamp":1609851692,"path_taken":["M","?","?","?","M","E","R","M","T","M","R","$","E","?","R","BOSS","M","?","?","?","M","R","E","M","T","R","?","M","COS","M","R","BOSS","M","M","M","M","?","R","E","M","T","$","E","?","R","?","R","BOSS","R","$","E","BOSS"],"items_purchased_type":["Relic","Card","Relic","Card"],"build_version":"2020-12-22","purchased_purges":2,"victory":false,"max_hp_per_floor":[71,71,78,78,79,80,80,81,81,81,81,81,82,82,82,83,88,87,82,58,57,58,58,57,61,61,61,61,65,65,69,69,74,74,78,79,80,81,81,81,82,82,82,82,83,83,83,83,83,84,84,84,84,84,85,85,85],"card_choices":[{"not_picked":["alterego_mod:Skirt","alterego_mod:DustData"],"picked":"alterego_mod:SakuraFive","floor":1.0},{"not_picked":["alterego_mod:MagicResistance","alterego_mod:Smother"],"picked":"alterego_mod:Belle","floor":2.0},{"not_picked":["alterego_mod:1TonWallop","alterego_mod:Cooking"],"picked":"alterego_mod:RocketPunch","floor":2.0},{"not_picked":["alterego_mod:Schoolgirl","alterego_mod:Collar"],"picked":"alterego_mod:Mirror","floor":5.0},{"not_picked":["alterego_mod:Jiggle","alterego_mod:Stockings"],"picked":"alterego_mod:DeftHands","floor":6.0},{"not_picked":["alterego_mod:Cooking","alterego_mod:PresenceConcealment"],"picked":"alterego_mod:MagicResistance","floor":8.0},{"not_picked":["alterego_mod:Rip","alterego_mod:PerceptionDisorder"],"picked":"alterego_mod:TrashNCrash","floor":10.0},{"not_picked":["alterego_mod:1TonWallop","alterego_mod:Cooking"],"picked":"alterego_mod:ChallengeComplete","floor":13.0},{"not_picked":["alterego_mod:Alter","alterego_mod:InsideBaseball"],"picked":"alterego_mod:BrynhildrRomantia","floor":16.0},{"not_picked":["alterego_mod:Swimsuit","alterego_mod:Birthday"],"picked":"alterego_mod:1TonWallop+1","floor":18.0},{"not_picked":["alterego_mod:Bunnysuit","alterego_mod:Cycle","alterego_mod:HighServant"],"picked":"SKIP","floor":21.0},{"not_picked":["alterego_mod:Bounce","alterego_mod:Stockings"],"picked":"alterego_mod:BiFurious+1","floor":22.0},{"not_picked":["alterego_mod:Mirror","alterego_mod:Santa+1","alterego_mod:Lingerie+1"],"picked":"SKIP","floor":24.0},{"not_picked":["alterego_mod:Cycle+1","alterego_mod:Complex+1","alterego_mod:Valentines"],"picked":"SKIP","floor":25.0},{"not_picked":["alterego_mod:HighServant","alterego_mod:MagicResistance"],"picked":"alterego_mod:Clones+1","floor":28.0},{"not_picked":["alterego_mod:Crossover+1","alterego_mod:Table"],"picked":"alterego_mod:Birthday+1","floor":29.0},{"not_picked":["alterego_mod:Jiggle","alterego_mod:GachaTicket","alterego_mod:1TonWallop"],"picked":"SKIP","floor":31.0},{"not_picked":["alterego_mod:Vow","alterego_mod:Rake"],"picked":"alterego_mod:STier","floor":33.0},{"not_picked":["alterego_mod:GoddessCore+1","alterego_mod:IndependentAction","alterego_mod:DiscoLights+1"],"picked":"SKIP","floor":35.0},{"not_picked":["alterego_mod:SuperDuperMasochism","alterego_mod:Bounce","alterego_mod:PerceptionDisorder"],"picked":"SKIP","floor":36.0},{"not_picked":["alterego_mod:1TonWallop","alterego_mod:Clap+1"],"picked":"alterego_mod:Clones+1","floor":37.0},{"not_picked":["alterego_mod:Bounce","alterego_mod:TrashNCrash"],"picked":"alterego_mod:MagicResistance+1","floor":38.0},{"not_picked":["alterego_mod:GoddessCore","alterego_mod:Smother"],"picked":"alterego_mod:Pet+1","floor":41},{"not_picked":["alterego_mod:Skirt","alterego_mod:Birthday"],"picked":"alterego_mod:Exercise+1","floor":42},{"not_picked":["alterego_mod:Mirror","alterego_mod:BeGentle+1"],"picked":"alterego_mod:Lift","floor":45},{"not_picked":["alterego_mod:SakuraPetals","alterego_mod:DiscoLights+1"],"picked":"alterego_mod:SakuraLabyrinth+1","floor":55}],"player_experience":443263,"relics_obtained":[{"floor":4.0,"key":"Ring of Panic"},{"floor":6.0,"key":"Replay:Wax Seal"},{"floor":9.0,"key":"Akabeko"},{"floor":13.0,"key":"FossilizedHelix"},{"floor":24.0,"key":"Anchor"},{"floor":26.0,"key":"Vajra"},{"floor":41,"key":"ReplayFunnel"},{"floor":45,"key":"Juzu Bracelet"},{"floor":55,"key":"Blue Doll"}],"event_choices":[],"is_beta":false,"boss_relics":[{"not_picked":["Honey Jar","Ring of Chaos"],"picked":"Tiny House"},{"not_picked":["SacredBark","Black Star"],"picked":"Replay:Bronze Core"}],"items_purged_floors":[44,54],"is_endless":false,"potions_floor_spawned":[6,8,10,13,21,22,31,38,41,55],"killed_by":"The Heart","ascension_level":0}}