{"host":"dgf4n6lo35jtjz0c","time":1609842522,"event":{"mods":["AchievementEnabler","BaseMod","Bestiary","Colored Powertips","Minty Spire (QoL Compilation)"],"gold_per_floor":[119,194,209,384,395,395,725,725,725,739,758,772,772,791,791,896,896,821,821,391,391,157,157,157,157,157,157,157,61,61,61,61,61,61,61,61,61,61,61,61,61,61,61,61,61,61,9,9,9,9],"floor_reached":51,"playtime":3412,"items_purged":["Doubt"],"score":746,"play_id":"fe6f9b05-9481-4c51-8b22-6f49757e9915","local_time":"20210105212842","is_ascension_mode":false,"campfire_choices":[{"data":"Noxious Fumes","floor":6.0,"key":"SMITH"},{"floor":8.0,"key":"REST"},{"data":"Crippling Poison","floor":15.0,"key":"SMITH"},{"data":"Noxious Fumes","floor":24.0,"key":"SMITH"},{"data":"A Thousand Cuts","floor":28.0,"key":"SMITH"},{"data":"Corpse Explosion","floor":32.0,"key":"SMITH"},{"floor":40,"key":"REST"},{"data":"Caltrops","floor":45,"key":"SMITH"},{"data":"Noxious Fumes","floor":49,"key":"SMITH"}],"circlet_count":0,"master_deck":["Strike_G+1","Strike_G+1","Strike_G+1","Strike_G+1","Strike_G+1","Defend_G+1","Defend_G+1","Defend_G+1","Defend_G+1","Survivor","Neutralize","Noxious Fumes+1","Dodge and Roll","Deadly Poison","Leg Sweep","Deadly Poison","Crippling Poison+1","A Thousand Cuts+1","Cloak And Dagger","Noxious Fumes+1","Corpse Explosion+1","Deflect+1","Poisoned Stab","Good Instincts+1","Dodge and Roll+1","Caltrops+1","Terror+1","Bullet Time+1","Escape Plan+1","Terror+1","Slice+1","Dodge and Roll+1","Deadly Poison+1","Cloak And Dagger+1","Noxious Fumes+1","Catalyst+1"],"relics":["Runic Pyramid","Old Coin","The Courier","Ectoplasm","Toxic Egg 2","Membership Card","Omamori","Mummified Hand","Ornamental Fan","Blue Candle","Matryoshka","Enchiridion","HoveringKite","FossilizedHelix","Ancient Tea Set","Bronze Scales"],"acts_visited":["Exordium","TheCity","TheBeyond"],"potions_floor_usage":[38,50,50],"damage_taken":[{"damage":2.0,"enemies":"Jaw Worm","floor":1.0,"turns":5.0},{"damage":0.0,"enemies":"2 Louse","floor":3.0,"turns":3.0},{"damage":0.0,"enemies":"Cultist","floor":5.0,"turns":4.0},{"damage":14.0,"enemies":"3 Sentries","floor":7.0,"turns":7.0},{"damage":0.0,"enemies":"Exordium Wildlife","floor":10.0,"turns":5.0},{"damage":10.0,"enemies":"2 Fungi Beasts","floor":11.0,"turns":4.0},{"damage":1.0,"enemies":"Exordium Thugs","floor":12.0,"turns":5.0},{"damage":2.0,"enemies":"Red Slaver","floor":14.0,"turns":5.0},{"damage":0.0,"enemies":"Hexaghost","floor":16.0,"turns":7.0},{"damage":5.0,"enemies":"2 Thieves","floor":18.0,"turns":4.0},{"damage":0.0,"enemies":"Spheric Guardian","floor":21.0,"turns":4.0},{"damage":5.0,"enemies":"Slavers","floor":23.0,"turns":4.0},{"damage":3.0,"enemies":"Snake Plant","floor":27.0,"turns":5.0},{"damage":0.0,"enemies":"Cultist and Chosen","floor":31.0,"turns":4.0},{"damage":39.0,"enemies":"Collector","floor":33.0,"turns":8.0},{"damage":25.0,"enemies":"3 Darklings","floor":35.0,"turns":4.0},{"damage":0,"enemies":"Orb Walker","floor":36,"turns":3},{"damage":0,"enemies":"Maw","floor":37,"turns":8},{"damage":18,"enemies":"Jaw Worm Horde","floor":38,"turns":3},{"damage":0,"enemies":"Mind Bloom Boss Battle","floor":41,"turns":7},{"damage":0,"enemies":"Writhing Mass","floor":44,"turns":5},{"damage":0,"enemies":"Transient","floor":46,"turns":5},{"damage":0,"enemies":"Maw","floor":48,"turns":6},{"damage":34,"enemies":"Time Eater","floor":50,"turns":10}],"seed_played":"6096835195802977117","potions_obtained":[{"floor":5.0,"key":"Dexterity Potion"},{"floor":11.0,"key":"Poison Potion"},{"floor":13.0,"key":"Fruit Juice"},{"floor":13.0,"key":"PowerPotion"},{"floor":14.0,"key":"PowerPotion"},{"floor":16.0,"key":"Block Potion"},{"floor":18.0,"key":"DistilledChaos"},{"floor":21.0,"key":"BlessingOfTheForge"},{"floor":23.0,"key":"Fruit Juice"},{"floor":37,"key":"Explosive Potion"},{"floor":46,"key":"FairyPotion"},{"floor":48,"key":"SkillPotion"}],"is_trial":false,"path_per_floor":["M","?","M","?","M","R","E","R","T","M","M","M","?","M","R","B",null,"M","?","$","M","$","E","R","?","T","M","R","$","?","M","R","B",null,"M","M","M","M","?","R","?","?","T","M","R","M","$","M","R","B",null],"character_chosen":"THE_SILENT","items_purchased":["Noxious Fumes","Corpse Explosion","Toxic Egg 2","Membership Card","Omamori","Poisoned Stab","Good Instincts+1","Matryoshka","Noxious Fumes","PowerPotion"],"campfire_rested":2,"item_purchase_floors":[20,20,20,22,22,22,22,29,47,47],"current_hp_per_floor":[68,57,57,57,57,57,43,64,64,64,54,53,58,56,56,56,75,70,70,70,70,70,70,70,70,70,67,67,67,51,51,51,12,80,55,55,55,37,37,61,61,61,61,61,61,61,61,61,61,27],"gold":9,"neow_bonus":"BOSS_RELIC","is_daily":false,"chose_seed":false,"campfire_upgraded":7,"win_rate":0.0,"timestamp":1609842522,"path_taken":["M","?","M","?","M","R","E","R","T","M","M","M","?","?","R","BOSS","M","?","$","M","$","E","R","?","T","?","R","?","?","M","R","BOSS","M","M","M","M","?","R","?","?","T","M","R","M","$","M","R","BOSS"],"items_purchased_type":["Card","Card","Relic","Relic","Relic","Card","Card","Relic","Card","Potion"],"build_version":"2020-12-22","purchased_purges":1,"victory":true,"max_hp_per_floor":[70,70,70,70,70,70,70,70,70,70,70,70,75,75,75,75,75,75,75,75,75,75,80,80,80,80,80,80,80,80,80,80,80,80,80,80,80,80,80,80,80,80,80,80,80,80,80,80,80,80],"card_choices":[{"not_picked":["Quick Slash","Dagger Throw","Escape Plan"],"picked":"SKIP","floor":1.0},{"not_picked":["Acrobatics","Reflex","Dagger Throw"],"picked":"SKIP","floor":3.0},{"not_picked":["Poisoned Stab","Prepared"],"picked":"Noxious Fumes","floor":5.0},{"not_picked":["Skewer","Quick Slash"],"picked":"Dodge and Roll","floor":7.0},{"not_picked":["Deflect","Reflex"],"picked":"Deadly Poison","floor":10.0},{"not_picked":["Masterful Stab","Backflip"],"picked":"Leg Sweep","floor":11.0},{"not_picked":["Malaise","Dagger Throw"],"picked":"Deadly Poison","floor":12.0},{"not_picked":["Heel Hook","Underhanded Strike"],"picked":"Crippling Poison","floor":14.0},{"not_picked":["Die Die Die","Bullet Time"],"picked":"A Thousand Cuts","floor":16.0},{"not_picked":["Outmaneuver","Sucker Punch+1"],"picked":"Cloak And Dagger","floor":18.0},{"not_picked":["Dagger Throw+1","Outmaneuver+1"],"picked":"Deflect+1","floor":21.0},{"not_picked":["Flechettes+1","Prepared+1"],"picked":"Dodge and Roll+1","floor":23.0},{"not_picked":["Bane","Dagger Throw"],"picked":"Caltrops","floor":27.0},{"not_picked":["Quick Slash","Sucker Punch"],"picked":"Terror+1","floor":31.0},{"not_picked":["After Image","A Thousand Cuts"],"picked":"Bullet Time+1","floor":33.0},{"not_picked":["Sucker Punch","Quick Slash+1"],"picked":"Escape Plan+1","floor":35.0},{"not_picked":["Underhanded Strike","Reflex+1"],"picked":"Terror+1","floor":36},{"not_picked":["Dagger Spray","Bane+1"],"picked":"Slice+1","floor":37},{"not_picked":["Reflex+1","Acrobatics+1"],"picked":"Dodge and Roll+1","floor":38},{"not_picked":["Flying Knee","Night Terror+1"],"picked":"Deadly Poison+1","floor":41},{"not_picked":["Dagger Spray","Underhanded Strike","Quick Slash+1"],"picked":"SKIP","floor":44},{"not_picked":["Acrobatics+1","Tactician+1"],"picked":"Cloak And Dagger+1","floor":46},{"not_picked":["Outmaneuver+1","Masterful Stab"],"picked":"Catalyst+1","floor":48}],"player_experience":74599,"relics_obtained":[{"floor":7.0,"key":"Old Coin"},{"floor":9.0,"key":"The Courier"},{"floor":23.0,"key":"Mummified Hand"},{"floor":26.0,"key":"Blue Candle"},{"floor":30.0,"key":"Enchiridion"},{"floor":41,"key":"FossilizedHelix"},{"floor":43,"key":"Ancient Tea Set"},{"floor":43,"key":"Bronze Scales"}],"event_choices":[{"damage_healed":0.0,"max_hp_gain":0.0,"max_hp_loss":0.0,"gold_gain":75.0,"event_name":"World of Goop","player_choice":"Gather Gold","floor":2.0,"gold_loss":0.0,"damage_taken":11.0},{"damage_healed":0.0,"max_hp_gain":0.0,"max_hp_loss":0.0,"gold_gain":175.0,"event_name":"Liars Game","player_choice":"AGREE","floor":4.0,"gold_loss":0.0,"damage_taken":0.0,"cards_obtained":["Doubt"]},{"damage_healed":0.0,"max_hp_gain":0.0,"max_hp_loss":0.0,"gold_gain":0.0,"event_name":"Lab","player_choice":"Got Potions","floor":13.0,"gold_loss":0.0,"damage_taken":0.0},{"damage_healed":0.0,"max_hp_gain":0.0,"max_hp_loss":0.0,"gold_gain":0.0,"event_name":"Back to Basics","player_choice":"Simplicity","floor":19.0,"gold_loss":0.0,"damage_taken":0.0,"cards_upgraded":["Strike_G","Strike_G","Strike_G","Strike_G","Strike_G","Defend_G","Defend_G","Defend_G","Defend_G","Defend_G"]},{"damage_healed":0.0,"max_hp_gain":0.0,"max_hp_loss":0.0,"gold_gain":0.0,"event_name":"The Mausoleum","player_choice":"Opened","floor":25.0,"gold_loss":0.0,"damage_taken":0.0,"relics_obtained":["Ornamental Fan"]},{"damage_healed":0.0,"max_hp_gain":0.0,"max_hp_loss":0.0,"gold_gain":0.0,"event_name":"Cursed Tome","player_choice":"Obtained Book","floor":30.0,"gold_loss":0.0,"damage_taken":16.0},{"damage_healed":0,"gold_gain":0,"player_choice":"Ignored","damage_taken":0,"max_hp_gain":0,"max_hp_loss":0,"event_name":"Mysterious Sphere","floor":39,"gold_loss":0},{"damage_healed":0,"gold_gain":0,"player_choice":"Fight","damage_taken":0,"max_hp_gain":0,"max_hp_loss":0,"event_name":"MindBloom","floor":41,"gold_loss":0},{"cards_removed":["Defend_G"],"damage_healed":0,"gold_gain":0,"player_choice":"Removed Skill","damage_taken":0,"max_hp_gain":0,"max_hp_loss":0,"event_name":"Falling","floor":42,"gold_loss":0}],"is_beta":false,"boss_relics":[{"not_picked":["Coffee Dripper","Pandora\u0027s Box"],"picked":"Ectoplasm"},{"not_picked":["Empty Cage","Runic Dome"],"picked":"HoveringKite"}],"items_purged_floors":[20],"is_endless":false,"potions_floor_spawned":[5,11,14,16,18,21,23,37,46,48],"ascension_level":0}}