{"host":"axuns55dzq466eei","time":1609843851,"event":{"mods":["BaseMod","Colored Map","Keyboard Shortcuts","Minty Spire (QoL Compilation)","StSLib","SuperFastMode"],"gold_per_floor":[111,111,125,125,139,166,166,8,33,10,37,49,73,98,110,193,205,234,146,196,211,136,162,162,197,197,223,238,254,254,269,269,348,348,358,370,386,406,406,439,439,469,550,550,565,584,600,619,619,619,619,619,619,52,84,84],"floor_reached":57,"playtime":2774,"items_purged":["Defend_P","Strike_P","Defend_P+1"],"score":3406,"play_id":"27f4945a-6c6c-4170-94a7-370077c35db4","local_time":"20210105195051","is_ascension_mode":true,"campfire_choices":[{"data":"Eruption","floor":12,"key":"SMITH"},{"floor":15,"key":"REST"},{"floor":24,"key":"RECALL"},{"floor":30,"key":"REST"},{"floor":32,"key":"REST"},{"floor":41,"key":"REST"},{"floor":49,"key":"REST"},{"floor":53,"key":"REST"}],"circlet_count":0,"master_deck":["AscendersBane","Eruption+1","Vigilance+1","EmptyFist+1","MentalFortress+1","Adaptation+1","InnerPeace+1","FearNoEvil+1","Tantrum+1","Vault+1","Indignation+1"],"relics":["PureWater","NeowsBlessing","Juzu Bracelet","MawBank","Runic Pyramid","Dream Catcher","Toxic Egg 2","Pear","StoneCalendar","Empty Cage","Mango","Anchor","Yang","Bag of Preparation","Kunai"],"acts_visited":["Exordium","TheCity","TheBeyond","TheEnding"],"potions_floor_usage":[6,16,25,25,45,56,56],"damage_taken":[{"damage":0,"enemies":"Jaw Worm","floor":1,"turns":1},{"damage":0,"enemies":"Cultist","floor":3,"turns":1},{"damage":0,"enemies":"2 Louse","floor":5,"turns":1},{"damage":28,"enemies":"Gremlin Nob","floor":6,"turns":4},{"damage":1,"enemies":"Looter","floor":11,"turns":4},{"damage":0,"enemies":"Large Slime","floor":13,"turns":3},{"damage":7,"enemies":"Exordium Wildlife","floor":14,"turns":4},{"damage":0,"enemies":"The Guardian","floor":16,"turns":12},{"damage":0,"enemies":"Spheric Guardian","floor":18,"turns":3},{"damage":0,"enemies":"3 Byrds","floor":21,"turns":2},{"damage":8,"enemies":"Book of Stabbing","floor":23,"turns":3},{"damage":34,"enemies":"Slavers","floor":25,"turns":8},{"damage":16,"enemies":"Gremlin Leader","floor":27,"turns":5},{"damage":0,"enemies":"Cultist and Chosen","floor":28,"turns":3},{"damage":0,"enemies":"3 Cultists","floor":29,"turns":3},{"damage":9,"enemies":"Shelled Parasite and Fungi","floor":31,"turns":2},{"damage":0,"enemies":"Collector","floor":33,"turns":3},{"damage":9,"enemies":"3 Shapes","floor":35,"turns":3},{"damage":6,"enemies":"3 Darklings","floor":36,"turns":3},{"damage":0,"enemies":"Spire Growth","floor":37,"turns":3},{"damage":0,"enemies":"Sphere and 2 Shapes","floor":38,"turns":2},{"damage":0,"enemies":"Nemesis","floor":40,"turns":2},{"damage":0,"enemies":"Reptomancer","floor":42,"turns":3},{"damage":0,"enemies":"4 Shapes","floor":45,"turns":2},{"damage":0,"enemies":"Writhing Mass","floor":46,"turns":3},{"damage":0,"enemies":"Transient","floor":47,"turns":2},{"damage":0,"enemies":"3 Darklings","floor":48,"turns":3},{"damage":0,"enemies":"Awakened One","floor":50,"turns":4},{"damage":0,"enemies":"Donu and Deca","floor":51,"turns":4},{"damage":0,"enemies":"Shield and Spear","floor":55,"turns":2},{"damage":0,"enemies":"The Heart","floor":56,"turns":6}],"seed_played":"-2898643376620625578","potions_obtained":[{"floor":3,"key":"SkillPotion"},{"floor":5,"key":"Energy Potion"},{"floor":11,"key":"DuplicationPotion"},{"floor":16,"key":"SneckoOil"},{"floor":28,"key":"Dexterity Potion"},{"floor":31,"key":"Dexterity Potion"},{"floor":35,"key":"LiquidMemories"},{"floor":36,"key":"DuplicationPotion"},{"floor":40,"key":"Energy Potion"},{"floor":46,"key":"DuplicationPotion"}],"is_trial":false,"path_per_floor":["M","?","M","?","M","E","?","$","T","?","M","R","M","M","R","B",null,"M","$","?","M","?","E","R","E","T","E","M","M","R","M","R","B",null,"M","M","M","M","?","E","R","E","T","?","M","M","M","M","R","B","B",null,"R","$","E","B",null],"character_chosen":"WATCHER","items_purchased":["Adaptation","Yang","Bag of Preparation"],"campfire_rested":6,"item_purchase_floors":[8,54,54],"current_hp_per_floor":[61,54,54,54,54,26,6,6,6,23,22,22,22,15,35,35,60,60,60,60,60,60,52,52,18,28,12,12,12,35,26,49,49,71,62,56,56,56,56,70,92,92,92,92,92,92,92,92,92,92,92,92,92,92,92,92],"gold":84,"neow_bonus":"THREE_ENEMY_KILL","is_daily":false,"chose_seed":false,"campfire_upgraded":1,"win_rate":0.0,"timestamp":1609843851,"path_taken":["M","?","M","?","?","E","?","$","T","?","M","R","M","M","R","BOSS","M","$","?","M","?","E","R","E","T","E","M","M","R","M","R","BOSS","M","M","M","M","?","E","R","E","T","?","M","M","M","M","R","BOSS","BOSS","R","$","E","BOSS"],"items_purchased_type":["Card","Relic","Relic"],"build_version":"2020-12-22","purchased_purges":3,"victory":true,"max_hp_per_floor":[68,68,68,68,68,68,68,68,68,68,68,68,68,68,68,68,68,68,68,68,68,68,68,68,68,78,78,78,78,78,78,78,78,78,78,78,78,78,78,92,92,92,92,92,92,92,92,92,92,92,92,92,92,92,92,92],"card_choices":[{"not_picked":["FollowUp","Meditate","LikeWater"],"picked":"SKIP","floor":1},{"not_picked":["Halt","FollowUp"],"picked":"EmptyFist","floor":3},{"not_picked":["BowlingBash","Halt"],"picked":"MentalFortress","floor":5},{"not_picked":["CutThroughFate","FollowUp"],"picked":"LessonLearned","floor":6},{"not_picked":["FlyingSleeves","CutThroughFate","LikeWater"],"picked":"SKIP","floor":11},{"not_picked":["SandsOfTime","Tantrum"],"picked":"InnerPeace","floor":13},{"not_picked":["ThirdEye","EmptyBody","WindmillStrike"],"picked":"SKIP","floor":14},{"not_picked":["WreathOfFlame","FollowUp","Sanctity"],"picked":"SKIP","floor":18},{"not_picked":["EmptyFist","ClearTheMind+1","Halt"],"picked":"SKIP","floor":21},{"not_picked":["CrushJoints","Perseverance"],"picked":"FearNoEvil","floor":23},{"not_picked":["ReachHeaven","InnerPeace+1","LikeWater"],"picked":"SKIP","floor":25},{"not_picked":["SignatureMove","PathToVictory+1"],"picked":"Tantrum","floor":27},{"not_picked":["Swivel+1","Collect+1","BowlingBash"],"picked":"SKIP","floor":28},{"not_picked":["JustLucky","EmptyFist","PathToVictory+1"],"picked":"SKIP","floor":29},{"not_picked":["WreathOfFlame+1","Protect+1","EmptyMind+1"],"picked":"SKIP","floor":31},{"not_picked":["ThirdEye+1","FlyingSleeves+1"],"picked":"Vault+1","floor":32},{"not_picked":["ClearTheMind+1","InnerPeace+1","Protect+1"],"picked":"SKIP","floor":35},{"not_picked":["ClearTheMind+1","EmptyFist","FlurryOfBlows"],"picked":"SKIP","floor":36},{"not_picked":["EmptyFist+1","Evaluate+1","ThirdEye+1"],"picked":"SKIP","floor":37},{"not_picked":["Prostrate+1","EmptyFist+1","BattleHymn"],"picked":"SKIP","floor":38},{"not_picked":["DeusExMachina+1","SashWhip","BowlingBash"],"picked":"SKIP","floor":40},{"not_picked":["WheelKick","Tantrum","Consecrate"],"picked":"SKIP","floor":42},{"not_picked":["Pray+1","Nirvana","WaveOfTheHand+1"],"picked":"SKIP","floor":45},{"not_picked":["EmptyBody+1","Vengeance+1","Fasting2+1"],"picked":"SKIP","floor":46},{"not_picked":["FlyingSleeves+1","PathToVictory+1"],"picked":"Indignation+1","floor":47},{"not_picked":["Evaluate+1","Tantrum","ThirdEye+1"],"picked":"SKIP","floor":48},{"not_picked":["PathToVictory+1","BattleHymn","JustLucky"],"picked":"SKIP","floor":55}],"player_experience":1061144,"relics_obtained":[{"floor":6,"key":"Juzu Bracelet"},{"floor":9,"key":"MawBank"},{"floor":23,"key":"Dream Catcher"},{"floor":25,"key":"Toxic Egg 2"},{"floor":26,"key":"Pear"},{"floor":27,"key":"StoneCalendar"},{"floor":40,"key":"Mango"},{"floor":42,"key":"Anchor"},{"floor":55,"key":"Kunai"}],"event_choices":[{"cards_removed":["Defend_P"],"damage_healed":0,"gold_gain":0,"player_choice":"Card Removal","damage_taken":7,"max_hp_gain":0,"max_hp_loss":0,"event_name":"Golden Wing","floor":2,"gold_loss":0},{"cards_removed":["Strike_P"],"damage_healed":0,"gold_gain":0,"player_choice":"Offered Basic","damage_taken":0,"max_hp_gain":0,"max_hp_loss":0,"event_name":"Bonfire Elementals","floor":4,"gold_loss":0},{"damage_healed":0,"gold_gain":0,"player_choice":"Entered Light","damage_taken":20,"max_hp_gain":0,"max_hp_loss":0,"event_name":"Shining Light","floor":7,"gold_loss":0,"cards_upgraded":["Strike_P","Vigilance"]},{"damage_healed":17,"gold_gain":0,"player_choice":"Healed","damage_taken":0,"max_hp_gain":0,"max_hp_loss":0,"event_name":"The Cleric","floor":10,"gold_loss":35},{"damage_healed":0,"gold_gain":50,"player_choice":"Stole From Cult","damage_taken":0,"max_hp_gain":0,"max_hp_loss":0,"event_name":"Nest","floor":20,"gold_loss":0},{"cards_removed":["Defend_P"],"damage_healed":0,"gold_gain":0,"player_choice":"Gave Gold","damage_taken":0,"max_hp_gain":0,"max_hp_loss":0,"event_name":"Beggar","floor":22,"gold_loss":75},{"cards_removed":["LessonLearned"],"damage_healed":0,"gold_gain":0,"player_choice":"Removed Attack","damage_taken":0,"max_hp_gain":0,"max_hp_loss":0,"event_name":"Falling","floor":39,"gold_loss":0},{"damage_healed":0,"gold_gain":0,"player_choice":"0 cards matched","damage_taken":0,"max_hp_gain":0,"max_hp_loss":0,"event_name":"Match and Keep!","floor":44,"gold_loss":0,"cards_obtained":[]}],"is_beta":false,"boss_relics":[{"not_picked":["Black Star","Pandora\u0027s Box"],"picked":"Runic Pyramid"},{"not_picked":["SlaversCollar","Coffee Dripper"],"picked":"Empty Cage"}],"items_purged_floors":[8,19,54],"is_endless":false,"potions_floor_spawned":[3,5,11,13,16,21,28,31,33,35,36,40,46,47,48],"ascension_level":20}}