{"host":"lpogke4cwz8zw1ju","time":1609869668,"event":{"mods":["Always Whale","BaseMod","Minty Spire (QoL Compilation)","Permanent Neow"],"gold_per_floor":[12,12,26,26,26,55,55,75,146,165,165,198,209,209,209,307,307,307],"floor_reached":17,"playtime":920,"items_purged":[],"score":190,"play_id":"ada8634b-2256-4641-ae2b-b13ca4f43c81","local_time":"20210105190108","is_ascension_mode":false,"campfire_choices":[{"floor":7,"key":"REST"},{"floor":15,"key":"REST"}],"circlet_count":0,"master_deck":["Strike_G","Strike_G+1","Strike_G","Strike_G","Defend_G","Defend_G","Defend_G","Survivor+1","Neutralize","Acrobatics","Slice","Flying Knee","Quick Slash"],"relics":["Ring of the Snake","Art of War","Pear","Dead Branch","HoveringKite"],"acts_visited":["Exordium","TheCity"],"potions_floor_usage":[12,16,16,16],"damage_taken":[{"damage":4,"enemies":"Jaw Worm","floor":1,"turns":5},{"damage":1,"enemies":"2 Louse","floor":3,"turns":3},{"damage":25,"enemies":"Gremlin Nob","floor":6,"turns":6},{"damage":5,"enemies":"Small Slimes","floor":8,"turns":3},{"damage":2,"enemies":"Looter","floor":10,"turns":4},{"damage":30,"enemies":"3 Sentries","floor":12,"turns":9},{"damage":2,"enemies":"Exordium Thugs","floor":13,"turns":4},{"damage":19,"enemies":"Slime Boss","floor":16,"turns":8}],"seed_played":"-904149914483693066","potions_obtained":[{"floor":6,"key":"Regen Potion"},{"floor":8,"key":"CunningPotion"},{"floor":13,"key":"Regen Potion"},{"floor":16,"key":"Fruit Juice"}],"is_trial":false,"path_per_floor":["M","?","M","?","?","E","R","M","T","M","$","E","M","?","R","B",null],"character_chosen":"THE_SILENT","items_purchased":[],"campfire_rested":2,"item_purchase_floors":[],"current_hp_per_floor":[66,66,65,51,51,26,47,42,52,50,50,35,33,33,57,58,85,85],"gold":307,"neow_bonus":"REMOVE_TWO","is_daily":false,"chose_seed":false,"campfire_upgraded":0,"win_rate":0.0,"timestamp":1609869668,"path_taken":["M","?","M","?","?","E","R","M","T","M","?","E","M","?","R","BOSS"],"items_purchased_type":[],"build_version":"2020-12-22","purchased_purges":0,"victory":false,"max_hp_per_floor":[70,70,70,70,70,70,70,70,80,80,80,80,80,80,80,85,85,85],"card_choices":[{"not_picked":["Underhanded Strike","Slice"],"picked":"Acrobatics","floor":1},{"not_picked":["Dagger Spray","Dodge and Roll","Terror"],"picked":"SKIP","floor":3},{"not_picked":["Sucker Punch","All Out Attack"],"picked":"Slice","floor":6},{"not_picked":["Eviscerate","Dodge and Roll","Blur"],"picked":"SKIP","floor":8},{"not_picked":["Noxious Fumes","Concentrate"],"picked":"Flying Knee","floor":10},{"not_picked":["Deflect","Flechettes"],"picked":"Quick Slash","floor":12},{"not_picked":["Reflex","Sucker Punch","Bane"],"picked":"SKIP","floor":13}],"player_experience":181321,"relics_obtained":[{"floor":6,"key":"Art of War"},{"floor":9,"key":"Pear"},{"floor":12,"key":"Dead Branch"}],"event_choices":[{"cards_removed":["Defend_G"],"damage_healed":0,"gold_gain":0,"player_choice":"Forget","damage_taken":0,"max_hp_gain":0,"max_hp_loss":0,"event_name":"Living Wall","floor":2,"gold_loss":0},{"damage_healed":0,"gold_gain":0,"player_choice":"Entered Light","damage_taken":14,"max_hp_gain":0,"max_hp_loss":0,"event_name":"Shining Light","floor":4,"gold_loss":0,"cards_upgraded":["Survivor","Strike_G"]},{"damage_healed":0,"gold_gain":0,"player_choice":"Ignored","damage_taken":0,"max_hp_gain":0,"max_hp_loss":0,"event_name":"Golden Idol","floor":5,"gold_loss":0},{"damage_healed":0,"gold_gain":0,"player_choice":"Ignored","damage_taken":0,"max_hp_gain":0,"max_hp_loss":0,"event_name":"Liars Game","floor":14,"gold_loss":0}],"is_beta":false,"boss_relics":[{"not_picked":["Coffee Dripper","Calling Bell"],"picked":"HoveringKite"}],"items_purged_floors":[],"is_endless":false,"potions_floor_spawned":[6,8,13,16],"ascension_level":0}}