{"host":"i1h39d0gfh5c6uxl","time":1609869315,"event":{"mods":["AchievementEnabler","BaseMod","Colored Map","Colored Powertips","Highlight Path","Minty Spire (QoL Compilation)"],"gold_per_floor":[112,55,74,87,12,12,12,44,44,44,79,79,90,108,108,108,108],"floor_reached":16,"playtime":612,"items_purged":["Strike_R"],"score":220,"play_id":"328407d9-e866-4c63-a226-86636fd35c6f","local_time":"20210106015515","is_ascension_mode":true,"campfire_choices":[{"data":"Bash","floor":6,"key":"SMITH"},{"floor":12,"key":"REST"},{"floor":15,"key":"REST"}],"circlet_count":0,"master_deck":["AscendersBane","Strike_R","Strike_R","Strike_R","Strike_R","Defend_R","Defend_R","Defend_R","Defend_R","Bash+1","Sadistic Nature","Sword Boomerang","Shrug It Off","Twin Strike","Impervious","Thunderclap","Pommel Strike"],"relics":["Burning Blood","Charon\u0027s Ashes","Question Card","Bag of Preparation"],"acts_visited":["Exordium"],"potions_floor_usage":[11,11],"damage_taken":[{"damage":1,"enemies":"Cultist","floor":1,"turns":3},{"damage":20,"enemies":"Small Slimes","floor":3,"turns":4},{"damage":11,"enemies":"Jaw Worm","floor":4,"turns":5},{"damage":32,"enemies":"Gremlin Nob","floor":8,"turns":4},{"damage":19,"enemies":"3 Sentries","floor":11,"turns":6},{"damage":0,"enemies":"3 Louse","floor":13,"turns":5},{"damage":18,"enemies":"Exordium Thugs","floor":14,"turns":5},{"damage":57,"enemies":"Slime Boss","floor":16,"turns":8}],"seed_played":"-325933431940480093","potions_obtained":[{"floor":3,"key":"LiquidBronze"},{"floor":4,"key":"Weak Potion"}],"is_trial":false,"path_per_floor":["M","$","M","M","$","R","$","E","T","?","E","R","M","M","R","B"],"character_chosen":"IRONCLAD","items_purchased":["Shrug It Off"],"campfire_rested":2,"item_purchase_floors":[2],"current_hp_per_floor":[68,68,54,49,49,49,49,23,23,23,10,30,36,24,44,0,0],"gold":108,"neow_bonus":"RANDOM_COLORLESS_2","is_daily":false,"chose_seed":false,"campfire_upgraded":1,"win_rate":0.0,"timestamp":1609869315,"path_taken":["M","?","M","M","$","R","?","E","T","?","E","R","M","M","R","BOSS"],"items_purchased_type":["Card"],"build_version":"2020-12-22","purchased_purges":1,"victory":false,"max_hp_per_floor":[68,68,68,68,68,68,68,68,68,68,68,68,68,68,68,68,68],"card_choices":[{"not_picked":["Violence","Secret Technique"],"picked":"Sadistic Nature","floor":0},{"not_picked":["Anger","Warcry"],"picked":"Sword Boomerang","floor":1},{"not_picked":["Wild Strike","Sword Boomerang","Perfected Strike"],"picked":"SKIP","floor":3},{"not_picked":["Reckless Charge","Entrench"],"picked":"Twin Strike","floor":4},{"not_picked":["Feel No Pain","Bloodletting","Havoc"],"picked":"SKIP","floor":8},{"not_picked":["Sentinel","True Grit","Sword Boomerang"],"picked":"Impervious","floor":11},{"not_picked":["Inflame","Iron Wave","Anger"],"picked":"Thunderclap","floor":13},{"not_picked":["True Grit","Iron Wave","Warcry"],"picked":"Pommel Strike","floor":14}],"player_experience":1310198,"relics_obtained":[{"floor":8,"key":"Charon\u0027s Ashes"},{"floor":9,"key":"Question Card"},{"floor":11,"key":"Bag of Preparation"}],"event_choices":[{"damage_healed":0,"gold_gain":0,"player_choice":"Ignored","damage_taken":0,"max_hp_gain":0,"max_hp_loss":0,"event_name":"Shining Light","floor":10,"gold_loss":0}],"is_beta":false,"boss_relics":[],"items_purged_floors":[5],"is_endless":false,"potions_floor_spawned":[3,4,8],"killed_by":"Slime Boss","ascension_level":20}}