{"host":"raai0vtvcfkt8csp","time":1609807027,"event":{"mods":["2.2 Compatiblity","BaseMod","Beaked The Cultist","Block Reminder","Booster Modes","DeckTracker","Defective Defect","Downfall","GifTheSpireLib","Minty Spire (QoL Compilation)","Quick Restart","Random Character Button","Rare Cards Sparkle","StSLib","Unceasing Turn Reminder"],"gold_per_floor":[99,109,126,143,243,79,158,158,178,178,207,207,234,250,260,361,361,286,298,308,308,308,233,279,279,313,238,250,267,296,296,306,403,403,403,422,36,36,21,34,34,65,65,27,27,43,43,61,76,76],"floor_reached":51,"playtime":4147,"items_purged":[],"score":865,"play_id":"52e15996-a6f5-4bcb-9d17-08432471f0af","local_time":"20210105013707","is_ascension_mode":true,"campfire_choices":[{"data":"beaked:Ceremony","floor":1,"key":"SMITH"},{"data":"beaked:Ceremony","floor":8,"key":"SMITH"},{"data":"beaked:Ceremony","floor":10,"key":"SMITH"},{"floor":12,"key":"REST"},{"floor":18,"key":"RECALL"},{"floor":23,"key":"REST"},{"floor":27,"key":"REST"},{"floor":35,"key":"REST"},{"floor":43,"key":"REST"},{"floor":47,"key":"REST"}],"circlet_count":0,"master_deck":["beaked:Strike_Y","beaked:Strike_Y","beaked:Strike_Y","beaked:Strike_Y","beaked:Strike_Y","beaked:Strike_Y","beaked:Defend_Y","beaked:Defend_Y","beaked:Defend_Y","beaked:Defend_Y","beaked:Ceremony+1","beaked:Ceremony+1","beaked:Ceremony+1","beaked:Brace","beaked:RitualOfBody","beaked:Insight","beaked:Roost","beaked:StickSmack","beaked:Insight","beaked:Brace","beaked:WarriorEssence","beaked:MaddeningMurmurs","beaked:Redirect","beaked:MaddeningMurmurs","beaked:DigDeep","beaked:AwakenedForm","beaked:SurvivalInstinct","beaked:Insight","Ghostly","Ghostly","Ghostly","Ghostly","Ghostly","beaked:MachineSpirit","beaked:WildInstinct","beaked:BarbedWire","beaked:Windmill","beaked:KnowThyFoe","beaked:HuntressEssence","beaked:Pecker","beaked:Insight","beaked:MachineSpirit","expansioncontent:Hexaburn","beaked:Pecker","beaked:WarriorEssence+1","beaked:WarriorSpirit","beaked:Insight","beaked:VolatileMisfortune","beaked:Foresight+1"],"relics":["beaked:MendingPlumage","Omamori","Meat on the Bone","Centennial Puzzle","Orichalcum","Fusion Hammer","downfall:HeartBlessingGreen","downfall:HeartBlessingRed","Thread and Needle","downfall:HeartBlessingBlue","Potion Belt","Sozu","Bottled Flame","Blue Candle","StoneCalendar"],"acts_visited":["Exordium","TheCity","TheBeyond"],"potions_floor_usage":[13,26,28,30,32],"damage_taken":[{"damage":8,"enemies":"Small Slimes","floor":2,"turns":6},{"damage":16,"enemies":"Jaw Worm","floor":3,"turns":7},{"damage":10,"enemies":"Cultist","floor":4,"turns":5},{"damage":10,"enemies":"downfall:FleeingMerchant","floor":6,"turns":4},{"damage":20,"enemies":"Blue Slaver","floor":9,"turns":6},{"damage":55,"enemies":"Gremlin Nob","floor":11,"turns":6},{"damage":29,"enemies":"3 Sentries","floor":13,"turns":23},{"damage":10,"enemies":"Red Slaver","floor":14,"turns":7},{"damage":21,"enemies":"Large Slime","floor":15,"turns":7},{"damage":51,"enemies":"downfall:Ironclad","floor":16,"turns":15},{"damage":12,"enemies":"Spheric Guardian","floor":19,"turns":7},{"damage":4,"enemies":"Chosen","floor":20,"turns":8},{"damage":1,"enemies":"Slavers","floor":26,"turns":10},{"damage":0,"enemies":"Centurion and Healer","floor":28,"turns":8},{"damage":1,"enemies":"Sentry and Sphere","floor":29,"turns":8},{"damage":0,"enemies":"Gremlin Leader","floor":30,"turns":10},{"damage":7,"enemies":"Shelled Parasite and Fungi","floor":32,"turns":10},{"damage":0,"enemies":"downfall:Silent","floor":33,"turns":13},{"damage":0,"enemies":"3 Darklings","floor":36,"turns":9},{"damage":0,"enemies":"downfall:FleeingMerchant","floor":37,"turns":4},{"damage":10,"enemies":"downfall:FleeingMerchant","floor":39,"turns":4},{"damage":9,"enemies":"Orb Walker","floor":40,"turns":7},{"damage":35,"enemies":"Giant Head","floor":42,"turns":11},{"damage":6,"enemies":"downfall:FleeingMerchant","floor":44,"turns":4},{"damage":34,"enemies":"4 Shapes","floor":46,"turns":7},{"damage":20,"enemies":"Maw","floor":48,"turns":10},{"damage":27,"enemies":"3 Darklings","floor":49,"turns":7},{"damage":2,"enemies":"downfall:Defect","floor":50,"turns":8}],"seed_played":"6003445923519944286","potions_obtained":[{"floor":4,"key":"LiquidMemories"},{"floor":11,"key":"Ancient Potion"},{"floor":15,"key":"SkillPotion"},{"floor":20,"key":"sneckomod:MuddlingPotion"},{"floor":28,"key":"Explosive Potion"},{"floor":30,"key":"SteroidPotion"}],"is_trial":false,"path_per_floor":["R","M","M","M","?","$","T","R","M","R","E","R","E","M","M","B",null,"R","M","M","?","?","R","T","?","E","R","M","M","E","?","M","B",null,"R","M","$","?","$","M","T","E","R","$","?","M","R","M","M","B",null],"character_chosen":"BEAKED_THE_CULTIST","items_purchased":["beaked:StickSmack","beaked:Insight","beaked:Brace","Bottled Flame","beaked:Insight","beaked:MachineSpirit","beaked:Insight"],"campfire_rested":6,"item_purchase_floors":[6,6,6,37,37,37,44],"current_hp_per_floor":[50,50,49,47,47,45,45,45,42,42,17,32,50,50,45,39,50,50,50,50,25,25,25,25,25,25,35,35,35,35,35,35,35,35,35,35,35,35,35,35,35,19,29,35,35,27,35,35,33,35],"gold":76,"neow_bonus":"RANDOM_COMMON_RELIC","is_daily":false,"chose_seed":false,"campfire_upgraded":3,"win_rate":0.0,"timestamp":1609807027,"path_taken":["R","M","M","M","?","$","T","R","M","R","E","R","E","M","M","BOSS","R","M","M","?","?","R","T","?","E","R","M","M","E","?","M","BOSS","R","M","$","?","$","M","T","E","R","$","?","M","R","M","M","BOSS"],"items_purchased_type":["Card","Card","Card","Relic","Card","Card","Card"],"build_version":"2020-12-22","purchased_purges":0,"victory":true,"max_hp_per_floor":[50,50,50,50,50,50,50,50,50,50,50,50,50,50,50,50,50,50,50,50,25,25,25,25,25,25,35,35,35,35,35,35,35,35,35,35,35,35,35,35,35,35,35,35,35,35,35,35,35,35],"card_choices":[{"not_picked":["beaked:Windmill","beaked:SacrificialDive"],"picked":"beaked:Brace","floor":2},{"not_picked":["beaked:Windmill","beaked:Evade"],"picked":"beaked:RitualOfBody","floor":3},{"not_picked":["beaked:Tradeoff","beaked:Tweet"],"picked":"beaked:Insight","floor":4},{"not_picked":["beaked:Mantra","beaked:Tradeoff"],"picked":"beaked:Roost","floor":6},{"not_picked":["beaked:Cower","beaked:FeelMyPain"],"picked":"beaked:WarriorEssence","floor":9},{"not_picked":["beaked:Flinch","beaked:Overexert"],"picked":"beaked:MaddeningMurmurs","floor":11},{"not_picked":["beaked:BounceBack","beaked:SacrificialAttack"],"picked":"beaked:Redirect","floor":13},{"not_picked":["beaked:Brace","beaked:Redirect"],"picked":"beaked:MaddeningMurmurs","floor":14},{"not_picked":["beaked:Resilience","beaked:DesperateSwing"],"picked":"beaked:DigDeep","floor":15},{"not_picked":["beaked:Sacrifice","beaked:MachineEssence"],"picked":"beaked:AwakenedForm","floor":16},{"not_picked":["beaked:MimicMachine","beaked:Evade"],"picked":"beaked:SurvivalInstinct","floor":19},{"not_picked":["beaked:TuckingFeathers+1","beaked:Tradeoff"],"picked":"beaked:Insight","floor":20},{"not_picked":["beaked:Foresight","beaked:BloodRitual"],"picked":"beaked:WildInstinct","floor":26},{"not_picked":["beaked:Flinch+1","beaked:Tweet+1","beaked:Tradeoff"],"picked":"SKIP","floor":28},{"not_picked":["beaked:Redirect","beaked:RuinSticks","beaked:Devastation"],"picked":"SKIP","floor":29},{"not_picked":["beaked:VigorBurst+1","beaked:Daydream+1"],"picked":"beaked:BarbedWire","floor":30},{"not_picked":["beaked:Tweet+1","beaked:Devastation"],"picked":"beaked:Windmill","floor":32},{"not_picked":["beaked:SacrificialScars","beaked:CheekyTricks"],"picked":"beaked:KnowThyFoe","floor":33},{"not_picked":["beaked:Evade","beaked:Flinch"],"picked":"beaked:HuntressEssence","floor":36},{"not_picked":["beaked:Redirect","beaked:Resilience"],"picked":"beaked:Pecker","floor":37},{"not_picked":["expansioncontent:PrepareCrush","expansioncontent:Flail"],"picked":"expansioncontent:Hexaburn","floor":38},{"not_picked":["beaked:Flinch+1","beaked:WindBringer+1"],"picked":"beaked:Pecker","floor":39},{"not_picked":["beaked:Molting+1","beaked:Cower+1"],"picked":"beaked:WarriorEssence+1","floor":40},{"not_picked":["beaked:Roost+1","beaked:MimicMachine+1"],"picked":"beaked:WarriorSpirit","floor":42},{"not_picked":["beaked:BraceForImpact","beaked:TuckingFeathers","beaked:Brace"],"picked":"SKIP","floor":44},{"not_picked":["beaked:TuckingFeathers+1","beaked:CursingBlood+1"],"picked":"beaked:VolatileMisfortune","floor":46},{"not_picked":["beaked:FeelMyPain","beaked:Brace","beaked:DigDeep"],"picked":"SKIP","floor":48},{"not_picked":["beaked:Negation","beaked:Tradeoff"],"picked":"beaked:Foresight+1","floor":49}],"player_experience":787941,"relics_obtained":[{"floor":7,"key":"Meat on the Bone"},{"floor":11,"key":"Centennial Puzzle"},{"floor":13,"key":"Orichalcum"},{"floor":26,"key":"Thread and Needle"},{"floor":30,"key":"Potion Belt"},{"floor":41,"key":"Blue Candle"},{"floor":42,"key":"StoneCalendar"}],"event_choices":[{"damage_healed":0,"gold_gain":0,"player_choice":"Became a Ghost","damage_taken":0,"max_hp_gain":0,"max_hp_loss":25,"event_name":"Ghosts","floor":21,"gold_loss":0,"cards_obtained":["Ghostly","Ghostly","Ghostly","Ghostly","Ghostly"]},{"damage_healed":0,"gold_gain":0,"player_choice":"Read","damage_taken":0,"max_hp_gain":0,"max_hp_loss":0,"event_name":"The Library","floor":25,"gold_loss":0,"cards_obtained":["beaked:MachineSpirit"]},{"damage_healed":0,"gold_gain":0,"player_choice":"Ignored","damage_taken":0,"max_hp_gain":0,"max_hp_loss":0,"event_name":"NoteForYourself","floor":45,"gold_loss":0}],"is_beta":false,"boss_relics":[{"not_picked":["Runic Dome","beaked:SacredDeck"],"picked":"Fusion Hammer"},{"not_picked":["beaked:MawFillet","SacredBark"],"picked":"Sozu"}],"items_purged_floors":[],"is_endless":false,"potions_floor_spawned":[4,11,15,20,28,30,40,42,49],"ascension_level":1}}