{"host":"x3lqeik2a5qeoft8","time":1609874321,"event":{"mods":["AchievementEnabler","BaseMod","Minty Spire (QoL Compilation)","SuperFastMode"],"gold_per_floor":[114,129,54,69,69,69,107,282,282,301,320,339,358,258,258,383,383,427,427,442,457,457,457,487,502,577,607,706,706,706,721,721,821,821,836,851,851,866,881,40,40,55,130,160,175,205,55,55,55,55,55],"floor_reached":50,"playtime":1761,"items_purged":["Alpha","Doubt","MasterReality+1","Reaper+1"],"score":748,"play_id":"0010e522-33a2-4fda-b521-1eab8acbac28","local_time":"20210105201841","daily_mods":["Shiny","Red Cards","Night Terrors"],"is_ascension_mode":false,"campfire_choices":[{"data":"Blasphemy","floor":6.0,"key":"SMITH"},{"data":"Omniscience","floor":15.0,"key":"SMITH"},{"data":"Omniscience","floor":23.0,"key":"SMITH"},{"data":"Immolate","floor":29.0,"key":"SMITH"},{"data":"Scrawl","floor":32.0,"key":"SMITH"},{"data":"Thinking Ahead","floor":49,"key":"SMITH"}],"circlet_count":0,"master_deck":["Double Tap+1","Demon Form+1","Bludgeon+1","Feed+1","Limit Break+1","Corruption+1","Barricade+1","Fiend Fire+1","Berserk+1","Impervious+1","Juggernaut+1","Brutality+1","Exhume+1","Offering+1","Immolate+1","Judgement+1","Brilliance+1","Devotion+1","Blasphemy+1","Ragnarok+1","LessonLearned+1","Scrawl+1","Vault+1","Wish+1","Omniscience+1","Establishment+1","SpiritShield+1","DevaForm+1","DeusExMachina+1","Conclude+1","Bloodletting+1","Whirlwind+1","Flex+1","Omniscience+1","Fasting2+1","Blood for Blood+1","DeusExMachina+1","SandsOfTime+1","Flex+1","Thinking Ahead+1","Omniscience+1"],"relics":["PureWater","Bloody Idol","MealTicket","Kunai","Philosopher\u0027s Stone","Ornamental Fan","Molten Egg 2","Bag of Preparation","Empty Cage","Mark of the Bloom","ClockworkSouvenir","Toxic Egg 2","Dream Catcher","Darkstone Periapt","Boot"],"acts_visited":["Exordium","TheCity","TheBeyond"],"potions_floor_usage":[],"damage_taken":[{"damage":0.0,"enemies":"Small Slimes","floor":1.0,"turns":2.0},{"damage":0.0,"enemies":"Jaw Worm","floor":2.0,"turns":1.0},{"damage":0.0,"enemies":"2 Louse","floor":4.0,"turns":1.0},{"damage":0.0,"enemies":"Gremlin Nob","floor":7.0,"turns":2.0},{"damage":18.0,"enemies":"Exordium Wildlife","floor":10.0,"turns":3.0},{"damage":11.0,"enemies":"3 Louse","floor":11.0,"turns":3.0},{"damage":0.0,"enemies":"Gremlin Gang","floor":12.0,"turns":1.0},{"damage":19.0,"enemies":"Lots of Slimes","floor":13.0,"turns":4.0},{"damage":35.0,"enemies":"Slime Boss","floor":16.0,"turns":4.0},{"damage":0.0,"enemies":"2 Thieves","floor":18.0,"turns":2.0},{"damage":0.0,"enemies":"Shell Parasite","floor":20.0,"turns":2.0},{"damage":0.0,"enemies":"Cultist and Chosen","floor":21.0,"turns":1.0},{"damage":25.0,"enemies":"Book of Stabbing","floor":24.0,"turns":5.0},{"damage":23.0,"enemies":"Centurion and Healer","floor":25.0,"turns":2.0},{"damage":0.0,"enemies":"Gremlin Leader","floor":27.0,"turns":1.0},{"damage":0.0,"enemies":"Sentry and Sphere","floor":30.0,"turns":1.0},{"damage":24.0,"enemies":"Snake Plant","floor":31.0,"turns":3.0},{"damage":0,"enemies":"Automaton","floor":33,"turns":3},{"damage":0,"enemies":"Orb Walker","floor":35,"turns":2},{"damage":6,"enemies":"3 Shapes","floor":36,"turns":1},{"damage":0,"enemies":"Spire Growth","floor":38,"turns":2},{"damage":6,"enemies":"3 Darklings","floor":39,"turns":5},{"damage":0,"enemies":"Sphere and 2 Shapes","floor":42,"turns":2},{"damage":6,"enemies":"Reptomancer","floor":44,"turns":2},{"damage":6,"enemies":"Writhing Mass","floor":45,"turns":1},{"damage":14,"enemies":"Giant Head","floor":46,"turns":2},{"damage":100029,"enemies":"Time Eater","floor":50,"turns":2}],"seed_played":"-8136925521176778862","potions_obtained":[{"floor":7.0,"key":"Ancient Potion"},{"floor":11.0,"key":"LiquidMemories"},{"floor":12.0,"key":"SteroidPotion"},{"floor":16.0,"key":"BottledMiracle"},{"floor":41,"key":"EssenceOfSteel"},{"floor":41,"key":"LiquidMemories"}],"is_trial":false,"path_per_floor":["M","M","$","M","?","R","E","?","T","M","M","M","M","$","R","B",null,"M","?","M","M","?","R","E","M","T","E","?","R","M","M","R","B",null,"M","M","?","M","M","$","?","M","T","E","M","E","$","?","R","B"],"character_chosen":"WATCHER","items_purchased":["ClockworkSouvenir","Thinking Ahead","Toxic Egg 2","Dream Catcher"],"campfire_rested":0,"item_purchase_floors":[40,40,40,40],"current_hp_per_floor":[72,72,72,72,72,72,72,72,72,54,43,72,56,71,71,36,75,75,75,75,75,75,75,59,49,54,59,64,64,64,45,45,50,75,75,74,74,74,68,68,68,68,68,62,56,42,42,42,42,0,0],"gold":55,"neow_bonus":"","is_daily":true,"chose_seed":false,"campfire_upgraded":6,"win_rate":0.0,"timestamp":1609874321,"path_taken":["M","M","$","M","?","R","E","?","T","M","M","M","M","$","R","BOSS","M","?","M","M","?","R","E","M","T","E","?","R","M","M","R","BOSS","M","M","?","M","M","$","?","?","T","E","M","E","?","?","R","BOSS"],"items_purchased_type":["Relic","Card","Relic","Relic"],"build_version":"2020-12-22","purchased_purges":4,"victory":false,"max_hp_per_floor":[72,72,72,72,72,72,72,72,72,72,72,72,75,75,75,75,75,75,75,75,75,75,75,75,75,75,75,75,75,75,75,75,75,75,75,75,75,75,75,75,75,75,75,75,75,75,75,75,75,75,75],"card_choices":[{"not_picked":["Headbutt","Armaments","Clothesline"],"picked":"SKIP","floor":1.0},{"not_picked":["JustLucky","MasterReality"],"picked":"Conclude","floor":2.0},{"not_picked":["Pray","MentalFortress","WheelKick"],"picked":"SKIP","floor":4.0},{"not_picked":["FlyingSleeves","Havoc"],"picked":"Bloodletting","floor":7.0},{"not_picked":["Indignation","FlyingSleeves"],"picked":"Whirlwind","floor":10.0},{"not_picked":["Wallop","Spot Weakness","Indignation"],"picked":"SKIP","floor":11.0},{"not_picked":["FollowUp","Intimidate"],"picked":"Flex","floor":12.0},{"not_picked":["Infernal Blade","Halt","JustLucky"],"picked":"SKIP","floor":13.0},{"not_picked":["Exhume","Offering"],"picked":"Omniscience","floor":16.0},{"not_picked":["EmptyFist+1","TalkToTheHand","Clash"],"picked":"SKIP","floor":18.0},{"not_picked":["Hemokinesis","TalkToTheHand","Halt+1"],"picked":"SKIP","floor":20.0},{"not_picked":["Blood for Blood","Entrench","Reckless Charge"],"picked":"SKIP","floor":21.0},{"not_picked":["EmptyBody","Consecrate","Heavy Blade"],"picked":"SKIP","floor":24.0},{"not_picked":["Rage","True Grit"],"picked":"Fasting2+1","floor":25.0},{"not_picked":["Searing Blow+1","Dual Wield+1","InnerPeace"],"picked":"SKIP","floor":27.0},{"not_picked":["Cleave+1","Havoc","FlyingSleeves+1"],"picked":"SKIP","floor":30.0},{"not_picked":["Sanctity","Evaluate"],"picked":"Blood for Blood+1","floor":31.0},{"not_picked":["Devotion","Brilliance+1"],"picked":"DeusExMachina","floor":33},{"not_picked":["Heavy Blade+1","Havoc"],"picked":"SandsOfTime+1","floor":35},{"not_picked":["BowlingBash+1","Body Slam+1"],"picked":"Flex+1","floor":36},{"not_picked":["Warcry+1","Body Slam+1","Twin Strike+1"],"picked":"SKIP","floor":38},{"not_picked":["Crescendo","Twin Strike+1","Corruption"],"picked":"SKIP","floor":39},{"not_picked":["Thunderclap+1","Crescendo+1","Twin Strike+1"],"picked":"SKIP","floor":42},{"not_picked":["Blasphemy+1","Sever Soul+1"],"picked":"Omniscience+1","floor":44},{"not_picked":["Swivel+1","EmptyMind+1","Warcry+1"],"picked":"SKIP","floor":45},{"not_picked":["Reckless Charge+1","BattleHymn+1","Bloodletting+1"],"picked":"SKIP","floor":46}],"player_experience":116320,"relics_obtained":[{"floor":7.0,"key":"MealTicket"},{"floor":9.0,"key":"Kunai"},{"floor":24.0,"key":"Ornamental Fan"},{"floor":26.0,"key":"Molten Egg 2"},{"floor":27.0,"key":"Bag of Preparation"},{"floor":43,"key":"Darkstone Periapt"},{"floor":46,"key":"Boot"}],"event_choices":[{"damage_healed":0.0,"max_hp_gain":0.0,"max_hp_loss":0.0,"gold_gain":0.0,"event_name":"Golden Idol","player_choice":"Take Wound","floor":5.0,"gold_loss":0.0,"damage_taken":0.0,"relics_obtained":["Golden Idol"],"cards_obtained":["Injury"]},{"damage_healed":0.0,"max_hp_gain":0.0,"max_hp_loss":0.0,"gold_gain":175.0,"event_name":"Liars Game","player_choice":"AGREE","floor":8.0,"gold_loss":0.0,"damage_taken":0.0,"cards_obtained":["Doubt"]},{"damage_healed":0.0,"max_hp_gain":0.0,"max_hp_loss":0.0,"gold_gain":0.0,"event_name":"Forgotten Altar","player_choice":"Gave Idol","floor":19.0,"relics_lost":["Golden Idol"],"gold_loss":0.0,"damage_taken":0.0,"relics_obtained":["Bloody Idol"]},{"damage_healed":0.0,"max_hp_gain":0.0,"max_hp_loss":0.0,"gold_gain":0.0,"event_name":"Ghosts","player_choice":"Ignored","floor":22.0,"gold_loss":0.0,"damage_taken":0.0},{"damage_healed":0.0,"max_hp_gain":0.0,"max_hp_loss":0.0,"gold_gain":99.0,"event_name":"Nest","player_choice":"Stole From Cult","floor":28.0,"gold_loss":0.0,"damage_taken":0.0},{"damage_healed":0,"gold_gain":0,"player_choice":"Upgrade","damage_taken":0,"relics_obtained":["Mark of the Bloom"],"max_hp_gain":0,"max_hp_loss":0,"event_name":"MindBloom","floor":37,"gold_loss":0,"cards_upgraded":["Double Tap","Demon Form","Bludgeon","Limit Break","Corruption","Barricade","Fiend Fire","Berserk","Impervious","Juggernaut","Brutality","Reaper","Exhume","Judgement","MasterReality","Brilliance","Devotion","Ragnarok","LessonLearned","Vault","Wish","Establishment","SpiritShield","DevaForm","DeusExMachina","Conclude","Whirlwind","Flex","DeusExMachina"]},{"damage_healed":0,"gold_gain":0,"player_choice":"Got Potions","damage_taken":0,"max_hp_gain":0,"max_hp_loss":0,"event_name":"Lab","floor":41,"gold_loss":0},{"damage_healed":0,"gold_gain":0,"player_choice":"Bought 0 Potions","damage_taken":0,"max_hp_gain":0,"max_hp_loss":0,"event_name":"The Woman in Blue","floor":48,"gold_loss":0}],"is_beta":false,"boss_relics":[{"not_picked":["Astrolabe","Snecko Eye"],"picked":"Philosopher\u0027s Stone"},{"not_picked":["Runic Pyramid","Black Star"],"picked":"Empty Cage"}],"items_purged_floors":[3,14,40,47],"is_endless":false,"potions_floor_spawned":[7,11,12,16,20,24,25,30,42,44,45,46],"killed_by":"Time Eater","ascension_level":0}}