{"host":"szp1d6dso4pv7ddl","time":1609814094,"event":{"mods":["AchievementEnabler","Alarm Clock","BaseMod","Bestiary","Block Reminder","Colored Map","Colored Powertips","Curses Come First","Displayed Cursed Tome","Highlight Path","Minty Spire (QoL Compilation)","Permanent Neow","Quick Restart","Relic Sorter","Relic Stats","StSLib","Synergy Search"],"gold_per_floor":[116,132,142,21,34,66,66,66,116,116,130,147,147,9,9,9,9],"floor_reached":16,"playtime":888,"items_purged":["Defend_R","Strike_R"],"score":168,"play_id":"fb50bd9e-a274-4f22-92ac-77fc4e8eec48","local_time":"20210104183454","is_ascension_mode":true,"campfire_choices":[{"data":"Shockwave","floor":7,"key":"SMITH"},{"data":"Shrug It Off","floor":10,"key":"SMITH"},{"data":"Body Slam","floor":13,"key":"SMITH"},{"data":"Shrug It Off","floor":15,"key":"SMITH"}],"circlet_count":0,"master_deck":["AscendersBane","Strike_R","Strike_R","Strike_R","Defend_R","Defend_R","Defend_R","Bash","Shockwave+1","Bloodletting","Dropkick","Shrug It Off+1","Shrug It Off+1","Ghostly Armor","Battle Trance","Body Slam+1","Rampage"],"relics":["Burning Blood","FossilizedHelix","The Courier","Bag of Marbles"],"acts_visited":["Exordium"],"potions_floor_usage":[6,6,16],"damage_taken":[{"damage":11,"enemies":"Jaw Worm","floor":1,"turns":4},{"damage":10,"enemies":"Cultist","floor":2,"turns":5},{"damage":3,"enemies":"Small Slimes","floor":3,"turns":4},{"damage":8,"enemies":"Looter","floor":5,"turns":3},{"damage":9,"enemies":"Gremlin Nob","floor":6,"turns":3},{"damage":0,"enemies":"2 Fungi Beasts","floor":11,"turns":4},{"damage":0,"enemies":"Gremlin Gang","floor":12,"turns":6},{"damage":52,"enemies":"Slime Boss","floor":16,"turns":12}],"seed_played":"-373212731285398417","potions_obtained":[{"floor":2,"key":"PowerPotion"},{"floor":3,"key":"BlessingOfTheForge"},{"floor":11,"key":"Dexterity Potion"},{"floor":12,"key":"FearPotion"}],"is_trial":false,"path_per_floor":["M","M","M","$","M","E","R","?","T","R","M","M","R","$","R","B"],"character_chosen":"IRONCLAD","items_purchased":["Shrug It Off","Rampage"],"campfire_rested":0,"item_purchase_floors":[4,14],"current_hp_per_floor":[46,42,45,45,43,40,40,40,40,40,46,52,52,52,52,0,0],"gold":9,"neow_bonus":"ONE_RARE_RELIC","is_daily":false,"chose_seed":false,"campfire_upgraded":4,"win_rate":0.0,"timestamp":1609814094,"path_taken":["M","M","M","$","M","E","R","?","T","R","M","?","R","?","R","BOSS"],"items_purchased_type":["Card","Card"],"build_version":"2020-12-22","purchased_purges":2,"victory":false,"max_hp_per_floor":[80,80,80,80,80,80,80,80,80,80,80,80,80,80,80,80,80],"relic_stats":{"counters":[8,41],"obtain_stats":[{"The Courier":6,"Bag of Marbles":9,"Burning Blood":0,"FossilizedHelix":0},{"The Courier":5,"Bag of Marbles":5,"Burning Blood":0,"FossilizedHelix":0},{"The Courier":19,"Bag of Marbles":19,"Burning Blood":0,"FossilizedHelix":0}],"Burning Blood":42},"card_choices":[{"not_picked":["Flex","Heavy Blade"],"picked":"Shockwave","floor":1},{"not_picked":["Reckless Charge","Entrench"],"picked":"Bloodletting","floor":2},{"not_picked":["Evolve","Heavy Blade"],"picked":"Dropkick","floor":3},{"not_picked":["Entrench","Havoc"],"picked":"Shrug It Off","floor":5},{"not_picked":["Pommel Strike","Headbutt"],"picked":"Ghostly Armor","floor":6},{"not_picked":["Anger","Blood for Blood"],"picked":"Battle Trance","floor":11},{"not_picked":["Impervious","Warcry"],"picked":"Body Slam","floor":12}],"player_experience":1118514,"relics_obtained":[{"floor":6,"key":"The Courier"},{"floor":9,"key":"Bag of Marbles"}],"event_choices":[{"cards_removed":["Strike_R"],"damage_healed":0,"gold_gain":0,"player_choice":"Purged","damage_taken":0,"max_hp_gain":0,"max_hp_loss":0,"event_name":"Purifier","floor":8,"gold_loss":0}],"is_beta":false,"boss_relics":[],"items_purged_floors":[4,14],"is_endless":false,"potions_floor_spawned":[2,3,11,12],"killed_by":"Slime Boss","ascension_level":13}}