{"host":"1a3cjta80tad0aqj","time":1609809554,"event":{"mods":["2.2 Compatiblity","AchievementEnabler","BaseMod","Colored Map","DeckTracker","KOR Keyword Fix","Keyboard Shortcuts","Minty Spire (QoL Compilation)","Permanent Neow","Quick Restart","Random Character Button","StSLib","SuperFastMode","everything is the same but u backflip on backflip"],"gold_per_floor":[114,114,133,152,152,190,40,103,103,103,122,141,160,60,60,210,210,229,248,267,267,267],"floor_reached":21,"playtime":1812,"items_purged":["Alpha","Juggernaut"],"score":293,"play_id":"826fd39a-5abf-4413-b209-eda2485295f9","local_time":"20210105101914","daily_mods":["Shiny","Red Cards","Night Terrors"],"is_ascension_mode":false,"campfire_choices":[{"floor":10.0,"key":"REST"},{"data":"Bludgeon","floor":15,"key":"SMITH"}],"circlet_count":0,"master_deck":["Double Tap","Demon Form","Bludgeon+1","Feed","Limit Break","Corruption","Barricade","Fiend Fire","Berserk","Impervious","Brutality","Reaper","Exhume","Offering","Immolate+1","Judgement","ConjureBlade","MasterReality","Brilliance","Devotion","Blasphemy","Ragnarok","LessonLearned","Scrawl","Vault","Wish","Omniscience","Establishment","SpiritShield","DevaForm","DeusExMachina","Headbutt","Conclude","Crescendo","Whirlwind","Infernal Blade","Offering"],"relics":["PureWater","Golden Idol","MealTicket","Kunai","Ornamental Fan","Philosopher\u0027s Stone"],"acts_visited":["Exordium","TheCity"],"potions_floor_usage":[12],"damage_taken":[{"damage":0.0,"enemies":"Small Slimes","floor":1.0,"turns":4.0},{"damage":11.0,"enemies":"Jaw Worm","floor":3.0,"turns":2.0},{"damage":0.0,"enemies":"2 Louse","floor":4.0,"turns":2.0},{"damage":6.0,"enemies":"Gremlin Nob","floor":6.0,"turns":2.0},{"damage":36.0,"enemies":"3 Sentries","floor":8.0,"turns":7.0},{"damage":0,"enemies":"Exordium Wildlife","floor":11,"turns":1},{"damage":0,"enemies":"3 Louse","floor":12,"turns":1},{"damage":0,"enemies":"Gremlin Gang","floor":13,"turns":1},{"damage":6,"enemies":"Slime Boss","floor":16,"turns":4},{"damage":0,"enemies":"2 Thieves","floor":18,"turns":1},{"damage":20,"enemies":"Shell Parasite","floor":19,"turns":3},{"damage":53,"enemies":"Cultist and Chosen","floor":20,"turns":6},{"damage":9,"enemies":"Centurion and Healer","floor":21,"turns":1}],"seed_played":"-8136925521176778862","potions_obtained":[{"floor":6.0,"key":"Fruit Juice"},{"floor":11,"key":"LiquidMemories"},{"floor":12,"key":"SteroidPotion"}],"is_trial":false,"path_per_floor":["M","?","M","M","?","E","$","E","T","R","M","M","M","$","R","B",null,"M","M","M","M"],"character_chosen":"WATCHER","items_purchased":["StancePotion"],"campfire_rested":1,"item_purchase_floors":[7],"current_hp_per_floor":[72,72,61,61,61,55,70,37,37,70,70,75,75,75,75,69,75,75,55,8,0,0],"gold":267,"neow_bonus":"","is_daily":true,"chose_seed":false,"campfire_upgraded":1,"win_rate":0.0,"timestamp":1609809554,"path_taken":["M","?","M","M","?","E","$","E","T","R","M","M","M","$","R","BOSS","M","M","M","M"],"items_purchased_type":["Potion"],"build_version":"2020-12-22","purchased_purges":2,"victory":false,"max_hp_per_floor":[72,72,72,72,72,72,72,75,75,70,70,75,75,75,75,75,75,75,75,75,75,75],"card_choices":[{"not_picked":["Armaments","Clothesline"],"picked":"Headbutt","floor":1.0},{"not_picked":["JustLucky","MasterReality"],"picked":"Conclude","floor":3.0},{"not_picked":["Evaluate","EmptyFist","Halt"],"picked":"SKIP","floor":4.0},{"not_picked":["WaveOfTheHand","Sword Boomerang"],"picked":"Crescendo","floor":6.0},{"not_picked":["Indignation","FlyingSleeves"],"picked":"Whirlwind","floor":8.0},{"not_picked":["Wallop","Spot Weakness","Indignation"],"picked":"SKIP","floor":11},{"not_picked":["Disarm","FollowUp","Intimidate"],"picked":"SKIP","floor":12},{"not_picked":["Halt","JustLucky"],"picked":"Infernal Blade","floor":13},{"not_picked":["Omniscience","Exhume"],"picked":"Offering","floor":16},{"not_picked":["EmptyFist+1","TalkToTheHand","Clash"],"picked":"SKIP","floor":18},{"not_picked":["Hemokinesis","TalkToTheHand","Halt+1"],"picked":"SKIP","floor":19},{"not_picked":["Blood for Blood","Entrench","Reckless Charge"],"picked":"SKIP","floor":20}],"player_experience":103564,"relics_obtained":[{"floor":6.0,"key":"MealTicket"},{"floor":8.0,"key":"Kunai"},{"floor":9.0,"key":"Ornamental Fan"}],"event_choices":[{"damage_healed":0.0,"max_hp_gain":0.0,"max_hp_loss":0.0,"gold_gain":0.0,"event_name":"Golden Idol","player_choice":"Take Wound","floor":2.0,"gold_loss":0.0,"damage_taken":0.0,"relics_obtained":["Golden Idol"],"cards_obtained":["Injury"]},{"cards_removed":["Injury"],"damage_healed":0.0,"max_hp_gain":0.0,"max_hp_loss":0.0,"gold_gain":0.0,"event_name":"Living Wall","player_choice":"Forget","floor":5.0,"gold_loss":0.0,"damage_taken":0.0}],"is_beta":false,"boss_relics":[{"not_picked":["Astrolabe","Snecko Eye"],"picked":"Philosopher\u0027s Stone"}],"items_purged_floors":[7,14],"is_endless":false,"potions_floor_spawned":[6,11,12,16,19],"killed_by":"Centurion and Healer","ascension_level":0}}