{"host":"l84l8xigz5v5foa2","time":1609856664,"event":{"mods":["2.2 Compatiblity","AchievementEnabler","BaseMod","Better Note","Better Vampires","Card Filter","Colored Map","DeckTracker","Downfall","Gremlin Skip","Highlight Path","Keyboard Shortcuts","Minty Spire (QoL Compilation)","Permanent Neow","Quick Restart","Relic Filter","Relic Stats","StSLib","SuperFastMode","Transform Curses","Unknown Chances"],"gold_per_floor":[99,117,117,136,155,190,190,190,206,8,8,33,133,160,175,254,254,254,267,267,286,302,312,339,339,356,366,291,304,229,263,281,352,352,202,216,233,233,233,78,78,111,111,124,419,419,434,450,462,462,462,489,105,105,105],"floor_reached":56,"playtime":4054,"items_purged":["hexamod:Strike","hexamod:Defend","hexamod:Strike","Parasite"],"score":2195,"play_id":"0144bcd2-2678-4271-bcf5-ce3254f19bae","local_time":"20210105232424","is_ascension_mode":true,"campfire_choices":[{"data":"hexamod:Float","floor":1.0,"key":"SMITH"},{"data":"hexamod:SuperheatedStrike","floor":8.0,"key":"SMITH"},{"data":"hexamod:Rewind","floor":11.0,"key":"SMITH"},{"data":"hexamod:FastForward","floor":18.0,"key":"SMITH"},{"data":"hexamod:HeatShield","floor":25.0,"key":"SMITH"},{"floor":30.0,"key":"RECALL"},{"data":"hexamod:HexaLevel","floor":35.0,"key":"SMITH"},{"data":"hexamod:ApocalypticArmor","floor":43.0,"key":"SMITH"},{"data":"hexamod:Rewind","floor":54,"key":"SMITH"}],"circlet_count":0,"master_deck":["AscendersBane","hexamod:Strike","hexamod:Defend+1","hexamod:Defend+1","hexamod:Sear","hexamod:Float+1","hexamod:FirstSeal","hexamod:SuperheatedStrike+1","hexamod:SpectersWail","hexamod:ShieldOfDarkness","hexamod:Rewind+1","hexamod:TimeWarp+1","hexamod:ThermalTransfer+1","hexamod:InspiringFlames","hexamod:HauntingEcho+1","hexamod:FastForward+1","hexamod:TimeWarp+1","hexamod:HeatShield+1","hexamod:NightmareGuise+1","hexamod:AdvancingGuard","hexamod:FourthSeal","hexamod:StepThrough+1","hexamod:AdvancingGuard","hexamod:HexaLevel+1","hexamod:GhostShield+1","hexamod:GhostOfSpireFuture","expansioncontent:CaCaw","hexamod:GhostOfSpirePast+1","hexamod:ApocalypticArmor+1","hexamod:Rewind+1","hexamod:Incineration+1","expansioncontent:Chronoboost"],"relics":["hexamod:SpiritBrand","Calipers","The Courier","Molten Egg 2","War Paint","Bottled Flame","sneckomod:SneckoTalon","Spirit Poop","downfall:HeartBlessingGreen","Shovel","SacredBark","downfall:HeartBlessingRed","downfall:HeartBlessingBlue","Orichalcum","Smiling Mask","Guardian:PocketSentry","Sundial"],"acts_visited":["Exordium","TheCity","TheBeyond","TheEnding"],"potions_floor_usage":[50,55],"damage_taken":[{"damage":0.0,"enemies":"2 Louse","floor":2.0,"turns":3.0},{"damage":0.0,"enemies":"Cultist","floor":4.0,"turns":3.0},{"damage":0.0,"enemies":"Small Slimes","floor":5.0,"turns":3.0},{"damage":10.0,"enemies":"3 Sentries","floor":6.0,"turns":7.0},{"damage":10.0,"enemies":"Lots of Slimes","floor":9.0,"turns":3.0},{"damage":0.0,"enemies":"downfall:FleeingMerchant","floor":10.0,"turns":4.0},{"damage":0.0,"enemies":"Lagavulin","floor":12.0,"turns":4.0},{"damage":2.0,"enemies":"3 Sentries","floor":14.0,"turns":6.0},{"damage":0.0,"enemies":"Gremlin Gang","floor":15.0,"turns":3.0},{"damage":47.0,"enemies":"downfall:Defect","floor":16.0,"turns":7.0},{"damage":0.0,"enemies":"Spheric Guardian","floor":19.0,"turns":3.0},{"damage":0.0,"enemies":"Chosen","floor":21.0,"turns":3.0},{"damage":7.0,"enemies":"Snake Plant","floor":22.0,"turns":4.0},{"damage":6.0,"enemies":"3 Cultists","floor":23.0,"turns":4.0},{"damage":29.0,"enemies":"Cultist and Chosen","floor":26.0,"turns":7.0},{"damage":0.0,"enemies":"Centurion and Healer","floor":27.0,"turns":5.0},{"damage":0.0,"enemies":"downfall:FleeingMerchant","floor":28.0,"turns":4.0},{"damage":2.0,"enemies":"Shelled Parasite and Fungi","floor":29.0,"turns":5.0},{"damage":0.0,"enemies":"Gremlin Leader","floor":31.0,"turns":6.0},{"damage":0.0,"enemies":"Snake Plant","floor":32.0,"turns":3.0},{"damage":7.0,"enemies":"downfall:Ironclad","floor":33.0,"turns":8.0},{"damage":0.0,"enemies":"3 Shapes","floor":36.0,"turns":4.0},{"damage":0.0,"enemies":"3 Darklings","floor":37.0,"turns":5.0},{"damage":0.0,"enemies":"downfall:FleeingMerchant","floor":40.0,"turns":4.0},{"damage":56.0,"enemies":"Giant Head","floor":42.0,"turns":7.0},{"damage":51.0,"enemies":"Writhing Mass","floor":44.0,"turns":7.0},{"damage":0.0,"enemies":"downfall:FleeingMerchant","floor":45.0,"turns":3.0},{"damage":0.0,"enemies":"Transient","floor":47.0,"turns":6.0},{"damage":10.0,"enemies":"Spire Growth","floor":48.0,"turns":5.0},{"damage":30.0,"enemies":"Writhing Mass","floor":49.0,"turns":6.0},{"damage":12,"enemies":"downfall:Silent","floor":50,"turns":11},{"damage":19,"enemies":"downfall:CharBossMerchant","floor":52,"turns":9},{"damage":19,"enemies":"downfall:NeowBoss","floor":55,"turns":19}],"seed_played":"4396739607203750959","potions_obtained":[{"floor":5.0,"key":"Fire Potion"},{"floor":6.0,"key":"Fruit Juice"},{"floor":9.0,"key":"AttackPotion"},{"floor":16.0,"key":"Guardian:BlockOnCardUsePotion"},{"floor":21.0,"key":"Weak Potion"},{"floor":26.0,"key":"Explosive Potion"},{"floor":27.0,"key":"LiquidMemories"},{"floor":29.0,"key":"FearPotion"},{"floor":31.0,"key":"SteroidPotion"},{"floor":32.0,"key":"Ancient Potion"},{"floor":33.0,"key":"LiquidMemories"},{"floor":33.0,"key":"LiquidBronze"},{"floor":36.0,"key":"ColorlessPotion"},{"floor":36.0,"key":"FairyPotion"},{"floor":42.0,"key":"EntropicBrew"},{"floor":44.0,"key":"SmokeBomb"},{"floor":45.0,"key":"Weak Potion"},{"floor":47.0,"key":"Fruit Juice"},{"floor":47.0,"key":"LiquidMemories"},{"floor":48.0,"key":"champ:CounterPotion"},{"floor":49.0,"key":"DistilledChaos"},{"floor":52,"key":"AttackPotion"}],"is_trial":false,"path_per_floor":["R","M","?","M","M","E","T","R","M","$","R","E","?","E","M","B",null,"R","M","?","M","M","M","T","R","M","M","$","M","R","E","M","B",null,"R","M","M","?","?","$","T","E","R","M","$","?","M","M","M","B",null,"E","$","R","B",null],"character_chosen":"THE_SPIRIT","items_purchased":["hexamod:TimeWarp+1","hexamod:ThermalTransfer+1","hexamod:GhostOfSpirePast","expansioncontent:Chronoboost","Dexterity Potion","Sundial"],"campfire_rested":0,"item_purchase_floors":[10,10,40,53,53,53],"current_hp_per_floor":[42,42,42,49,56,53,53,53,55,62,62,68,68,68,68,28,58,58,58,58,65,65,66,66,66,44,51,58,63,63,68,68,61,66,76,76,78,78,68,75,75,26,26,53,60,48,65,62,39,34,75,63,63,63,44],"gold":105,"neow_bonus":"ONE_RARE_RELIC","is_daily":false,"chose_seed":false,"campfire_upgraded":8,"win_rate":0.0,"timestamp":1609856664,"path_taken":["R","M","?","?","?","E","T","R","M","$","R","E","?","E","M","BOSS","R","M","?","?","M","M","T","R","?","M","$","M","R","E","M","BOSS","R","M","M","?","?","$","T","E","R","M","$","?","?","M","M","BOSS","E","$","R","BOSS"],"items_purchased_type":["Card","Card","Card","Card","Potion","Relic"],"build_version":"2020-12-22","purchased_purges":4,"victory":true,"max_hp_per_floor":[63,63,63,63,63,63,63,63,68,68,68,68,68,68,68,68,68,68,68,68,68,68,68,68,68,68,68,68,68,68,68,68,68,68,78,78,78,78,78,78,78,78,78,78,78,78,88,88,88,88,88,88,85,85,85],"relic_stats":{"Shovel":0,"counters":[33,181],"Sundial":[2],"War Paint":["hexamod:Defend","hexamod:Defend"],"Orichalcum":[0],"Smiling Mask":120,"obtain_stats":[{"Calipers":0,"downfall:HeartBlessingRed":35,"SacredBark":34,"Spirit Poop":20,"downfall:HeartBlessingGreen":30,"The Courier":6,"Guardian:PocketSentry":52,"War Paint":12,"Orichalcum":41,"sneckomod:SneckoTalon":17,"Smiling Mask":42,"Bottled Flame":14,"Shovel":31,"downfall:HeartBlessingBlue":35,"Sundial":53,"Molten Egg 2":7,"hexamod:SpiritBrand":0},{"Calipers":0,"downfall:HeartBlessingRed":21,"SacredBark":21,"Spirit Poop":11,"downfall:HeartBlessingGreen":18,"The Courier":4,"Guardian:PocketSentry":32,"War Paint":7,"Orichalcum":24,"sneckomod:SneckoTalon":10,"Smiling Mask":25,"Bottled Flame":8,"Shovel":19,"downfall:HeartBlessingBlue":21,"Sundial":32,"Molten Egg 2":4,"hexamod:SpiritBrand":0},{"Calipers":0,"downfall:HeartBlessingRed":95,"SacredBark":95,"Spirit Poop":46,"downfall:HeartBlessingGreen":78,"The Courier":16,"Guardian:PocketSentry":162,"War Paint":27,"Orichalcum":108,"sneckomod:SneckoTalon":43,"Smiling Mask":115,"Bottled Flame":33,"Shovel":84,"downfall:HeartBlessingBlue":95,"Sundial":162,"Molten Egg 2":16,"hexamod:SpiritBrand":0}]},"card_choices":[{"not_picked":["hexamod:BurningTouch","hexamod:RainOfEmbers"],"picked":"hexamod:FirstSeal","floor":2.0},{"not_picked":["hexamod:EmpoweredFlame","hexamod:GhostShield"],"picked":"hexamod:SuperheatedStrike","floor":4.0},{"not_picked":["hexamod:SwordOfDarkness","hexamod:ThermalTransfer"],"picked":"hexamod:SpectersWail","floor":5.0},{"not_picked":["hexamod:NightmareGuise","hexamod:RainOfEmbers"],"picked":"hexamod:ShieldOfDarkness","floor":6.0},{"not_picked":["hexamod:BacktrackSmack+1","hexamod:NightmareGuise","hexamod:Firestarter+1"],"picked":"SKIP","floor":9.0},{"not_picked":["hexamod:EmpoweredFlame","hexamod:ShieldOfDarkness"],"picked":"hexamod:Rewind","floor":10.0},{"not_picked":["hexamod:Toasty+1","hexamod:HauntingEcho+1"],"picked":"hexamod:InspiringFlames","floor":12.0},{"not_picked":["hexamod:SwordOfDarkness+1","hexamod:ParanormalForm"],"picked":"hexamod:HauntingEcho+1","floor":14.0},{"not_picked":["hexamod:SwordOfDarkness+1","hexamod:AdvancingGuard"],"picked":"hexamod:FastForward","floor":15.0},{"not_picked":["hexamod:ApocalypticArmor","hexamod:CrushingStance+1"],"picked":"hexamod:TimeWarp+1","floor":16.0},{"not_picked":["hexamod:RainOfEmbers+1","hexamod:GhostLash+1","hexamod:FastForward"],"picked":"SKIP","floor":19.0},{"not_picked":["hexamod:InspiringFlames","hexamod:BacktrackSmack+1"],"picked":"hexamod:HeatShield","floor":21.0},{"not_picked":["hexamod:Firestarter+1","hexamod:FlamesFromBeyond+1"],"picked":"hexamod:NightmareGuise+1","floor":22.0},{"not_picked":["hexamod:ThermalTransfer+1","hexamod:FastForward","hexamod:SwordOfDarkness+1"],"picked":"SKIP","floor":23.0},{"not_picked":["hexamod:ExtraCrispy","hexamod:GhostLash+1"],"picked":"hexamod:AdvancingGuard","floor":26.0},{"not_picked":["hexamod:Hexaguard","hexamod:EmpoweringStance"],"picked":"hexamod:FourthSeal","floor":27.0},{"not_picked":["hexamod:SpectersWail+1","hexamod:SwordOfDarkness+1"],"picked":"hexamod:StepThrough+1","floor":28.0},{"not_picked":["hexamod:SecondSeal","hexamod:SwordOfDarkness+1"],"picked":"hexamod:AdvancingGuard","floor":29.0},{"not_picked":["hexamod:DynamicBlow+1","hexamod:RainOfEmbers+1","hexamod:SoulSteal"],"picked":"SKIP","floor":31.0},{"not_picked":["hexamod:SpectralSpark","hexamod:InspiringFlames","hexamod:Hexaguard"],"picked":"SKIP","floor":32.0},{"not_picked":["hexamod:ApocalypticArmor","hexamod:GhostflameInferno"],"picked":"hexamod:HexaLevel","floor":33.0},{"not_picked":["hexamod:GhostOfSpirePresent","hexamod:RecurringNightmare"],"picked":"hexamod:GhostShield+1","floor":36.0},{"not_picked":["hexamod:SecondSeal","hexamod:DynamicBlow+1"],"picked":"hexamod:GhostOfSpireFuture","floor":37.0},{"not_picked":["expansioncontent:BronzeBeam+1","expansioncontent:DecasProtection"],"picked":"expansioncontent:CaCaw","floor":39.0},{"not_picked":["hexamod:RetreatToShadows","hexamod:CatchUp","hexamod:Firestarter+1"],"picked":"SKIP","floor":40.0},{"not_picked":["hexamod:SpectralSpark","hexamod:GhostLash+1"],"picked":"hexamod:ApocalypticArmor","floor":42.0},{"not_picked":["hexamod:SwordOfDarkness+1","hexamod:FastForward"],"picked":"hexamod:Rewind","floor":44.0},{"not_picked":["hexamod:InspiringFlames","hexamod:SpectralAdrenaline"],"picked":"hexamod:Incineration+1","floor":45.0},{"not_picked":["hexamod:NightmareGuise","hexamod:ThirdSeal","hexamod:ChargedBarrage"],"picked":"SKIP","floor":47.0},{"not_picked":["hexamod:InspiringFlames","hexamod:GhostShield+1","hexamod:BurningTouch"],"picked":"SKIP","floor":48.0},{"not_picked":["hexamod:NightmareGuise","hexamod:NightmareStrike+1","hexamod:FlamesFromBeyond+1"],"picked":"SKIP","floor":49.0},{"not_picked":["hexamod:RecurringNightmare","hexamod:RadiantFlame","hexamod:ThermalTransfer+1"],"picked":"SKIP","floor":52}],"player_experience":2878246,"relics_obtained":[{"floor":6.0,"key":"The Courier"},{"floor":7.0,"key":"Molten Egg 2"},{"floor":12.0,"key":"War Paint"},{"floor":14.0,"key":"Bottled Flame"},{"floor":31.0,"key":"Shovel"},{"floor":41.0,"key":"Orichalcum"},{"floor":42.0,"key":"Smiling Mask"},{"floor":52,"key":"Guardian:PocketSentry"}],"event_choices":[{"cards_removed":["hexamod:Strike"],"damage_healed":0.0,"max_hp_gain":0.0,"max_hp_loss":0.0,"gold_gain":0.0,"event_name":"Purifier","player_choice":"Purged","floor":3.0,"gold_loss":0.0,"damage_taken":0.0},{"cards_removed":["Slimebound:Icky"],"damage_healed":0.0,"max_hp_gain":0.0,"max_hp_loss":0.0,"gold_gain":0.0,"event_name":"Bonfire Elementals","player_choice":"Offered Curse","floor":20.0,"gold_loss":0.0,"damage_taken":0.0,"relics_obtained":["Spirit Poop"]}],"is_beta":false,"boss_relics":[{"not_picked":["Sozu","Astrolabe"],"picked":"sneckomod:SneckoTalon"},{"not_picked":["Pandora\u0027s Box","Calling Bell"],"picked":"SacredBark"}],"items_purged_floors":[28,40,45,53],"is_endless":false,"potions_floor_spawned":[5,6,9,16,21,26,27,29,32,33,36,42,47],"ascension_level":20}}