{"host":"gttgmv2wah99hzdm","time":1609884371,"event":{"mods":["AchievementEnabler","BaseMod","Bestiary","Block Reminder","Filter the Spire","Minty Spire (QoL Compilation)","Relic Stats","ojb\u0027s Better Paths Mod","ojb\u0027s Info Mod"],"gold_per_floor":[117,177,194,154,169,169,200,216,239,274,274,274,286,314,314,388,388,405,423,423,79,129,129,160,160,160,180,200,200,211,40,40,117,117,130,54,54,54,73,73,73,73,73,73,73,106,124,143,143,143,143],"floor_reached":50,"playtime":3830,"items_purged":[],"score":1166,"play_id":"bd486f4e-79d3-4f92-8ccc-cda123eb9cdb","local_time":"20210105160611","is_ascension_mode":true,"campfire_choices":[{"data":"Bludgeon","floor":6,"key":"SMITH"},{"floor":11,"key":"REST"},{"floor":15,"key":"REST"},{"floor":23,"key":"DIG"},{"floor":25,"key":"DIG"},{"floor":29,"key":"DIG"},{"floor":32,"key":"REST"},{"floor":40,"key":"DIG"},{"floor":42,"key":"DIG"},{"floor":44,"key":"DIG"},{"floor":49,"key":"REST"}],"circlet_count":0,"master_deck":["AscendersBane","Bash","Bludgeon+1","Fiend Fire","Dual Wield","Feed","Shrug It Off","Shockwave","Iron Wave","Offering","Dropkick","Burning Pact","Shockwave","Flex+1","Whirlwind+1","Disarm+1","Ghostly Armor","Dual Wield+1","Madness","Madness","Armaments"],"relics":["Pandora\u0027s Box","Potion Belt","Nunchaku","Akabeko","Shovel","Busted Crown","Enchiridion","Lee\u0027s Waffle","Dream Catcher","Toy Ornithopter","Lizard Tail","Frozen Egg 2","Sundial","Medical Kit","Astrolabe","Champion Belt","Ancient Tea Set","Pen Nib","Girya"],"acts_visited":["Exordium","TheCity","TheBeyond"],"potions_floor_usage":[16,18,24,24,39,45,48,50],"damage_taken":[{"damage":0,"enemies":"Small Slimes","floor":1,"turns":4},{"damage":0,"enemies":"Cultist","floor":3,"turns":3},{"damage":18,"enemies":"Jaw Worm","floor":5,"turns":5},{"damage":14,"enemies":"3 Sentries","floor":7,"turns":5},{"damage":17,"enemies":"Exordium Thugs","floor":8,"turns":4},{"damage":12,"enemies":"Gremlin Nob","floor":10,"turns":3},{"damage":14,"enemies":"Red Slaver","floor":13,"turns":3},{"damage":15,"enemies":"3 Sentries","floor":14,"turns":5},{"damage":30,"enemies":"The Guardian","floor":16,"turns":8},{"damage":0,"enemies":"Chosen","floor":18,"turns":2},{"damage":14,"enemies":"Shell Parasite","floor":19,"turns":2},{"damage":22,"enemies":"Gremlin Leader","floor":24,"turns":3},{"damage":28,"enemies":"Sentry and Sphere","floor":27,"turns":4},{"damage":6,"enemies":"Snake Plant","floor":28,"turns":2},{"damage":8,"enemies":"Centurion and Healer","floor":30,"turns":3},{"damage":41,"enemies":"Champ","floor":33,"turns":6},{"damage":6,"enemies":"Orb Walker","floor":35,"turns":2},{"damage":9,"enemies":"3 Darklings","floor":39,"turns":2},{"damage":37,"enemies":"Nemesis","floor":46,"turns":3},{"damage":124,"enemies":"4 Shapes","floor":47,"turns":12},{"damage":22,"enemies":"Transient","floor":48,"turns":6},{"damage":60,"enemies":"Donu and Deca","floor":50,"turns":9}],"seed_played":"-2785913894921697584","potions_obtained":[{"floor":4,"key":"CultistPotion"},{"floor":4,"key":"SpeedPotion"},{"floor":8,"key":"PowerPotion"},{"floor":10,"key":"DistilledChaos"},{"floor":13,"key":"Energy Potion"},{"floor":14,"key":"Energy Potion"},{"floor":16,"key":"BlessingOfTheForge"},{"floor":19,"key":"ColorlessPotion"},{"floor":27,"key":"Swift Potion"},{"floor":35,"key":"Energy Potion"},{"floor":39,"key":"SkillPotion"},{"floor":45,"key":"Fruit Juice"},{"floor":45,"key":"CultistPotion"},{"floor":48,"key":"BlessingOfTheForge"}],"is_trial":false,"path_per_floor":["M","?","M","?","M","R","E","M","T","E","R","?","M","E","R","B",null,"M","M","?","$","?","R","E","R","T","M","M","R","M","$","R","B",null,"M","$","?","$","M","R","?","R","T","R","?","E","M","M","R","B"],"character_chosen":"IRONCLAD","items_purchased":["BloodPotion","Lee\u0027s Waffle","Burning Pact","Swift Potion","Medical Kit","Ghostly Armor"],"campfire_rested":4,"item_purchase_floors":[21,21,21,21,31,36],"current_hp_per_floor":[74,74,74,74,59,59,48,34,34,25,52,57,43,31,61,34,87,91,80,59,118,118,118,99,99,99,74,68,68,63,63,101,63,113,107,107,107,107,103,103,80,80,80,80,90,53,2,12,53,0,0],"gold":143,"neow_bonus":"BOSS_RELIC","is_daily":false,"chose_seed":false,"campfire_upgraded":1,"win_rate":0.0,"timestamp":1609884371,"path_taken":["M","?","M","?","M","R","E","?","T","E","R","?","M","E","R","BOSS","M","M","?","$","?","R","E","R","T","?","M","R","M","$","R","BOSS","M","$","?","$","?","R","?","R","T","R","?","E","M","?","R","BOSS"],"items_purchased_type":["Potion","Relic","Card","Potion","Relic","Card"],"build_version":"2020-12-22","purchased_purges":0,"victory":false,"max_hp_per_floor":[81,81,81,81,84,84,87,90,90,93,93,98,98,101,101,104,104,108,111,111,118,118,118,121,121,121,124,124,124,127,127,127,130,130,130,130,130,130,130,130,130,130,130,130,135,135,138,138,138,138,138],"relic_stats":{"Lee\u0027s Waffle":59,"counters":[22,96],"Astrolabe":["Flex","Whirlwind","Disarm"],"Pen Nib":[8],"Medical Kit":[19],"Nunchaku":[23],"Dream Catcher":2,"Lizard Tail":69,"Shovel":6,"Busted Crown":28,"Sundial":[34],"Pandora\u0027s Box":["Intimidate","Bludgeon","Fiend Fire","Dual Wield","Feed","Feed","Shrug It Off","Shockwave","Bludgeon"],"Champion Belt":[26],"obtain_stats":[{"Potion Belt":7,"Girya":46,"Lee\u0027s Waffle":21,"Astrolabe":34,"Enchiridion":20,"Pen Nib":44,"Frozen Egg 2":26,"Medical Kit":31,"Ancient Tea Set":42,"Burning Blood":0,"Akabeko":10,"Nunchaku":9,"Dream Catcher":23,"Lizard Tail":25,"Shovel":14,"Busted Crown":17,"Sundial":29,"Pandora\u0027s Box":0,"Champion Belt":40,"Toy Ornithopter":24},{"Potion Belt":4,"Girya":19,"Lee\u0027s Waffle":11,"Astrolabe":16,"Enchiridion":11,"Pen Nib":18,"Frozen Egg 2":12,"Medical Kit":15,"Ancient Tea Set":18,"Burning Blood":0,"Akabeko":6,"Nunchaku":5,"Dream Catcher":11,"Lizard Tail":12,"Shovel":8,"Busted Crown":9,"Sundial":14,"Pandora\u0027s Box":0,"Champion Belt":18,"Toy Ornithopter":12},{"Potion Belt":17,"Girya":69,"Lee\u0027s Waffle":44,"Astrolabe":62,"Enchiridion":44,"Pen Nib":66,"Frozen Egg 2":47,"Medical Kit":56,"Ancient Tea Set":66,"Burning Blood":0,"Akabeko":24,"Nunchaku":21,"Dream Catcher":44,"Lizard Tail":47,"Shovel":32,"Busted Crown":40,"Sundial":53,"Pandora\u0027s Box":0,"Champion Belt":66,"Toy Ornithopter":47}],"Toy Ornithopter":20},"card_choices":[{"not_picked":["True Grit","Flex","Anger"],"picked":"SKIP","floor":1},{"not_picked":["Pummel","Sword Boomerang","Body Slam"],"picked":"SKIP","floor":3},{"not_picked":["Thunderclap","Entrench"],"picked":"Iron Wave","floor":5},{"not_picked":["Exhume","Intimidate"],"picked":"Offering","floor":7},{"not_picked":["Body Slam","Evolve"],"picked":"Dropkick","floor":8},{"not_picked":["Iron Wave","Fiend Fire","Dark Embrace"],"picked":"SKIP","floor":10},{"not_picked":["Flex","Intimidate","Wild Strike"],"picked":"SKIP","floor":13},{"not_picked":["Sword Boomerang","Body Slam","Heavy Blade"],"picked":"SKIP","floor":14},{"not_picked":["Clothesline"],"picked":"SKIP","floor":18},{"not_picked":["Havoc"],"picked":"SKIP","floor":19},{"not_picked":["Iron Wave"],"picked":"SKIP","floor":24},{"not_picked":[],"picked":"Shockwave","floor":27},{"not_picked":["Sever Soul"],"picked":"SKIP","floor":28},{"not_picked":["Cleave"],"picked":"SKIP","floor":30},{"not_picked":["Iron Wave"],"picked":"SKIP","floor":35},{"not_picked":[],"picked":"Dual Wield+1","floor":39},{"not_picked":["Sentinel"],"picked":"SKIP","floor":46},{"not_picked":["Iron Wave"],"picked":"SKIP","floor":47},{"not_picked":["Body Slam"],"picked":"SKIP","floor":48},{"not_picked":[],"picked":"Armaments","floor":49}],"player_experience":1060778,"relics_obtained":[{"floor":7,"key":"Potion Belt"},{"floor":9,"key":"Nunchaku"},{"floor":10,"key":"Akabeko"},{"floor":14,"key":"Shovel"},{"floor":20,"key":"Enchiridion"},{"floor":23,"key":"Dream Catcher"},{"floor":24,"key":"Toy Ornithopter"},{"floor":25,"key":"Lizard Tail"},{"floor":26,"key":"Frozen Egg 2"},{"floor":29,"key":"Sundial"},{"floor":40,"key":"Champion Belt"},{"floor":42,"key":"Ancient Tea Set"},{"floor":44,"key":"Pen Nib"},{"floor":46,"key":"Girya"}],"event_choices":[{"damage_healed":0,"gold_gain":60,"player_choice":"Gained Gold","damage_taken":0,"max_hp_gain":0,"max_hp_loss":0,"event_name":"Golden Wing","floor":2,"gold_loss":0},{"damage_healed":0,"gold_gain":0,"player_choice":"Bought 3 Potions","damage_taken":0,"max_hp_gain":0,"max_hp_loss":0,"event_name":"The Woman in Blue","floor":4,"gold_loss":0},{"damage_healed":0,"gold_gain":0,"player_choice":"Donut","damage_taken":0,"max_hp_gain":5,"max_hp_loss":0,"event_name":"Big Fish","floor":12,"gold_loss":0},{"damage_healed":0,"gold_gain":0,"player_choice":"Obtained Book","damage_taken":21,"max_hp_gain":0,"max_hp_loss":0,"event_name":"Cursed Tome","floor":20,"gold_loss":0},{"damage_healed":0,"gold_gain":50,"player_choice":"Pray","damage_taken":0,"max_hp_gain":0,"max_hp_loss":0,"event_name":"Golden Shrine","floor":22,"gold_loss":0},{"damage_healed":0,"gold_gain":0,"player_choice":"0 cards matched","damage_taken":0,"max_hp_gain":0,"max_hp_loss":0,"event_name":"Match and Keep!","floor":37,"gold_loss":0,"cards_obtained":[]},{"damage_healed":0,"gold_gain":0,"player_choice":"Embrace Madness","damage_taken":23,"max_hp_gain":0,"max_hp_loss":0,"event_name":"Winding Halls","floor":41,"gold_loss":0,"cards_obtained":["Madness","Madness"]},{"damage_healed":0,"gold_gain":0,"player_choice":"Got Potions","damage_taken":0,"max_hp_gain":0,"max_hp_loss":0,"event_name":"Lab","floor":45,"gold_loss":0}],"is_beta":false,"boss_relics":[{"not_picked":["Runic Cube","Runic Dome"],"picked":"Busted Crown"},{"not_picked":["Snecko Eye","Calling Bell"],"picked":"Astrolabe"}],"items_purged_floors":[],"is_endless":false,"potions_floor_spawned":[5,8,10,13,14,16,19,27,35,39,48],"killed_by":"Donu and Deca","ascension_level":20}}